1946 3220
125 830 238 883 108.
275 829 414 894 EM.
436 829 659 880 Terentii
674 829 926 881 Varronis
952 831 1016 880 de
1036 830 1211 896 linqua
1231 828 1421 880 Latina
1448 831 1579 881 libro
1602 830 1646 879 V

37 915 42 918 ’
657 923 661 926 ’
718 912 1046 981 (169-174t

227 1028 378 1079 Multa
424 1029 661 1093 pecuniae
703 1030 918 1092 signatae
957 1025 1188 1077 vocabula
1227 1033 1355 1077 sunt.
1429 1029 1558 1078 aeris
1596 1035 1639 1078 et
1665 1045 1726 1077 169

120 1114 314 1178 argenti
351 1113 497 1163 haec:
538 1127 590 1163 as
627 1112 687 1162 ab
727 1127 855 1162 aere.
931 1111 1209 1177 dupondius
1234 1127 1260 1160 a
1286 1111 1482 1162 duobus
1519 1127 1641 1176 pon-

121 1197 348 1254 deribus,
400 1197 529 1262 quod
579 1211 731 1247 unum
770 1195 963 1262 pondus
1000 1196 1332 1260 assipondium
1370 1195 1638 1246 dicebatur.
1672 1211 1697 1251 5

120 1282 172 1331 id
209 1281 347 1338 ideo,
389 1281 520 1346 quod
559 1296 611 1331 as
650 1287 755 1330 erat
790 1279 915 1330 libra
952 1280 1160 1344 pondus.
1237 1280 1413 1330 deinde
1452 1280 1512 1330 ab
1551 1296 1642 1330 nu·

122 1381 261 1416 mero
298 1364 543 1431 reliquum
583 1365 762 1415 dictum
803 1379 958 1429 usque
994 1365 1052 1414 ad
1092 1365 1346 1420 centussis,
1386 1371 1441 1414 ut
1467 1381 1518 1414 as
1545 1365 1642 1414 sin·

123 1449 283 1514 gulari
319 1464 553 1508 numere,
594 1449 654 1498 ab
694 1448 850 1498 tribus
887 1449 1078 1498 assibus
1115 1450 1296 1506 tressiS,
1337 1455 1385 1498 et
1421 1451 1490 1499 sic
1528 1464 1642 1512 pro·

121 1535 350 1600 portione
388 1548 541 1599 usque
579 1533 638 1582 ad
679 1534 920 1582 nonussis.
995 1534 1043 1582 in
1083 1533 1283 1582 denario
1314 1548 1522 1582 numero
1550 1533 1644 1582 hoc
1668 1547 1730 1579 170

36 1674 44 1683 ,
123 1624 302 1676 mutat,
343 1619 474 1682 quod
510 1618 724 1682 primum
763 1624 835 1667 est
873 1617 932 1667 ab
973 1617 1144 1667 decem
1182 1616 1370 1667 assibus
1408 1617 1641 1674 decussiS,
1677 1614 1756 1659 10'

122 1702 396 1753 secundum
452 1702 512 1752 ab
569 1701 761 1752 duobus
810 1702 1098 1752 decussibus
1145 1701 1365 1752 bicessis,
1455 1702 1645 1766 reliqua

122 1787 434 1844 conveniunt,
475 1786 605 1851 quod
645 1792 731 1842 est,
772 1792 827 1835 ut
863 1788 1094 1844 tricessiS‚
1133 1788 1453 1852 proportione
1490 1802 1647 1851 usque

0 1899 1 1902 =
37 1875 48 1918 f
121 1871 185 1920 ad
235 1872 496 1927 centussiS‚
552 1886 648 1935 quo
694 1871 851 1920 maius
898 1871 1025 1920 aeris
1062 1871 1317 1935 proprium
1355 1869 1644 1919 vocabulum

0 1939 54 2005 ,
125 1970 224 2004 non
271 1961 358 2006 est.
434 1971 545 2005 nam
595 1956 793 2005 ducenti
841 1962 888 2005 et
935 1957 1004 2004 sic
1051 1955 1367 2019 proportione
1411 1969 1537 2018 quae
1576 1955 1646 2003 di-

124 2046 330 2097 cuntur,
383 2055 481 2089 non
530 2042 685 2104 magis
724 2054 856 2090 asses
894 2054 1038 2103 quam
1078 2039 1266 2088 denarii
1304 2038 1483 2089 aliaeve
1522 2054 1644 2104 qnae
1677 2039 1732 2079 15

126 2139 208 2175 res
247 2125 596 2189 significantur.

237 2266 280 2306 4.
321 2262 364 2319 a]
405 2266 462 2306 ab
503 2266 583 2306 Pri
724 2267 764 2306 6.
804 2265 952 2319 pondo
994 2265 1239 2306 Mommsen.
1273 2264 1420 2307 Ges-elz.
1453 2265 1494 2305 d.
1528 2264 1646 2306 Ro'm.

39 2324 43 2326 l
126 2336 309 2377 Miinzw.
339 2349 383 2388 p.
417 2338 503 2376 193
534 2338 632 2377 adn.
668 2339 721 2377 75
892 2337 930 2376 7.
973 2335 1194 2388 reliquum
1239 2334 1408 2374 dictum
1447 2346 1525 2375 om.
1569 2334 1648 2373 Pri

213 2409 472 2447 centussem
503 2407 585 2447 Pri
676 2410 728 2447 ut
759 2417 810 2446 as
842 2405 1062 2459 singulari
1093 2417 1277 2445 numero
1309 2416 1384 2444 om.
1418 2404 1498 2444 Pri
1527 2403 1647 2456 (pro-

124 2475 199 2516 bat
228 2475 316 2529 Spe
344 2490 389 2529 p.
425 2476 504 2528 13)
621 2490 648 2518 a
680 2482 777 2517 ante
811 2476 1035 2530 singulari
1066 2476 1166 2518 add.
1198 2475 1240 2515 N
1364 2476 1429 2515 10.
1464 2473 1645 2515 decusis

0 2551 3 2568 ¹
44 2572 53 2593 ᾖ-
127 2546 172 2586 Ν
286 2548 351 2590 11.
385 2547 626 2588 decusibus
658 2548 700 2587 N
813 2546 985 2587 bicesis
1006 2546 1062 2597 Ν,
1093 2544 1286 2585 vicessis
1317 2545 1398 2584 Pri
1451 2550 1550 2597 post
1580 2544 1646 2585 bi-

127 2616 274 2657 cessis
293 2616 396 2656 FN
422 2618 523 2660 add.
557 2617 675 2671 quod
706 2617 799 2658 dici
828 2616 974 2658 solum
1008 2615 1209 2667 (solitum
1247 2613 1447 2666 Turneb.)
1481 2626 1508 2654 a
1539 2615 1647 2656 duo·

49 2677 56 2684 '
126 2685 214 2726 bus
244 2686 513 2728 decuesibus
543 2687 640 2739 (om.
664 2687 723 2741 N)
755 2686 958 2728 binensis
992 2685 1204 2737 (bicessis
1234 2686 1300 2725 vel
1328 2684 1526 2739 bigessis
1556 2686 1645 2736 alii)

51 2783 58 2791 1
130 2757 198 2796 12.
232 2756 446 2799 tricensis
469 2758 514 2798 N
626 2760 691 2800 13.
719 2763 820 2810 post
851 2756 1076 2797 centussis
1105 2756 1273 2797 codices
1302 2756 1517 2796 Prisciani
1543 2757 1644 2797 add.

49 2870 54 2880 ¹
130 2826 249 2878 quod
281 2831 326 2867 et
354 2827 539 2868 Persius
579 2827 800 2878 ostendit,
850 2828 910 2867 Et
949 2830 1131 2867 centum
1171 2824 1373 2867 Graecos
1412 2839 1503 2868 uno
1543 2839 1647 2867 cen—

55 2919 57 2921 ·
129 2898 257 2937 tusse
287 2896 474 2950 licetur,
507 2911 614 2952 quae
646 2910 726 2938 non
755 2898 930 2950 scripsit
959 2898 1049 2949 ipse
1079 2897 1326 2938 Priscianus
1357 2894 1464 2950 (Spe
1491 2911 1536 2950 p.
1570 2897 1646 2950 13)

50 2959 55 2967 ¹
247 2964 350 3020 quo]
385 2967 502 3020 quod
530 2968 574 3007 N
696 2969 759 3007 15.
791 2966 972 3007 aliaeve
1006 2963 1143 3020 quae]
1179 2966 1390 3020 aliaeque
1422 2967 1501 3007 Pri

191 3047 367 3077 sempr.
401 3049 601 3078 niz-raon.
636 3049 688 3078 11.
1360 3034 1396 3086 4
