1946 3220
33 0 170 119 ff„
197 0 217 2 ,,
261 0 271 9 ,

141 137 242 206 [57]
570 155 724 191 GAv1s
761 155 830 190 Ao
866 154 1220 191 Pounmussus.
1561 139 1667 192 229

212 261 290 314 12.
329 263 405 316 Τὸ
432 250 738 329 κοχλιάριον
764 264 1020 330 δηνάριον
1040 264 1158 329 ἤτοι
1183 264 1395 326 ςτάγιον
1418 266 1478 319 ἓν
1500 263 1663 330 ἥμιςυ.

212 346 290 399 13.
329 347 404 400 Τὸ
425 347 609 413 μικρὸν
631 347 860 413 μύςτρον
882 350 967 401 καὶ
985 348 1048 402 τὸ
1059 347 1235 403 ςίκλον
1255 348 1531 416 κοχλιάρια
1549 349 1664 403 δύο.

211 430 290 483 14.
330 431 390 485 ‘O
415 431 613 485 κύαθος
638 432 792 497 μικρὰ
817 431 1015 498 μύςτρα
1041 434 1277 498 τέςςαρα.

210 516 289 569 15.
328 516 403 569 Τὸ
442 515 721 582 ὀξύβαφον
756 517 839 570 καὶ
881 517 944 570 τὸ
988 517 1120 582 μέγα
1162 517 1390 582 μύςτρον
1434 518 1664 572 κυάθους

134 603 286 666 τρεῖς.
1322 654 1331 664 ,
1693 620 1722 658 5

208 684 286 736 16.
326 685 383 737 Ἡ
411 684 606 751 κοτύλη
634 685 717 738 καὶ
745 685 807 738 τὸ
835 686 1084 752 τρυβλίον
1117 685 1363 751 ὀξύβαφα
1389 685 1502 738 δύο.

209 768 287 821 17.
326 769 386 821 ‘O
413 769 591 834 ξέςτης
615 769 846 822 κοτύλας
871 770 983 823 δύο.

207 851 287 905 18.
325 853 385 906 Ὁ
413 856 546 918 χοῦς
576 853 756 909 ξέςτας
782 854 850 909 ἕξ.

203 935 284 999 19.
325 938 401 990 Τὸ
430 938 681 992 Ἰταλικὸν
707 938 958 1003 κεράμιον
984 938 1119 1004 χόας
1146 937 1303 991 ὀκτώ.

202 1020 284 1073 20.
324 1022 429 1075 Δεῖ
451 1023 727 1085 γινώςκειν
755 1023 830 1076 ὡς
856 1022 906 1075 οἱ
925 1023 1156 1077 ἐνταῦθα
1173 1023 1662 1088 καταγεγραμμένοι
1694 1039 1748 1079 10

133 1107 347 1170 ςταΘμοὶ
380 1107 466 1160 ἐπὶ
500 1110 610 1161 τῶν
645 1107 828 1172 ὑγρῶν
864 1108 1100 1172 μέτρων,
1137 1107 1223 1159 ἐπὶ
1256 1110 1354 1160 τοῦ
1393 1106 1548 1161 οἴνου
1578 1108 1663 1161 καὶ

131 1194 228 1244 τοῦ
263 1190 460 1245 ὕδατος
494 1192 856 1257 ςυνετέθηςαν.
906 1191 992 1244 ἐπὶ
1028 1193 1086 1245 δὲ
1122 1190 1304 1244 ἐλαίου
1337 1192 1421 1243 καὶ
1453 1191 1662 1256 μέλιτος

131 1275 531 1339 ἀναλογίζεςθαῑ
561 1277 661 1341 χρὴ
702 1275 923 1330 ἕκαςτον
960 1277 1188 1341 ςταθμὸν
1219 1275 1305 1329 ἐπὶ
1336 1278 1447 1329 τῶν
1475 1275 1660 1340 ὑγρῶν
1684 1287 1744 1319 761

130 1361 340 1425 μέτρων
372 1362 494 1413 κατ’
525 1359 817 1423 ἀναλογίαν
851 1364 946 1424 τῆς
979 1364 1077 1414 τοῦ
1107 1360 1306 1426 βάρους
1343 1359 1562 1412 ἑκάςτου
1589 1359 1660 1412 εἴ-

130 1448 260 1499 δους
291 1440 555 1511 διαῖρορᾶς
578 1445 711 1499 κατὰ
741 1446 839 1510 τὴν
866 1445 1089 1497 ἔκπαλαι
1113 1445 1411 1509 γενομένην
1437 1444 1660 1496 ἀποπει-
1693 1460 1747 1499 15

130 1530 248 1595 ρίαν
288 1530 371 1583 καὶ
405 1529 708 1595 δοκιμαςίαν
734 1531 832 1582 τοῦ
862 1528 1059 1595 βάρους
1089 1528 1308 1581 ἑκάςτου
1343 1527 1521 1580 εἴδους
1547 1531 1658 1581 τῶν

128 1613 326 1679 ὑγρῶν.

203 1696 287 1749 21.
326 1698 467 1763 Ἔχει
492 1699 551 1751 δὲ
577 1698 746 1751 οὕτω·
773 1698 837 1750 τὸ
864 1697 1012 1762 ὕδωρ
1036 1699 1121 1751 καὶ
1148 1698 1178 1751 ὁ
1207 1696 1359 1750 οἶνος
1383 1696 1664 1761 ἰςόςταθμα

134 1782 449 1843 λογίζονται.
495 1782 666 1845 ἤγουν
697 1781 845 1847 λίτρα
878 1785 974 1834 τοῦ
1011 1782 1193 1834 ἐλαίου
1221 1782 1316 1834 ἐὰν
1344 1779 1415 1832 εἰς
1441 1779 1661 1842 ἀγγεῖον

130 1867 339 1934 εἰςαχθῇ
367 1866 452 1918 καὶ
476 1866 728 1935 πληρώςῃ
747 1869 927 1929 τοῦτο,
957 1864 1072 1918 εἶτα
1097 1865 1168 1918 εἰς
1187 1866 1251 1918 τὸ
1278 1865 1410 1916 αὐτὸ
1439 1863 1658 1927 ἀγγεῖον
1689 1880 1746 1922 20

131 1950 341 2020 εἰςαχθῇ
369 1949 518 2014 ὕδωρ
542 1951 575 2014 ἣ
602 1949 771 2014 οἶνος,
795 1950 966 2003 πλέον
993 1953 1084 2014 τῆς
1111 1949 1291 2015 λίτρας
1316 1950 1401 2001 καὶ
1426 1949 1580 2014 ἕτερα
1604 1949 1659 2003 ἓξ

130 2035 312 2097 ςτάγια
338 2033 696 2099 εὑρεθήςεται,
724 2035 809 2087 διὰ
834 2034 897 2086 τὸ
924 2034 1078 2099 φύςει
1104 2032 1241 2088 εἶναι
1265 2034 1350 2086 καὶ
1373 2034 1470 2086 τὸν
1503 2031 1659 2086 οἶνον

128 2119 213 2171 καὶ
236 2118 298 2171 τὸ
326 2117 474 2184 ὕδωρ
501 2118 795 2184 βαρύτερον
821 2121 920 2171 τοῦ
950 2118 1145 2171 ἐλαίου.
1185 2117 1229 2171 εἰ
1252 2119 1312 2170 δὲ
1341 2117 1414 2170 εἰς
1437 2117 1501 2170 τὸ
1527 2116 1659 2169 αὐτὸ

129 2202 358 2271 ἐμβληθῇ
393 2203 534 2266 μέλι,
575 2203 745 2256 πλέον
784 2202 945 2256 πάλιν
982 2205 1092 2256 τῶν
1125 2202 1489 2267 ἑβδομήκοντα
1517 2201 1657 2253 ὀκτὼ

131 2285 359 2348 ςταγίων
394 2287 477 2338 καὶ
514 2286 668 2352 ἕτερα
698 2286 881 2349 ςτάγια
912 2287 1041 2340 δέκα
1073 2287 1234 2340 πέντε
1263 2285 1415 2350 ἥμιςυ
1442 2282 1658 2348 εὑρεθή-
1689 2300 1745 2340 25

131 2384 325 2422 ςονται.
376 2370 546 2433 ἤγουν
573 2372 636 2422 τὸ
665 2370 795 2423 αὐτὸ
831 2371 1075 2436 ἀγγεῖον,
1104 2370 1239 2434 ὅπερ
1278 2369 1440 2434 χωρὶς
1476 2366 1661 2420 ἐλαίου

132 2452 314 2517 λίτραν
345 2452 536 2517 ἐχώρει
564 2453 682 2517 ἤτοι
708 2454 889 2516 ςτάγια
917 2455 1280 2519 ἑβδομήκοντα
1306 2451 1432 2515 δύο,
1463 2450 1661 2504 ὕδατος

131 2538 224 2601 μὲν
252 2537 335 2589 καὶ
362 2535 517 2590 οἴνου
542 2536 905 2603 ἑβδομήκοντα
935 2538 1076 2590 ὀκτὼ
1101 2537 1284 2606 ςτάγια
1309 2535 1527 2589 πάντως
1553 2551 1661 2600 χω-

133 2620 298 2684 ρήςει,
326 2620 536 2684 μέλιτος
562 2622 621 2674 δὲ
642 2620 823 2683 ςτάγια
840 2618 981 2685 ςγέ.
1017 2622 1105 2674 καὶ
1130 2623 1210 2674 δεῖ
1241 2620 1327 2673 διὰ
1350 2622 1513 2673 τοῦτο
1539 2620 1664 2672 κατ’

0 1781 33 2165 κ’φμινεμῆὀῆᾖμέἥῆ
4 1663 23 1758 :⁴⁹⁶
8 1628 13 1642 .,
10 1579 26 1601 ,θ
8 1523 33 1565 4⁴..
8 1500 16 1507 ι
11 1454 22 1472 „
10 1343 27 1430 &⁴³0³
15 1302 26 1330 v·
12 1231 25 1263 ὦ.
12 1187 26 1215 <A
14 1011 35 1072 ,1ῌί
22 921 29 975 Δ

0 2215 24 2335 cmm
0 2172 18 2210 a:

249 2806 285 2845 1.
318 2802 370 2845 ἓν
399 2804 538 2858 vulgo
569 2817 656 2846 om.
690 2805 751 2857 (v.
782 2804 896 2857 prol.
928 2805 952 2854 §
984 2806 1051 2845 59.
1085 2803 1158 2857 79)
1276 2806 1343 2846 10.
1373 2802 1579 2846 ἐνταῦτα
1602 2803 1660 2844 Clz

134 2874 199 2915 12.
233 2871 434 2927 μέλιτος]
468 2873 638 2916 ὕδατος
669 2874 807 2927 vulgo
895 2875 964 2918 27.
995 2872 1161 2926 ἐχώρει
1190 2887 1275 2916 om.
1299 2875 1500 2928 Nz’capp.
1588 2874 1659 2915 29.

134 2935 206 2993 (η’
226 2940 275 2996 5]
310 2940 451 2986 εἴκοςι
480 2941 616 2986 ἐννέα
644 2943 782 2996 vulgo
817 2941 879 2995 (v.
910 2944 1024 2997 prol.
1059 2943 1089 2998 3
1122 2943 1176 2986 59
1208 2944 1309 2988 adn.
1341 2943 1387 2997 3)
