1946 3220
286 118 388 170 166
822 133 1208 169 PROLEGOMENA
1233 135 1288 168 m
1857 0 1930 167 Ξ

285 263 400 308 quae
426 248 535 294 mihi
565 248 809 321 scripsisse
824 246 1027 292 videatur
1046 245 1312 306 Hesychius.
1355 246 1592 292 Piimum
1581 262 1625 292 m
1648 246 1806 308 glossa

285 313 503 379 ἀεάριον
541 324 728 377 apparet
764 328 796 370 ς
842 314 952 365 τῶν
990 309 1272 364 ταλάντων
1312 324 1579 378 corruptum
1616 332 1715 364 esse
1754 331 1808 363 ex

284 401 331 453 ς
346 383 651 435 ’ταλάντου
681 388 722 432 h.
753 400 789 433 e
819 381 1282 446 ἑξακιεχιλιοετόν,
1322 387 1445 448 quod
1479 395 1602 433 recte
1637 388 1809 434 iamdu-

284 460 387 504 dum
408 458 579 502 viderat
603 457 802 517 Scaliger
818 452 862 518 ¹.)
903 459 1051 517 Atque
1074 455 1189 502 idem
1209 457 1378 517 legitur
1398 458 1517 518 apud
1536 458 1809 518 Hesychium

284 529 367 574 sub
395 540 502 573 voce
527 521 820 587 κοδράντης
846 534 891 572 et
917 528 963 572 in
992 527 1248 586 fragmento
1274 528 1574 574 Bernardiano
1600 528 1718 587 (100,
1748 527 1823 586 1).-

283 625 393 670 'l'um
423 625 469 670 in
494 626 548 670 iis
580 639 695 686 quae
725 626 771 670 in
798 625 951 671 codice
990 631 1268 685 sequuntur:
1307 619 1338 671 ὅ
1366 621 1470 672 ἐετι
1497 622 1555 674 ἓν
1581 621 1731 685 ἥμῑευ
1760 593 1807 686 ἰ,

282 709 366 755 pro
400 689 550 754 ἥμῑευ
586 694 694 741 olim
732 697 950 756 scriptum
985 709 1085 740 esse
1119 702 1227 755 puta
1252 699 1282 742 5
1308 695 1374 740 vel
1411 697 1566 756 potius
1593 707 1650 755 ς,
1691 712 1808 758 quae

283 772 418 810 notae
444 779 534 811 non
562 779 664 811 raro
692 767 737 810 in
763 765 993 812 codicibus
1018 766 1138 810 inter
1165 780 1213 810 se
1242 772 1348 811 sunt
1375 766 1606 812 confusae.
1653 768 1806 828 Ipsum

283 843 433 881 autem
460 848 492 889 ς
521 842 628 881 nota
640 835 746 928 osuit
775 836 979 882 vocabuli
1015 830 1228 892 ετάγῑον
1268 836 1362 881 sive
1399 831 1610 893 ἐξάγιον
1639 836 1686 897 (S
1718 838 1810 896 58).

280 933 425 979 Porro
459 940 614 979 notam
642 934 672 982 λ
699 934 956 994 significare
982 929 1147 993 ὁλκήν
1174 934 1452 994 perspicitur
1478 934 1657 981 collatis
1686 937 1811 982 simi-

281 1002 403 1049 libus
439 1004 562 1050 notis
597 1000 626 1049 λ
655 1012 698 1051 et
723 1001 774 1068 <o
806 1004 854 1064 (S
884 1004 998 1064 105).
1061 1004 1321 1064 Legendum
1361 1005 1506 1064 igitur
1540 1000 1571 1052 ὅ
1609 1001 1714 1053 {cn
1748 1002 1807 1054 ἓν

281 1081 493 1144 ἐξάγῑον
530 1084 723 1150 ὁλκήν
764 1089 927 1150 quibus
965 1088 1112 1134 verbis
1150 1089 1418 1148 designatur
1452 1084 1674 1149 νόμιεμα
1715 1092 1809 1136 sive

283 1157 455 1204 solidus
487 1159 886 1207 Constantinianus
903 1194 917 1217 ‚
955 1160 1032 1219 qui
1058 1158 1217 1204 talenti
1243 1159 1387 1204 instar
1411 1161 1457 1204 in
1482 1167 1636 1219 partes
1665 1162 1809 1206 sexies

282 1226 546 1276 millesimas
586 1227 926 1288 dividebatur‘2).
989 1229 1190 1289 Denique
1224 1229 1378 1274 eadem
1413 1231 1590 1275 ratione
1626 1245 1650 1276 e
1686 1231 1810 1277 notis

281 1291 378 1364 ονῗν
404 1306 452 1372 γ’
490 1315 694 1361 elicimus
747 1315 979 1373 antIquam
1031 1314 1307 1373 scripturam
1358 1308 1675 1373 νομίεματοε
1714 1306 1809 1379 5⁰,

278 1385 323 1430 h.
350 1399 389 1432 e.
415 1380 807 1446 τριεχιλιοετόν.

385 1482 543 1529 Altero
570 1483 673 1529 loco
700 1476 927 1539 λεπτόν
954 1481 1180 1559 siquidem
1207 1482 1271 1527 sic
1298 1494 1399 1526 vere
1427 1483 1474 1527 in
1507 1481 1660 1528 codice
1691 1481 1809 1542 legi-

282 1561 385 1611 tur,
429 1560 696 1614 corruptum
731 1559 800 1598 est
827 1566 851 1598 e
877 1544 1118 1612 λεπτὰβ’
1145 1553 1236 1597 sive
1273 1546 1386 1598 δύο.
1446 1552 1669 1598 Auctores
1703 1558 1811 1598 sunt

282 1630 329 1669 et
367 1623 619 1684 Hesychius
662 1622 747 1668 sub
782 1617 1000 1681 ἀεάριον
1036 1623 1246 1682 idemque
1283 1623 1329 1667 in
1366 1622 1506 1668 altera
1540 1622 1694 1682 glossa
1720 1633 1811 1670 κο-

281 1689 529 1754 δράντηε
561 1707 676 1754 quae
703 1685 914 1754 sequitur
938 1706 1092 1738 vocem
1117 1687 1359 1751 κοδομία,
1389 1700 1434 1737 et
1461 1693 1661 1753 scriptor
1687 1693 1813 1753 frag-

282 1767 424 1809 menti
458 1764 762 1810 Bernardiani.
819 1764 932 1808 Tum
968 1757 1147 1810 κόκκοι
1183 1759 1349 1821 τρεῖς,
1396 1763 1483 1809 etsi
1528 1763 1647 1808 idem
1691 1763 1811 1823 apud

280 1835 556 1880 Bernardum
582 1833 780 1895 legitur,
813 1833 1003 1879 tolerari
1031 1847 1121 1878 non
1148 1840 1328 1895 potest:
1377 1833 1534 1892 quales
1567 1835 1686 1878 enim
1713 1833 1811 1878 fue-

281 1906 376 1950 rint
398 1899 576 1951 κόκκοι
602 1906 695 1949 sive
723 1918 892 1964 grana,
927 1917 1122 1964 quorum
1148 1909 1241 1949 tres
1271 1902 1405 1949 solidi
1433 1903 1612 1963 pondus
1647 1917 1812 1964 aequa-

280 1974 458 2020 verint?
509 1975 647 2020 Immo
686 1970 865 2022 κόκκοι
898 1965 1167 2034 corruptum
1206 1987 1306 2019 esse
1342 1973 1520 2018 videtur
1555 1987 1578 2018 6
1607 1985 1698 2030 κο,
1727 1984 1810 2030 κο,

281 2045 326 2090 h.
353 2057 392 2089 6.
423 2039 735 2103 κοδράνταῑς
768 2059 858 2105 quo
886 2057 1104 2090 concesso
1135 2057 1219 2103 pro
1247 2036 1502 2102 Tpe‘ic'non
1528 2043 1713 2088 dubium
1743 2050 1814 2088 est

204 2154 210 2159 ,
283 2115 392 2174 quin
427 2115 653 2160 scribatur
687 2126 735 2180 γ
773 2117 866 2161 sive
901 2116 989 2160 tria
1029 2114 1153 2158 milia
1174 2110 1224 2172 ³).
1288 2113 1485 2173 Denique
1522 2108 1811 2172 νομίεματα

281 2179 399 2244 τρία
425 2186 658 2246 corrigere
697 2185 782 2230 sibi
819 2186 902 2231 visi
938 2190 1046 2230 sunt
1073 2182 1275 2244 Scaliger
1301 2190 1346 2229 et
1375 2183 1619 2231 Salmasius
1645 2195 1809 2242 νουμ-

398 2405 444 2460 1)
476 2407 547 2446 De
579 2419 626 2447 re
658 2418 826 2449 numm.
860 2421 903 2460 p.
936 2408 1006 2449 60.

393 2463 436 2514 2)
477 2463 577 2503 Non
615 2475 801 2516 possum
839 2463 927 2504 hoc
959 2465 1061 2505 1060
1093 2461 1300 2503 omnibus
1334 2460 1615 2513 argumentis
1649 2459 1808 2501 allatis

284 2516 597 2559 demonstrare
629 2519 821 2560 solidum
842 2520 1275 2561 Constantinianum
1305 2516 1481 2557 talento
1514 2518 1808 2556 aestimatum

286 2585 411 2624 esse,
445 2587 560 2626 quae
592 2588 665 2615 res
699 2577 921 2617 aceriime
954 2577 1217 2629 disceptata
1249 2577 1318 2614 est
1347 2574 1468 2613 inter
1487 2573 1730 2613 Petavium
1765 2575 1811 2612 et

287 2627 562 2669 Salmasium
592 2631 732 2682 (conf.
764 2633 884 2673 hunc
914 2634 963 2673 in
995 2633 1127 2674 Conf.
1158 2645 1201 2683 p.
1235 2631 1290 2670 94
1319 2642 1380 2680 s.‚
1412 2629 1515 2671 Res.
1547 2642 1590 2682 p.
1625 2630 1676 2669 31
1712 2627 1809 2679 ss.).

285 2684 452 2724 Verum
490 2686 579 2737 ipsi
626 2688 849 2738 Hesychii
890 2695 935 2730 et
975 2688 1209 2742 scriptoris
1248 2685 1554 2726 Bernardiani
1591 2683 1684 2725 loci
1723 2684 1809 2724 hoc

287 2739 399 2779 satis
433 2740 720 2794 confirmant,
755 2746 916 2795 quibus
939 2746 1082 2786 facile
1107 2744 1221 2784 alios
1245 2745 1455 2782 auctores
1480 2740 1647 2781 addere
1679 2740 1807 2780 licet.

399 2809 442 2860 3)
474 2810 620 2862 Finge
650 2811 770 2852 hanc
802 2816 1073 2867 scripturam
1106 2810 1295 2854 ΚοΚοΙΓ
1327 2811 1435 2852 olim
1467 2811 1513 2850 in
1547 2810 1699 2863 aliquo
1733 2822 1807 2850 co·

288 2864 390 2904 (lice
422 2866 655 2907 inventam
689 2880 788 2907 esse
820 2869 918 2918 (ubi
948 2871 1120 2912 lineola
1143 2872 1248 2910 ante
1274 2866 1300 2908 Γ
1323 2866 1604 2920 significavit
1634 2865 1804 2917 milia):

287 2920 416 2962 vides
449 2934 582 2974 quam
615 2922 754 2963 facile
787 2925 890 2965 inde
924 2925 1083 2967 κόκκοι
1114 2927 1239 2977 τρεῖς
1271 2925 1381 2964 oriri
1409 2923 1626 2976 potuerit.
