1946 3220
289 149 356 201 10
797 157 1208 199 PROLEGOMENA'
1230 165 1286 198 IN

282 288 416 328 cutus
444 283 519 326 sit.
579 280 642 323 Ac
667 291 768 323 cum
794 276 1005 322 rediisset
1031 277 1075 322 in
1101 278 1299 336 ltaliam,
1336 280 1487 323 statim
1524 279 1578 324 ad
1603 280 1801 326 studium

286 351 531 412 paullisper
567 348 876 392 intermissum
912 360 1123 392 reversus
1160 355 1244 394 est.
1321 350 1380 392 Et
1417 349 1592 405 multa,
1631 351 1798 410 inquit,

286 422 412 466 velut
442 423 625 475 scripta
661 417 794 474 foliis
823 425 868 463 et
895 431 1069 475 sparsa
1103 421 1228 464 artis
1257 419 1428 463 ordini
1451 421 1695 464 inlaturus
1723 434 1801 465 re-

287 492 471 550 colleqi.
532 487 728 545 foedum
756 492 881 534 enim
906 489 1025 532 milti
1048 490 1328 546 videbatur,
1365 495 1411 535 si
1437 503 1621 549 yenera
1649 504 1803 550 anqu-

286 563 438 605 loram
466 567 579 618 quot
602 563 699 603 sint
725 563 1054 617 interroqatus
1080 560 1425 618 responderem
1453 560 1629 606 Multa:
1666 555 1802 605 ideo*-

283 643 376 690 que
414 643 575 674 rerum
610 628 676 672 ad
706 629 1055 687 professionem
1091 637 1306 675 nostram
1337 635 1712 688 pertinentium,
1749 634 1802 676 in

284 708 511 760 quantum
534 705 678 758 potue·
704 706 999 757 occupatus,
1028 706 1238 757 species,
1267 701 1554 759 qualitates,
1582 701 1802 747 condici—

285 784 415 829 ones,
443 772 606 816 modos
632 777 675 815 et
701 783 926 814 numeros
954 776 1161 817 emcussi.
1221 771 1299 816 His
1337 770 1549 830 perlectis
1577 773 1677 831 quis
1703 777 1803 817 tan·

286 843 386 887 dem
423 841 641 900 ambigat,
693 855 825 900 quam
863 847 1002 885 artem
1037 842 1297 887 tractaverit
1332 841 1495 886 Balbus
1533 841 1802 901 qualemque

285 902 827 970 librum‘composuerit?
873 911 990 956 Haec
1026 911 1111 956 nisi
1148 911 1397 972 geometria
1433 911 1643 968 dicenda,
1680 910 1803 957 nulla

284 982 470 1027 omnino
508 988 590 1026 est.
642 984 704 1026 Ac
741 995 829 1041 quo
867 983 1122 1027 accuratius
1148 982 1190 1027 id
1228 981 1516 1038 definiamus,
1555 981 1594 1025 ei
1625 995 1803 1041 geome-

286 1054 402 1097 triae
436 1053 591 1109 generi
641 1065 824 1110 operam
870 1050 991 1103 dedit
1025 1052 1189 1097 Balbus
1236 1052 1356 1112 quod
1397 1051 1448 1096 ad
1487 1065 1619 1096 usum
1659 1053 1724 1096 rei
1759 1057 1803 1096 et

286 1123 489 1181 agrariae
517 1128 562 1166 et
587 1120 794 1166 militaris
821 1121 1090 1180 pertineret,
1118 1122 1246 1167 cuius
1275 1136 1368 1167 eam
1397 1128 1571 1180 partem
1593 1135 1706 1180 quae
1733 1127 1804 1166 est

286 1192 340 1236 de
367 1193 490 1251 agris
517 1191 754 1236 metiendis
782 1191 1065 1250 geodaesiam
1095 1192 1251 1237 Graeci
1279 1191 1631 1251 appellaverunt.

390 1261 540 1305 Talem
577 1262 718 1319 igitur
754 1263 1047 1319 geometriam
1084 1263 1135 1307 ad
1171 1277 1303 1307 usum
1340 1262 1695 1320 gromaticorum
1732 1274 1784 1305 ac

283 1331 612 1377 commodatam
631 1332 887 1391 composuit
907 1332 1070 1377 Balbus
1088 1347 1276 1392 eamque
1297 1331 1530 1391 inscripsit
1552 1331 1804 1391 Expositio-

284 1415 387 1446 nem
424 1407 469 1447 et
504 1401 724 1447 rationem
763 1401 960 1446 omnium
997 1403 1263 1448 formarum.
1338 1402 1419 1446 Hic
1455 1402 1671 1446 formae
1706 1401 1824 1464 ferew

286 1485 364 1516 eae
390 1471 720 1531 intellegendae
747 1478 854 1516 sunt
880 1486 990 1531 quas
1019 1487 1101 1518 nos
1139 1472 1309 1530 figuras
1347 1473 1647 1532 geometricas
1674 1484 1803 1516 voca·
1853 1519 1858 1524 ,

285 1555 410 1598 mus,
448 1540 612 1600 quibus
641 1543 787 1585 omnis
815 1541 912 1586 eius
939 1541 1202 1601 disciplinae
1237 1541 1564 1588 demonstratio
1599 1542 1804 1586 contine·

286 1618 373 1655 tur.
426 1611 703 1670 Quamquam
729 1625 820 1656 non
848 1618 938 1656 tam
964 1613 1088 1671 ipsas
1111 1611 1282 1671 figuras
1311 1612 1415 1657 stilo
1444 1612 1509 1656 vel
1531 1611 1701 1656 calamo
1729 1611 1804 1656 ad-

287 1680 517 1725 umbratas
545 1679 814 1738 significavit
833 1681 1013 1739 Balbus,
1043 1697 1176 1741 quam
1195 1685 1406 1727 notiones
1434 1695 1586 1727 earum
1614 1681 1668 1726 ab
1696 1695 1805 1726 ocu-

284 1749 434 1795 lorum
470 1750 635 1795 obtutu
670 1751 920 1796 abstractas
955 1754 1187 1812 mentique
1223 1753 1475 1812 peritorum
1502 1750 1802 1808 inhaerentes,

285 1834 340 1865 ne
361 1820 520 1876 multa,
546 1821 644 1879 ipsa
665 1822 941 1879 geometriae
968 1828 1014 1867 et
1039 1822 1256 1882 principia
1285 1829 1331 1867 et
1359 1824 1661 1878 theoremata,
1692 1835 1805 1879 quo·

286 1890 341 1936 ad
368 1891 546 1950 quidem
583 1904 742 1935 eorum
778 1893 964 1936 scientia
1001 1892 1258 1938 necessaria
1292 1900 1414 1938 esset
1441 1892 1495 1937 ad
1522 1891 1803 1950 disciplinam

283 1962 593 2020 gromaticam.
645 1960 815 2016 Quibus
850 1962 1108 2022 praeceptis
1143 1964 1429 2022 geometricis
1468 1961 1634 2007 addidit
1673 1961 1803 2006 aliam

283 2031 615 2077 institutionem
654 2045 767 2089 quae
801 2033 1092 2092 peculiariter
1118 2033 1172 2078 ad
1197 2033 1501 2078 Romanorum
1529 2037 1671 2077 artem
1698 2045 1803 2090 gro·

285 2099 490 2145 maticam
526 2102 804 2159 pertineret,
840 2104 968 2156 cujus
1005 2103 1186 2160 generis
1214 2110 1258 2147 et
1284 2102 1416 2147 initio
1444 2102 1549 2147 libri
1586 2100 1803 2160 quaedam

283 2176 460 2215 servata
488 2176 594 2214 sunt
620 2177 665 2214 et
690 2171 774 2216 alia
801 2179 1009 2232 excerpta
1046 2179 1153 2217 sunt
1179 2188 1201 2218 a
1228 2172 1559 2232 posterioribus
1586 2172 1804 2230 gromati-

281 2235 409 2298 cis⁹).
463 2239 651 2285 Omnino
689 2248 838 2286 autem
875 2242 1112 2287 admodum
1148 2244 1305 2302 exigua
1342 2256 1448 2302 pars
1483 2243 1625 2302 ipsius
1653 2243 1803 2301 operis

282 2390 476 2430 montium
506 2392 748 2431 altitudines
777 2398 821 2431 ut
850 2393 1071 2442 sciremus,
1117 2393 1370 2432 venerabilis
1409 2393 1513 2432 diis
1550 2393 1662 2432 ratio
1692 2405 1804 2432 mon-

282 2446 471 2492 strabac,·
521 2446 599 2486 ubi
632 2447 815 2487 codices
849 2461 948 2487 cum
990 2449 1035 2487 in
1077 2448 1180 2488 aliis
1220 2449 1468 2497 fluctuant,
1521 2452 1613 2487 tum
1647 2449 1692 2487 di
1713 2460 1801 2498 pro

283 2502 365 2540 diis
394 2501 537 2542 habet
565 2503 812 2543 Gudianus.
855 2504 1061 2543 *Minime
1094 2505 1278 2544 dubium
1312 2509 1381 2544 est
1412 2504 1518 2556 quin
1548 2504 1802 2543 venerabilis

282 2558 364 2596 diis
394 2559 506 2597 ratio
539 2558 732 2599 absurde
765 2560 984 2612 scriptum
1016 2562 1096 2609 sit,
1130 2573 1215 2600 nec
1246 2560 1292 2599 id
1315 2561 1435 2612 fugit
1457 2560 1802 2599 Lachmannum

284 2613 366 2651 dea
398 2613 677 2656 suadentem.
736 2619 795 2654 At
823 2616 1074 2656 venerabilis
1105 2618 1306 2668 trianguli
1333 2617 1445 2655 ratio
1477 2616 1663 2667 scripsit
1694 2614 1802 2654 Bal-

285 2667 383 2715 bus,
418 2669 496 2707 ubi
528 2683 626 2709 cum
659 2673 861 2723 trianguli
898 2672 955 2712 ab
988 2671 1141 2724 aliquo
1173 2672 1359 2711 librario
1391 2684 1473 2723 per
1501 2670 1562 2711 Δί
1593 2674 1802 2710 notatum

287 2726 422 2772 esset,
455 2725 559 2765 inde
592 2727 767 2766 factum
801 2732 870 2767 est
899 2729 980 2778 DI,
1016 2728 1131 2779 quod
1162 2728 1356 2781 legimus
1390 2728 1436 2766 in
1468 2726 1701 2778 Gudiano,
1735 2726 1802 2765 id-

284 2790 371 2829 que
404 2792 532 2828 porro
567 2788 826 2834 corruptum
858 2785 903 2822 in
936 2786 1018 2823 diis
1051 2783 1192 2834 (conf.
1227 2783 1392 2823 Philol.
1422 2783 1554 2822 XXII
1585 2794 1625 2834 p.
1661 2782 1750 2835 62).

398 2833 440 2882 9)
473 2834 522 2874 P.
556 2838 631 2886 98,
664 2841 839 2888 3—-14;
872 2853 914 2891 p.
947 2841 1022 2886 99,
1058 2842 1280 2888 14-100,
1313 2840 1359 2888 4;
1392 2853 1434 2891 p.
1469 2839 1568 2884 103,
1605 2841 1800 2882 11—-16,

285 2889 534 2937 Praeterea
564 2891 610 2929 in
643 2893 832 2944 reliquis
855 2896 1205 2946 gromaticorum
1235 2896 1417 2946 scriptis
1439 2894 1612 2933 Balbus
1645 2899 1803 2936 auctor

284 2945 458 2983 citatur
488 2958 529 2996 p.
563 2948 659 2996 225,
695 2950 760 2987 14.
794 2952 890 2999 239,
927 2953 991 2990 15.
1026 2953 1125 2998 245,
1161 2954 1197 2991 1.
1229 2952 1325 3002 249,
1352 2953 1388 2990 1.
1421 2952 1518 3001 402,
1541 2952 1579 2991 S.
1611 2953 1705 3000 403,
1731 2953 1799 2992 28.

1869 99 1885 127 ξ’.

1911 271 1919 282 ,-

1912 432 1933 461 ’Ξμ

1901 470 1926 539 a

1896 536 1934 583 ’.ἕ

1910 585 1929 638 a}
