1946 3220
534 163 852 200 SCRIPTORES
891 164 1147 199 cuncos,
1524 151 1590 202 31

66 278 212 341 βαςιν
228 274 282 337 ¹)·
308 273 390 326 καὶ
417 272 590 326 οὐκέτι
614 272 681 337 ἦν
707 272 940 327 δυνατὸν
971 273 1191 328 ἕκαςτον
1217 274 1499 340 διακρίνειν
1527 277 1593 329 τὰ

61 345 181 398 ἴδια.
234 344 318 396 διὰ
356 347 516 396 τοῦτο
555 343 852 407 ἐπενόηςαν
897 343 948 396 οἱ
987 344 1259 407 Αἰγύπτιοι
1293 344 1451 410 τήνδε
1493 348 1590 411 τὴν

62 415 332 480 μέτρηςιν,
357 415 491 467 ποτε
524 415 619 478 μὲν
648 419 724 482 τῷ
752 415 1065 483 καλουμένῳ
1093 415 1334 484 ςχοινίῳ,
1372 418 1508 469 ποτε
1531 418 1591 469 δὲ

60 484 304 553 καλάμῳ,
332 486 462 537 ποτε
488 486 547 537 δὲ
571 485 656 536 καὶ
681 484 882 549 ἑτέροις
905 485 1126 551 μέτροις.
1170 485 1457 548 ἀναγκαίας
1483 487 1589 539 τοί-

3 598 6 601 Α
60 571 159 610 νυν
185 558 277 616 τῆς
302 555 598 620 μετρήςεως
624 554 783 619 οὔςης
809 555 882 608 εἰς
905 555 1080 610 πάντα
1106 555 1398 621 ἄνθρωπον
1433 559 1589 623 φιλο-

61 628 196 690 μαθῆ
222 627 504 691 περιῆλθεν
531 625 563 690 ἡ
589 625 740 691 χρεία
751 627 801 690 ²).

161 701 324 746 Eadem
350 700 482 746 verba
512 707 558 746 et
583 702 628 746 in
656 700 754 746 aliis
779 700 911 747 libris
936 700 1153 747 Parisinis
1165 696 1198 759 ³)
1227 707 1274 746 et
1299 704 1344 746 in
1361 701 1590 748 Vindobo-

57 765 232 829 nensi4)
260 772 566 831 reperiuntur.
617 770 704 817 Sed
730 771 839 817 haec
866 777 936 818 est
960 771 1188 817 recentior
1213 778 1259 817 et
1284 771 1465 818 brevior
1489 774 1588 818 eius

58 840 147 888 loci
173 841 336 899 forma,
363 842 588 886 vetustior
613 848 763 887 autem
789 842 834 887 in
860 841 938 888 illo
965 841 1119 887 codice
1138 841 1342 887 Parisino
1369 855 1459 887 una
1485 857 1585 888 cum

58 912 204 973 prima
229 925 542 958 mensurarum
572 911 721 958 tabula
746 912 1006 972 appendicis
1036 911 1136 958 loco
1163 918 1271 972 post
1294 913 1587 971 geometriam
1666 963 1669 965 ,

56 982 355 1028 Heronianam
380 982 527 1028 addita
557 989 628 1028 est
654 980 701 1041 (S
732 982 817 1042 15).
872 982 991 1029 Haec
1016 983 1158 1043 igitur
1182 983 1329 1029 forma
1354 983 1400 1028 in
1425 989 1585 1029 nostro

56 1053 413 1112 fragmentorum
444 1059 660 1099 contextu
690 1053 839 1113 primo
879 1053 981 1100 loco
1023 1053 1174 1113 posita
1209 1059 1305 1110 est,
1349 1067 1464 1113 quae
1502 1053 1585 1099 etsi

55 1137 147 1168 non
179 1123 322 1183 ipsam
350 1122 543 1169 Heronis
575 1124 828 1170 orationem
864 1123 1071 1182 exhibet,
1112 1122 1255 1170 multo
1294 1130 1444 1170 tamen
1479 1137 1587 1184 pro-

54 1195 157 1254 pius
184 1207 317 1254 quam
343 1192 420 1239 iila
442 1195 671 1240 recentior
696 1191 751 1240 ad
777 1208 874 1240 eam
902 1194 1117 1241 accedere
1140 1194 1331 1240 videtur.

162 1263 430 1310 Adscribere
473 1265 544 1310 hic
582 1263 732 1324 placet
770 1265 963 1310 similem
996 1263 1148 1310 locum
1184 1278 1236 1310 ex
1266 1263 1582 1324 Etymologico

55 1334 246 1394 Magno,
283 1348 416 1393 quem
450 1349 474 1380 e
506 1334 635 1380 fonte
667 1334 926 1381 Heroniano
957 1334 1208 1381 derivatum
1246 1348 1348 1382 esse
1380 1341 1583 1395 apparet.

53 1403 118 1449 Ibi
144 1418 229 1450 vox
267 1397 458 1453 ἄκαινα
493 1419 607 1465 quae
641 1405 760 1466 apud
795 1405 1087 1466 Apollonium
1115 1400 1379 1465 Rhodium-⁵)
1414 1404 1585 1463 legitur

55 1475 121 1521 sic
147 1475 420 1536 explicatur:
455 1471 645 1524 Νεῖλος
674 1470 705 1524 ὁ
731 1473 842 1524 τῶν
866 1470 1164 1533 Αἰγυπτίων
1188 1469 1429 1534 ποταμὸς
1457 1468 1584 1522 ἀνα-

55 1540 262 1606 βλύζων
291 1541 375 1593 καὶ
405 1541 766 1606 ἀνερχόμενος
794 1542 881 1594 διὰ
915 1544 1011 1594 τοῦ
1038 1541 1229 1606 θέρους
1253 1540 1318 1592 τὰ
1346 1538 1466 1605 ὅρια
1491 1544 1585 1604 τῆς

52 1614 162 1665 τῶν
204 1610 500 1674 Αἰγυπτίων
540 1614 637 1676 γῆς
673 1616 734 1681 τῇ
771 1611 991 1680 ὑγραςίᾳ
1038 1611 1185 1665 λύων
1227 1611 1310 1663 καὶ
1347 1610 1584 1675 μιγνύων

54 1681 355 1735 ἀπώλλυεν.
405 1682 627 1748 ὕςτερον
655 1684 714 1735 δὲ
750 1683 950 1748 ῥάβδον
978 1682 1232 1748 λαβόντες
1255 1683 1350 1751 τᾶς
1376 1681 1582 1734 ἑαυτῶν

51 1755 149 1815 γᾶς
190 1752 555 1818 ἐγεωμέτρουν
604 1754 710 1818 πρὸ
745 1757 837 1817 τῆς
874 1753 1182 1819 ἁναβάςεως
1210 1754 1308 1806 τοῦ
1338 1754 1583 1815 ποταμοῦ

0 1856 13 1872 ψ.
52 1823 136 1875 καὶ
168 1823 532 1887 ἑςημειοῦντο·
575 1825 659 1875 καὶ
693 1825 854 1878 πάλιν
892 1825 1020 1888 μετὰ
1051 1824 1148 1887 τὴν
1189 1821 1448 1887 ἀπόβαςιν
1484 1824 1581 1874 τοῦ

0 1930 4 1940 .
53 1897 296 1958 ποταμοῦ
331 1898 392 1962 τῇ
435 1894 567 1962 αὐτῇ
607 1894 787 1964 ῥάβδῳ
819 1894 1213 1958 ἐγεωμέτρουν,
1257 1893 1340 1945 καὶ
1383 1908 1582 1957 γεωμε-

168 2077 210 2129 1)
250 2077 338 2118 Hie
379 2076 562 2130 φανερὰ
605 2078 858 2119 addendum
895 2078 1079 2119 videtur
1119 2076 1292 2119 collata
1329 2077 1582 2118 vetustiore

54 2135 153 2176 eius
184 2135 435 2188 fragmenti
467 2135 628 2178 forma.

166 2192 209 2242 2)
248 2192 302 2232 In
340 2195 499 2232 nostra
543 2191 784 2232 verborum
822 2192 1052 2245 scriptura
1091 2203 1208 2243 quae
1247 2190 1514 2243 discrepent
1553 2202 1582 2230 a

51 2247 266 2289 Parisino
291 2249 413 2300 1670,
446 2248 767 2290 demonstrabo
798 2249 845 2288 in
876 2247 1156 2289 Heronianis
1187 2246 1411 2300 reliquiis.
1459 2247 1582 2287 Mar-

53 2304 176 2344 tinus
207 2318 250 2356 p.
282 2306 365 2345 436
398 2317 432 2343 s.
467 2304 522 2344 de
554 2304 787 2358 plerisque
820 2305 1027 2357 graviter
1057 2307 1198 2344 errat.
1460 2353 1468 2357 -

10 2388 17 2398 ,
165 2360 208 2410 3)
241 2360 356 2401 Vide
386 2360 570 2403 Martin.
601 2375 642 2414 p.
673 2363 769 2402 436.
821 2361 916 2414 Ipsi
947 2362 1095 2401 denuo
1127 2358 1400 2400 contulimus
1432 2357 1580 2398 Paris.

52 2417 162 2457 2013
194 2416 273 2457 fol.
307 2418 404 2465 99³,
440 2418 631 2457 eundem
664 2417 742 2457 fol.
779 2418 857 2457 141
870 2415 901 2467 b,
936 2417 1045 2458 2438
1078 2416 1155 2457 fol.
1181 2417 1301 2465 101⁸,
1336 2415 1383 2453 in
1416 2413 1579 2466 quibus

51 2472 166 2512 nihil
195 2472 263 2512 ita
285 2472 520 2525 discrepat
542 2486 569 2513 a
589 2477 746 2514 nostra
767 2474 1018 2526 scriptura,
1050 2476 1100 2512 ut
1119 2474 1373 2511 memoratu
1393 2469 1579 2523 dignum

53 2531 113 2569 sit
145 2526 253 2582 [nisi
284 2528 404 2569 forte
437 2529 555 2581 quod
585 2528 777 2582 εὕρηται
806 2529 982 2570 habent
1009 2542 1091 2582 pro
1122 2523 1356 2580 ηὕρηται].
1396 2525 1451 2565 In
1473 2525 1581 2566 aliis

51 2583 183 2627 libris
213 2598 303 2627 non
336 2597 392 2625 ea
421 2585 564 2626 verba
604 2597 721 2638 quae
763 2598 901 2639 supra
939 2585 1174 2639 leguntur,
1223 2583 1304 2623 sed
1348 2581 1466 2622 haec
1511 2582 1577 2621 in·

51 2642 224 2695 scripta
256 2645 380 2682 sunt:
413 2640 580 2684 “Ὀπως
612 2640 802 2694 εὕρηται
832 2642 860 2692 ἡ
894 2639 1075 2682 ἐπίνοια
1104 2641 1189 2692 τῆς
1221 2637 1502 2690 μετρήςεως.

96 2710 99 2713 ’
163 2699 207 2750 4)
242 2698 352 2741 Cod.
382 2698 550 2751 philos.
585 2698 661 2739 Gr.
685 2698 916 2739 CLXXIX
947 2696 1143 2748 (Nessel)
1178 2696 1257 2736 fol.
1283 2697 1403 2735 111⁸.
1454 2695 1499 2734 Is
1530 2695 1579 2733 in

50 2753 123 2796 his
163 2755 398 2808 discrepat
430 2768 457 2796 a
490 2754 732 2796 Pax-isinis:
796 2752 878 2804 μὲν
918 2754 1045 2793 addit
1093 2758 1196 2806 post
1239 2751 1480 2804 Ἣρωνος,
1525 2761 1579 2791 τε

52 2811 222 2851 omittit
251 2814 356 2865 post
396 2810 598 2863 μέτροις,
640 2809 1042 2862 ἀπηςχολούντων
1080 2809 1222 2849 habet
1259 2822 1340 2862 pro
1378 2807 1577 2859 ἀπηςχο·

53 2866 250 2919 λοῦντο,
282 2865 526 2918 ἐγίγνοντο
557 2881 638 2921 pro
670 2865 873 2919 ἐγίνετο,
914 2864 1179 2907 οὐκέτινων
1210 2864 1265 2906 οὐ
1296 2865 1462 2906 vitiose
1495 2875 1577 2916 pro

51 2921 207 2965 οὐκέτι
237 2922 320 2975 ἦν,
353 2923 491 2976 οὔςης
521 2926 607 2977 τῆς
640 2921 905 2975 μετρήςεως
936 2936 1016 2977 pro
1046 2924 1132 2976 τῆς
1165 2933 1290 2974 μετρ.
1321 2919 1417 2962 οὕς.

165 2980 207 3032 5)
239 2980 355 3022 Vide
388 2993 526 3034 supra
556 2982 580 3031 ξ
614 2982 665 3021 18
699 2981 799 3020 adn.
831 2982 869 3020 2.
