1946 3220
294 122 363 175 38
817 131 1208 168 PROLEGOMENA
1230 132 1287 164 m

294 265 410 298 mam
435 249 713 309 maximeque
740 247 975 293 obscuram
1003 257 1134 304 quam
1161 242 1451 289 multifariam
1477 256 1564 304 ego
1589 243 1820 304 inquirere

294 326 483 368 conatus
529 321 613 365 sim
660 324 706 364 et
753 317 961 376 quotiens
1005 328 1054 360 re
1091 313 1264 360 frustra
1299 320 1471 360 tentata
1509 312 1642 359 aliam
1680 327 1820 375 super

296 392 424 437 aliam
446 391 572 446 viam,
600 403 686 448 qua
704 401 728 433 e
748 385 946 431 tenebris
973 386 1100 445 quasi
1123 384 1177 430 ad
1200 384 1348 432 lucem
1367 390 1607 445 penetrare
1627 384 1819 444 viderer,

294 462 529 521 ingressus
558 459 669 515 sim,
706 457 856 502 dicere
882 457 951 501 vix
981 469 1184 516 possum.
1237 455 1346 502 Nam
1379 469 1481 502 cum
1506 462 1610 500 ante
1631 454 1822 501 Letron-

294 530 419 576 nium
455 541 584 574 nemo
615 527 859 587 quidquam
897 526 951 572 de
981 539 1036 572 eo
1069 531 1336 586 argumento
1365 525 1683 583 disseruisset,
1722 525 1820 586 ipse

295 606 444 646 autem
480 597 548 643 vir
589 597 666 643 ille
710 596 1082 655 sollertissimus,
1131 610 1400 657 quamquam
1436 595 1656 642 nonnulla
1697 602 1821 642 recte

295 668 597 729 explicuerat,
640 668 835 729 plurima
872 674 1020 714 tamen
1067 667 1236 713 intacta
1277 667 1567 727 reliquisset,
1614 666 1822 727 equidem

293 740 442 786 denuo
469 753 564 786 rem
588 738 909 800 exquirendam
933 752 1032 784 esse
1065 739 1215 784 statim
1242 737 1467 796 intellexi,
1497 737 1600 796 sed,
1639 743 1692 783 ut
1715 737 1821 795 dixi,

295 823 384 871 qua
411 809 590 855 ratione
616 810 870 870 aenigmata
895 808 1024 870 quasi
1048 808 1286 870 proposita
1311 808 1550 866 solverem,
1575 807 1652 853 diu
1672 813 1821 854 mente

293 886 339 925 et
373 879 653 940 cogitatione
678 879 901 927 laboravi:
940 894 1041 927 cum
1068 879 1243 926 tandem
1271 878 1450 925 collatis
1486 878 1626 925 modii
1659 885 1702 924 et
1727 892 1824 924 me-

239 995 242 997 .
294 950 434 996 dimni
468 950 722 1011 agrestibus
750 952 985 996 mensuris
1009 958 1135 997 certa
1160 951 1361 1007 ratione,
1397 964 1489 995 non
1522 964 1632 995 casu
1658 955 1705 994 et
1729 948 1825 995 for-

293 1022 439 1078 tuito,
472 1033 626 1067 verum
661 1022 824 1071 inveni.
870 1021 1034 1067 Verum
1061 1035 1215 1066 omnes
1253 1020 1352 1066 illas
1387 1020 1588 1066 tentandi
1615 1026 1660 1066 et
1687 1033 1824 1080 quaer

294 1090 425 1136 rendi
451 1091 661 1151 ambages
687 1105 912 1152 exponere
938 1092 1126 1151 longum
1153 1098 1248 1149 est,
1285 1105 1368 1137 nec
1400 1090 1474 1137 hic
1498 1090 1626 1137 locus
1652 1096 1747 1150 est,
1774 1096 1825 1137 ut

294 1174 347 1206 ea
382 1174 515 1221 quam
547 1176 619 1207 res
651 1162 855 1223 postulat
891 1162 1132 1207 verborum
1166 1162 1298 1222 copia
1329 1163 1477 1207 omnia
1512 1160 1822 1221 explicentur:
1853 1204 1860 1212 ,

294 1229 360 1277 sic
386 1230 527 1290 igitur
559 1232 668 1278 haec
692 1232 942 1293 disputatio
968 1232 1275 1278 contrahenda
1306 1231 1508 1286 videtur,
1535 1239 1587 1277 ut
1614 1245 1825 1278 enarran-

293 1300 352 1346 tis
387 1302 531 1360 magis
559 1316 691 1362 quam
717 1304 976 1362 quaerentis
1005 1309 1050 1349 et
1085 1302 1355 1363 ambigentis
1391 1302 1644 1349 orationem
1668 1315 1825 1363 perse-

295 1384 499 1431 quamur.
614 1421 618 1424 ,
1322 1388 1327 1393 ·

400 1442 516 1487 Ante
542 1444 690 1489 omnia
717 1442 914 1490 breviter
940 1441 1159 1489 summa‘m
1184 1457 1344 1489 eorum
1369 1457 1681 1504 proponamus
1710 1456 1824 1503 quae

293 1511 645 1558 demonstraturi
672 1528 850 1559 sumus:
879 1516 1074 1575 primum
1101 1527 1258 1559 omnes
1285 1515 1470 1574 quintae
1498 1512 1676 1559 tabulae
1702 1526 1825 1559 men·

295 1595 425 1627 suras
460 1590 641 1643 praeter
671 1584 870 1630 cubitum
908 1591 952 1630 et
979 1586 1179 1646 orgyiam
1204 1584 1426 1630 Romanas
1458 1597 1583 1638 esse;
1622 1590 1720 1630 tum
1743 1597 1825 1629 no-

293 1665 396 1697 vum
433 1653 656 1704 cubitum,
698 1655 773 1714 qui
805 1654 936 1700 binos
971 1655 1197 1701 Romanos
1233 1655 1371 1714 pedes
1406 1661 1646 1715 aequaret,
1685 1668 1824 1714 parvo

294 1723 571 1770 incremento
598 1724 749 1770 addito
786 1739 839 1771 ex
870 1727 1056 1786 antiquo
1086 1726 1307 1786 Aegyptio
1339 1725 1492 1771 cubito
1521 1731 1672 1770 ortum
1697 1738 1824 1776 esse;

294 1792 487 1852 denique
515 1794 720 1855 orgyiam
747 1810 930 1855 quoque
958 1810 1072 1856 quae
1099 1797 1143 1840 in
1163 1796 1246 1841 hac
1274 1795 1426 1842 tabula
1452 1795 1683 1855 reperitur
1710 1796 1827 1840 anti·

295 1876 428 1921 quam
457 1864 785 1925 Aegyptiorum
810 1880 1065 1912 mensuram
1097 1879 1220 1923 esse,
1248 1866 1326 1911 sed
1361 1866 1545 1911 modum
1570 1865 1666 1910 eius
1693 1863 1826 1911 levis-

295 1933 409 1978 simo
444 1941 673 1980 momento
705 1936 768 1980 ita
797 1935 1079 1982 deminutum
1104 1950 1230 1994 esse,
1267 1942 1318 1981 ut
1345 1930 1598 1995 (πόριμος
1623 1930 1823 1994 μόδιος,

295 2015 410 2061 quae
435 2003 536 2048 inde
566 2004 684 2051 facta
710 2011 779 2050 est
806 2006 1000 2066 agrestis
1021 2020 1250 2063 mensura,
1278 2006 1456 2051 tertiam
1482 2007 1627 2065 iugeri
1649 2012 1825 2066 partem

293 2071 426 2131 plane
453 2081 683 2133 aequaret.

715 2212 781 2252 De
812 2213 963 2265 oryyia
993 2218 1037 2252 et
1063 2214 1225 2253 sutorio
1257 2213 1407 2255 modio,

210 2299 272 2348 25
394 2297 483 2343 Iam
527 2298 574 2343 in
613 2299 711 2359 ipsa
748 2300 1014 2358 quaestione
1051 2300 1332 2346 contrarium
1372 2299 1577 2345 ordinem
1612 2299 1651 2345 ei
1691 2313 1826 2360 quem

296 2368 449 2415 statim
485 2371 809 2429 proposuimus
848 2370 977 2430 sequi
1012 2383 1198 2420 necesse
1238 2377 1320 2416 est.
1388 2370 1447 2416 De
1486 2372 1646 2431 orgyia
1682 2371 1825 2430 igitur

297 2439 407 2498 quid
443 2440 720 2485 statuamus?
774 2440 976 2486 Primum
1005 2441 1174 2486 nemini
1211 2441 1396 2486 dubium
1429 2455 1530 2486 esse
1569 2453 1822 2498 censemus,

298 2508 408 2566 quin
455 2509 566 2556 haec
606 2510 765 2569 quinta
815 2509 968 2556 tabula
1015 2526 1117 2557 cum
1162 2511 1393 2571 prioribus
1441 2511 1711 2557 Heronianis
1762 2511 1825 2556 ita

298 2584 489 2637 cognata
515 2580 600 2636 sit,
628 2586 703 2638 ut,
732 2581 819 2627 etsi
854 2587 998 2627 aetate
1027 2582 1229 2627 diversae
1258 2581 1349 2627 sint
1375 2594 1644 2639 mensurae,
1676 2587 1824 2627 tamen

295 2646 350 2692 ad
382 2660 514 2692 unam
545 2649 777 2708 regionem
804 2664 957 2697 omnes
984 2652 1256 2712 pertineant.
1316 2650 1438 2706 Quae
1461 2665 1535 2697 res
1570 2658 1657 2703 tam
1685 2651 1825 2697 mani-

297 2715 414 2762 festa
440 2724 534 2774 est,
571 2726 621 2763 ut
646 2719 1029 2768 demonstratione
1055 2737 1146 2769 non
1173 2728 1329 2782 egeat,
1376 2727 1656 2782 quapropter
1683 2721 1825 2767 multa

297 2791 344 2831 et
382 2787 634 2834 certissima
675 2798 940 2850 argumenta
987 2807 1102 2853 quae
1150 2793 1196 2838 in
1242 2798 1459 2853 promptu
1500 2791 1719 2838 habemus
1751 2791 1824 2837 hic

297 2857 647 2916 supersedemus
682 2859 855 2906 afferre.
902 2862 990 2907 Iam
1023 2863 1181 2924 orgyia
1218 2876 1379 2908 novem
1405 2857 1660 2922 (πιθαμὰε
1687 2861 1824 2922 βαει-

295 2921 442 2976 λικὰε
475 2941 575 2973 cum
610 2929 858 2990 quadrante
889 2930 1054 2978 habere
1091 2932 1260 2980 dicitur
1297 2928 1343 2994 (S
1375 2931 1471 2991 12),
1509 2938 1554 2978 at
1588 2945 1694 2978 vero
1732 2946 1825 2977 non
