1946 3220
549 138 870 174 SCRIPTORES
908 140 1162 175 enancos.
1231 189 1237 191 μ
1543 123 1613 178 65

91 257 138 301 in
170 257 314 301 varias
347 253 448 300 illas
494 252 669 299 tabulas
707 253 871 313 quibus
907 248 1113 312 μέτρων
1145 248 1228 301 καὶ
1258 251 1499 314 εταθμῶν
1538 268 1612 300 ex-

93 327 266 387 positio
295 326 574 371 continetur.

196 395 422 441 Plurimae
448 408 499 441 ex
523 394 594 439 his
625 392 792 439 tabulis
829 401 1104 454 propagatae
1138 401 1244 440 sunt
1275 396 1321 440 in
1356 396 1413 441 iis
1447 395 1614 442 codici-

94 466 178 512 bus
210 480 345 512 manu
381 466 563 526 scriptis
595 465 672 524 qui
704 463 858 509 Galeni
896 464 1039 510 libros
1077 466 1342 523 continent,
1379 472 1514 527 atque
1546 467 1614 511 in-

93 538 291 598 scriptae
317 542 423 582 sunt
448 542 527 582 aut
555 534 709 581 Galeni
737 540 815 580 aut
839 533 1104 595 Cleopatrae
1130 542 1208 582 aut
1231 536 1505 583 Dioscoridis
1532 551 1614 582 no·

93 609 228 665 mine,
255 606 498 653 nonnullae
525 607 659 651 etlam
685 606 884 651 auctoris
908 606 1040 651 titulo
1061 614 1229 652 carent.
1275 607 1438 653 Omnes
1465 613 1614 654 autem

94 679 324 739 pertinent
359 677 413 724 ad
447 683 587 723 artem
625 676 918 732 medicinam‚
957 678 1158 722 omnium
1195 683 1264 722 est
1294 691 1342 723 ea
1381 680 1525 736 ratio,
1564 684 1616 724 ut

94 755 139 794 et
170 755 304 795 notae
337 748 501 809 quibus
542 760 777 794 mensurae
808 753 852 791 et
877 747 1079 806 pondera
1105 760 1189 807 per
1213 748 1478 808 compendia
1508 750 1617 794 scri-

94 826 254 880 pturae
279 819 600 879 designentur,
641 824 685 862 et
710 823 892 863 mutuae
919 831 1233 863 mensurarum
1261 820 1382 864 inter
1405 832 1454 864 se
1479 820 1618 864 ratio-

94 905 193 948 nes,
222 896 267 936 et
293 889 491 950 pondera
520 888 750 950 liquorum
778 889 854 948 qui
882 887 1138 949 quibusque
1164 889 1463 935 infundantur
1489 903 1617 935 accu-

96 967 192 1007 rate
218 959 546 1006 describantur.
599 957 797 1014 Quarum
835 957 1087 1005 tabularum
1118 965 1168 1004 ut
1193 959 1342 1006 brevis
1379 961 1438 1006 sit
1462 961 1508 1005 in
1537 960 1619 1006 bac

94 1032 404 1092 disputatione
435 1030 736 1090 significatio,
770 1028 1147 1075 medicinales
1173 1030 1469 1091 appellemus.

204 1093 520 1147 Vetustissima
551 1114 604 1146 ex
630 1101 701 1145 his
728 1100 895 1146 tabulis
930 1107 998 1146 est
1038 1101 1113 1147 illa
1137 1097 1271 1160 Περὶ
1296 1097 1502 1161 μέτρων
1537 1097 1621 1149 καὶ

99 1170 339 1232 εταθμῶν
375 1167 458 1218 καὶ
489 1169 599 1219 τῶν
627 1165 940 1229 δηλούντων
967 1166 1100 1219 αὐτὰ
1126 1167 1396 1232 εημάτων,
1426 1188 1449 1219 a
1477 1173 1621 1228 Mont-

100 1245 294 1290 saucono
331 1243 451 1287 inter
479 1242 691 1287 Analecta
728 1242 1121 1288 Benedictinorum
1153 1243 1273 1289 edita
1290 1238 1349 1302 ²),
1384 1245 1514 1289 cuius
1554 1245 1620 1289 iu-

99 1320 273 1360 certum
311 1320 542 1359 auctorem
579 1312 886 1372 metrologum
914 1312 1305 1359 Benedictinorum
1332 1327 1492 1360 vocare
1514 1328 1621 1361 con-

99 1385 355 1442 suevimus,
391 1397 659 1444 quamquam
702 1384 871 1429 rectius
907 1383 1098 1430 forsitan
1134 1386 1278 1445 ipsam
1312 1384 1508 1431 tabulam
1546 1400 1622 1445 ap-

101 1454 321 1516 pellemus
350 1455 702 1500 vetustissimam
733 1453 1057 1500 medicinalem.
1110 1453 1248 1510 Quam
1275 1462 1457 1515 praeter
1482 1469 1622 1501 unum

100 1526 250 1572 locum
275 1525 330 1570 de
353 1523 649 1571 Alexandrina
683 1526 803 1570 mina
836 1531 939 1570 ante
965 1525 1156 1571 Neronis
1189 1532 1380 1571 aetatem
1408 1528 1622 1587 scriptam

100 1609 202 1643 esse
234 1597 371 1642 certis
404 1597 685 1655 argumentis
725 1595 966 1656 probatum
1003 1592 1133 1655 est3).
1190 1596 1278 1642 Sed
1313 1598 1447 1643 etiam
1480 1597 1534 1642 ab
1562 1596 1624 1642 al-

102 1674 200 1713 tera
231 1673 360 1727 parte
398 1673 522 1712 aetas
549 1667 647 1711 eius
681 1665 862 1711 tabulae
892 1666 1202 1713 circumscribi
1232 1674 1399 1728 potest.
1449 1668 1624 1713 Etenim

100 1752 204 1784 cum
230 1739 348 1783 inter
374 1738 572 1798 pondera
596 1736 712 1783 libra
736 1744 780 1782 et
808 1739 939 1783 uncia
967 1738 1165 1783 Romana
1196 1738 1462 1795 afferantur,
1491 1753 1627 1799 appa·

105 1815 173 1854 ret
208 1808 406 1854 tabulam
433 1820 487 1853 eo
515 1815 720 1868 tempore
751 1814 894 1853 ortam
918 1822 1017 1854 esse
1056 1823 1146 1869 quo
1173 1809 1333 1854 medici
1366 1809 1522 1855 Graeci
1549 1810 1626 1869 qui

106 1880 271 1925 Romae
303 1878 598 1924 versabantur
625 1880 734 1924 artis
770 1878 1018 1924 medicinae
1053 1886 1130 1924 aut
1161 1886 1401 1940 praecepta
1427 1879 1627 1926 scribere

103 1957 184 1996 aut
208 1948 387 1995 scholas
415 1949 627 2010 quasdam
659 1949 824 1994 habere
850 1956 1114 2010 coeperunt.
1153 1950 1197 1995 ld
1231 1956 1380 1995 autem
1407 1963 1499 1996 non
1525 1956 1627 1995 ante

107 2021 361 2080 Augustum
406 2020 572 2065 factum
620 2033 718 2065 esse
763 2027 959 2066 constat.
1014 2020 1133 2081 Ergo
1173 2021 1403 2081 sequitur,
1446 2028 1497 2067 ut
1544 2020 1627 2066 sub

106 2093 265 2152 primis
298 2090 646 2151 imperatoribus
673 2091 884 2136 Romanis
910 2091 963 2137 ab
991 2093 1197 2151 Augusto
1235 2091 1286 2137 ad
1314 2091 1546 2137 Claudium
1578 2105 1628 2137 ea

106 2163 162 2208 de
190 2176 277 2223 qua
303 2163 479 2221 agimus
507 2161 656 2208 tabula
681 2164 932 2223 composita
965 2164 1038 2207 sit.

213 2233 301 2278 lam
330 2232 556 2278 videamus
583 2246 695 2292 quae
723 2232 935 2293 deinceps
962 2233 1023 2278 ibi
1052 2233 1275 2292 legantur.
1321 2233 1519 2278 Primum
1551 2248 1631 2278 no·

110 2311 183 2349 tae
219 2303 435 2364 quaedam
470 2303 723 2363 ponderum
762 2311 808 2348 et
847 2317 1160 2350 mensurarum
1202 2305 1481 2363 perscriptae
1524 2310 1632 2347 sunt

111 2373 278 2435 quibus
306 2380 400 2418 tum
435 2374 596 2419 medici
622 2375 689 2419 uti
721 2373 940 2420 solebant.
998 2373 1128 2420 Oboli
1159 2381 1266 2419 nota
1299 2375 1344 2418 in
1371 2374 1633 2432 inscriptio·

113 2556 192 2596 nix
222 2554 357 2595 trium
389 2551 641 2605 cotylarum
674 2565 774 2593 esse
806 2553 996 2604 dicitur,
1045 2566 1101 2594 ea
1139 2565 1225 2592 nee
1256 2550 1411 2592 Attica
1450 2555 1520 2592 est
1548 2564 1634 2592 nec

114 2611 332 2653 medimni
362 2622 469 2663 pars
501 2608 1030 2662 duodequinquagesima
1061 2608 1142 2650 sed
1162 2608 1451 2649 Ptolemaica
1480 2610 1633 2661 potius

117 2668 159 2721 (ἓ
191 2667 276 2719 73).
338 2666 531 2708 Ceteras
575 2677 812 2706 mensuras
852 2679 879 2706 a
922 2665 1115 2706 Polluce
1166 2669 1542 2706 commemoratas
1587 2666 1636 2705 in

115 2723 391 2777 metrologia
421 2735 501 2764 suo
535 2734 757 2775 quamque
788 2721 891 2762 loco
925 2721 1239 2774 explicuimus·

229 2779 278 2833 2)
309 2779 538 2820 Analecta
577 2778 761 2820 Graeca
793 2791 848 2819 ex
877 2777 1004 2821 MSS.
1035 2778 1269 2819 codicibus
1301 2781 1516 2819 eruerunt
1546 2790 1636 2819 mo-

119 2837 259 2878 nachi
288 2835 581 2877 Benedictini
611 2835 776 2886 (Paris.
811 2834 943 2885 1688)
973 2848 1017 2888 p.
1050 2836 1259 2877 393—95.

232 2893 274 2944 3)
314 2893 367 2935 V.
409 2905 491 2933 nos
531 2893 579 2932 in
615 2890 798 2932 Metrol.
838 2905 882 2944 p.
913 2892 952 2932 8.
986 2893 1081 2932 214.
1115 2892 1218 2942 235,
1274 2894 1319 2932 et
1357 2890 1482 2931 infra
1512 2889 1535 2940 ἓ
1566 2892 1634 2932 41.

121 2949 272 2991 Locus
304 2949 359 2990 de
390 2948 704 2990 Alexandrina
734 2949 859 2989 mina
891 2947 1196 3002 explicabitur
1225 2947 1250 2997 ἓ
1281 2949 1349 2992 66.

207 3031 385 3062 sempr.
418 3031 620 3061 mernor..
652 3031 683 3062 1.
1350 3015 1385 3068 5
