1946 3220
275 132 383 189 322
404 127 428 135 ”
867 146 1185 182 FRAGMENTA
1536 106 1547 111 x
1639 179 1645 183 ⁵
1674 130 1808 200 [104]
1828 130 1842 138 ⁸
1863 103 1899 206 ⁵215

387 260 689 323 Μέδιμνον,
717 255 909 320 μέτρον
941 253 1159 319 ὅμοιον,
1185 255 1218 318 ἢ
1246 254 1496 320 χοινίκων
1523 253 1618 320 μη’.

388 343 642 405 Μέλιςςα,
673 339 896 406 ὀβολός,
926 337 987 392 ὅς
1017 339 1120 392 ἐςτι
1144 339 1304 404 μέρος
1331 338 1391 399 ς”
1415 343 1663 405 δραχμῆς.

389 425 605 492 Μίλιον]
633 443 657 477 *
685 425 717 488 ἢ
743 423 937 489 μέτρον
971 422 1132 487 ὁδοῦ,
1163 423 1391 478 ςταδίων
1419 419 1472 479 ζ’.
1522 424 1573 477 οἱ
1601 425 1661 478 δὲ
1689 423 1731 480 ζ’
1753 433 1806 489 5,

278 511 467 563 ποδῶν
494 509 611 578 Ιδφῖ

221 607 248 647 5
388 593 538 656 Μνᾶ,
574 591 742 658 λίτραι
775 593 891 646 δύο.
943 592 974 646 ὁ
1002 592 1061 647 δὲ
1100 590 1249 655 ἅγιος
1282 592 1591 659 Ἐπιφάνιος
1629 592 1807 658 λίτρας

277 678 394 743 μιᾶς
420 676 674 742 διμοίρου.

387 761 653 826 Μναςίον,
681 761 877 827 μέτρον
901 778 950 815 τι
975 762 1292 827 διμέδιμνον.

388 845 617 912 Μολβίς,
650 846 898 912 ςταθμίον
924 863 972 899 τι
997 847 1337 910 ἑπταμναῖον.
1573 909 1579 912 ,

388 930 683 995 Μολυβδίς,
709 930 956 995 ςταθμίον
981 948 1028 984 τι
1053 930 1396 996 ἑπταμναῖον.
1446 930 1496 983 οἱ
1526 931 1584 984 δὲ
1610 929 1806 997 μολβίς.

195 1025 249 1066 10
389 1014 662 1080 Μόργιον,
690 1015 882 1080 μέτρον
908 1016 1031 1080 γῆς,
1069 1015 1098 1067 ὅ
1126 1015 1230 1067 έςτι
1260 1015 1508 1080 πλέθρον.
1548 1015 1631 1068 καὶ
1661 1013 1807 1069 εἶδος

280 1098 535 1163 ἀμπέλου.
1792 1154 1795 1158 .

388 1183 570 1247 Μύλη,
607 1182 935 1247 έπιγονατίς,
975 1182 1036 1235 τὸ
1070 1181 1257 1237 ὀςτέον
1288 1182 1350 1237 τὸ
1385 1182 1470 1237 ἐπὶ
1503 1188 1580 1253 τῷ
1609 1183 1807 1247 γόνατι.

278 1267 364 1320 καὶ
391 1266 649 1333 ἀργυρίου
675 1266 958 1321 τάλαντον.

388 1350 778 1416 Μυςημίεκτον,
815 1354 913 1404 τοῦ
949 1351 1196 1417 ἡμιέκτου
1226 1352 1288 1405 τὸ
1317 1350 1495 1418 ἥμιςυ,
1531 1351 1597 1406 οὐ
1631 1354 1808 1406 καλῶς

195 1446 249 1486 15
279 1436 351 1489 δέ.
389 1434 728 1500 νομιςμάτιον
755 1436 953 1501 μικρόν.

387 1519 682 1583 Ξύνιςτρον
698 1561 711 1583 ‚
737 1519 974 1584 νόμιςμα.

386 1602 620 1667 Ὄβολοί,
648 1602 893 1668 νουμμία,
919 1603 1004 1657 καὶ
1025 1603 1188 1669 τόκοι,
1215 1604 1299 1657 καὶ
1319 1603 1428 1670 εἴδη
1455 1604 1807 1671 νομιςμάτων,

279 1686 363 1740 καὶ
395 1687 453 1740 ἐν
481 1687 621 1740 ἄςτει
648 1688 926 1740 δικαςτικοὶ
951 1687 1129 1752 μιςθοί.

385 1771 610 1835 Ὅγδόα,
636 1770 979 1835 ἢμιχοίνικον.

194 1865 249 1906 20
362 1844 659 1919 ‘³’Obo)u<oti7
687 1854 897 1920 ὀβολοί·
928 1855 1135 1920 Κρῆτες.

387 1939 574 2005 Οἴφιν,
602 1939 797 2004 μέτρον
825 1956 872 1992 τι
898 1939 1296 2005 τετραχοίνικον
1319 1940 1619 2004 Αἰγύπτιον.

383 2037 569 2101 Ὅλκή,
611 2037 854 2102 δύναμις,
896 2037 1065 2103 ῥοπή,
1105 2038 1275 2104 ἰςχύς,
1318 2040 1507 2105 βάρος,
1550 2039 1711 2105 ρυτήρ
1751 2040 1807 2110 [ἢ

199 2149 204 2154 ·
280 2119 458 2191 ῥυτή]Ἶ
488 2121 726 2184 ςταθμός.

385 2218 627 2283 Ὀργυιά,
666 2219 697 2283 ἡ
725 2223 836 2274 τῶν
872 2219 1195 2286 ἀμφοτέρων
1231 2225 1425 2286 χειρῶν
1462 2221 1675 2275 ἕκταςις.
1723 2221 1810 2275 καὶ

393 2447 430 2485 1.
464 2442 647 2498 ὅμοιον]
682 2439 722 2490 ς’
754 2444 928 2496 μοδίων
961 2447 1076 2488 coni.
1109 2446 1326 2490 Bernard.
1416 2445 1657 2500 χοινίκων]
1691 2458 1808 2500 ςχοι-

278 2510 424 2554 νίκων
458 2515 554 2558 cod.
698 2518 738 2556 2.
774 2509 826 2561 ς”
859 2517 1014 2558 addidi
1047 2530 1154 2570 ego,
1200 2511 1235 2559 Z'
1270 2521 1378 2558 ante
1411 2516 1546 2569 μέρος
1577 2516 1714 2558 Solem.
1749 2518 1804 2570 (ι’)

278 2581 483 2635 δραγμῆς
516 2585 611 2626 eod.
750 2589 791 2628 3.
824 2584 867 2628 οἱ
898 2586 947 2628 δὲ
977 2581 1013 2629 Ζ’
1042 2593 1084 2640 5,
1117 2586 1279 2629 ποδῶν
1310 2580 1400 2645 ‘hep'
1433 2600 1516 2628 em.
1548 2587 1729 2639 Ideler.‚
1761 2584 1808 2629 οἱ

277 2650 327 2692 δὲ
357 2650 548 2694 ὑποδῶν
580 2648 617 2695 δ’
652 2656 768 2709 cod„
815 2670 856 2700 v.
888 2658 1087 2711 praefat·
1121 2658 1223 2700 crit.
1397 2658 1434 2698 6.
1466 2654 1675 2709 δίμοιρον
1707 2655 1806 2700 eod.

277 2721 318 2763 8.
350 2723 389 2761 9.
424 2720 743 2776 ἑπταμηναῑον
775 2727 875 2767 cod.
1051 2730 1090 2768 9.
1122 2721 1157 2769 Ζ’
1191 2730 1296 2767 ante
1329 2725 1525 2777 ἑπταμν.
1565 2726 1655 2767 del.
1687 2726 1802 2767 Mus.

279 2791 347 2830 12.
378 2792 448 2842 τῷ
481 2790 555 2831 ἐπὶ
589 2795 685 2834 cod.
804 2794 971 2845 γόνατι
1003 2796 1106 2838 add.
1138 2797 1253 2838 Mus.
1382 2799 1447 2837 14.
1481 2793 1538 2837 οὐ
1570 2795 1724 2836 καλῶς
1755 2793 1806 2836 δὲ

275 2870 451 2911 νομιςμ.
485 2873 525 2910 μ.
555 2863 692 2915 vulgo
725 2866 1063 2919 coniunguntur
1234 2869 1303 2908 22.
1348 2865 1396 2920 [ἢ
1428 2863 1567 2920 ρυτὴ]
1603 2863 1805 2918 ςταθμός

277 2928 434 2983 Εεὴηι.,
467 2929 494 2981 ἢ
526 2929 850 2986 ῥυρήςταθμος
883 2936 983 2982 cod.
