<?xml version="1.0" encoding="UTF-8"?>
<!DOCTYPE html PUBLIC "-//W3C//DTD XHTML 1.0 Transitional//EN"
    "http://www.w3.org/TR/xhtml1/DTD/xhtml1-transitional.dtd">
<html xmlns="http://www.w3.org/1999/xhtml" xml:lang="en" lang="en">
 <head>
  <title>
</title>
<meta http-equiv="Content-Type" content="text/html;charset=utf-8" />
  <meta name='ocr-system' content='tesseract 3.04.00' />
  <meta name='ocr-capabilities' content='ocr_page ocr_carea ocr_par ocr_line ocrx_word'/>
</head>
<body>
  <div class='ocr_page' id='page_1' title='image "./metrologicorumsc01hultuoft_0048.png"; bbox 0 0 1946 3220; ppageno 0'>
   <div class='ocr_carea' id='block_1_1' title="bbox 283 151 1275 204">
    <p class='ocr_par' dir='ltr' id='par_1_1' title="bbox 283 151 1275 204">
     <span class='ocr_line' id='line_1_1' title="bbox 283 151 1275 204; baseline 0 -15"><span class='ocrx_word' id='word_1_1' title='bbox 283 151 354 204; x_wconf 80' lang='lat'><strong>20</strong></span> <span class='ocrx_word' id='word_1_2' title='bbox 426 155 438 160; x_wconf 76' lang='grc'><em>“</em></span> <span class='ocrx_word' id='word_1_3' title='bbox 806 156 1195 194; x_wconf 84' lang='lat' dir='ltr'><strong>PROLEGOMENA</strong></span> <span class='ocrx_word' id='word_1_4' title='bbox 1221 156 1275 189; x_wconf 88' lang='lat' dir='ltr'><strong>IN</strong></span> 
     </span>
    </p>
   </div>
   <div class='ocr_carea' id='block_1_2' title="bbox 285 269 1864 2438">
    <p class='ocr_par' dir='ltr' id='par_1_2' title="bbox 285 269 1864 1244">
     <span class='ocr_line' id='line_1_2' title="bbox 286 269 1808 332; baseline -0.007 -5"><span class='ocrx_word' id='word_1_5' title='bbox 286 281 423 327; x_wconf 88' lang='lat' dir='ltr'><strong>rectis</strong></span> <span class='ocrx_word' id='word_1_6' title='bbox 450 277 618 323; x_wconf 85' lang='lat' dir='ltr'><strong>Heroni</strong></span> <span class='ocrx_word' id='word_1_7' title='bbox 649 275 846 321; x_wconf 89' lang='lat' dir='ltr'><strong>tribuere</strong></span> <span class='ocrx_word' id='word_1_8' title='bbox 872 271 1241 327; x_wconf 75' lang='lat' dir='ltr'><strong>consuevissent,</strong></span> <span class='ocrx_word' id='word_1_9' title='bbox 1279 283 1412 330; x_wconf 88' lang='lat' dir='ltr'><strong>quam</strong></span> <span class='ocrx_word' id='word_1_10' title='bbox 1445 270 1574 316; x_wconf 87' lang='lat' dir='ltr'><strong>facile</strong></span> <span class='ocrx_word' id='word_1_11' title='bbox 1601 269 1699 315; x_wconf 87' lang='lat' dir='ltr'><strong>fieri</strong></span> <span class='ocrx_word' id='word_1_12' title='bbox 1725 285 1808 332; x_wconf 93' lang='lat' dir='ltr'><strong>po-</strong></span> 
     </span>
     <span class='ocr_line' id='line_1_3' title="bbox 288 340 1811 402; baseline -0.007 -6"><span class='ocrx_word' id='word_1_13' title='bbox 288 352 431 396; x_wconf 91' lang='lat' dir='ltr'><strong>tuisse</strong></span> <span class='ocrx_word' id='word_1_14' title='bbox 457 361 716 402; x_wconf 90' lang='lat' dir='ltr'><strong>censemus,</strong></span> <span class='ocrx_word' id='word_1_15' title='bbox 745 352 795 389; x_wconf 88' lang='lat' dir='ltr'><strong>ut</strong></span> <span class='ocrx_word' id='word_1_16' title='bbox 821 342 954 387; x_wconf 88' lang='lat' dir='ltr'><strong>etiam</strong></span> <span class='ocrx_word' id='word_1_17' title='bbox 980 340 1064 386; x_wconf 88' lang='lat' dir='ltr'><strong>alia</strong></span> <span class='ocrx_word' id='word_1_18' title='bbox 1090 340 1369 399; x_wconf 80' lang='lat' dir='ltr'><strong>fragmenta,</strong></span> <span class='ocrx_word' id='word_1_19' title='bbox 1409 340 1572 401; x_wconf 89' lang='lat' dir='ltr'><strong>quibus</strong></span> <span class='ocrx_word' id='word_1_20' title='bbox 1608 341 1661 386; x_wconf 89' lang='lat' dir='ltr'><strong>de</strong></span> <span class='ocrx_word' id='word_1_21' title='bbox 1687 355 1811 389; x_wconf 89' lang='lat' dir='ltr'><strong>men-</strong></span> 
     </span>
     <span class='ocr_line' id='line_1_4' title="bbox 288 410 1864 473; baseline -0.006 -6"><span class='ocrx_word' id='word_1_22' title='bbox 288 420 406 466; x_wconf 83' lang='lat' dir='ltr'><strong>suris</strong></span> <span class='ocrx_word' id='word_1_23' title='bbox 435 420 553 464; x_wconf 87' lang='lat' dir='ltr'><strong>cavis</strong></span> <span class='ocrx_word' id='word_1_24' title='bbox 581 417 648 461; x_wconf 89' lang='lat' dir='ltr'><strong>vel</strong></span> <span class='ocrx_word' id='word_1_25' title='bbox 686 415 739 459; x_wconf 91' lang='lat' dir='ltr'><strong>de</strong></span> <span class='ocrx_word' id='word_1_26' title='bbox 772 411 1051 473; x_wconf 85' lang='lat' dir='ltr'><strong>ponderibus</strong></span> <span class='ocrx_word' id='word_1_27' title='bbox 1078 417 1123 456; x_wconf 91' lang='lat' dir='ltr'><strong>et</strong></span> <span class='ocrx_word' id='word_1_28' title='bbox 1152 410 1346 456; x_wconf 91' lang='lat' dir='ltr'><strong>nummis</strong></span> <span class='ocrx_word' id='word_1_29' title='bbox 1373 418 1610 471; x_wconf 80' lang='lat' dir='ltr'><strong>ageretur,</strong></span> <span class='ocrx_word' id='word_1_30' title='bbox 1646 411 1700 457; x_wconf 89' lang='lat' dir='ltr'><strong>ad</strong></span> <span class='ocrx_word' id='word_1_31' title='bbox 1725 412 1811 457; x_wconf 87' lang='lat' dir='ltr'><strong>He·</strong></span> <span class='ocrx_word' id='word_1_32' title='bbox 1860 410 1864 415; x_wconf 73' lang='grc'>’</span> 
     </span>
     <span class='ocr_line' id='line_1_5' title="bbox 286 480 1813 541; baseline -0.007 -5"><span class='ocrx_word' id='word_1_33' title='bbox 286 490 475 535; x_wconf 90' lang='lat' dir='ltr'><strong>roniana</strong></span> <span class='ocrx_word' id='word_1_34' title='bbox 512 483 847 532; x_wconf 75' lang='lat' dir='ltr'><strong>adscriberent?</strong></span> <span class='ocrx_word' id='word_1_35' title='bbox 897 481 951 526; x_wconf 89' lang='lat' dir='ltr'><strong>Et</strong></span> <span class='ocrx_word' id='word_1_36' title='bbox 988 494 1095 526; x_wconf 89' lang='lat' dir='ltr'><strong>sane</strong></span> <span class='ocrx_word' id='word_1_37' title='bbox 1130 480 1269 526; x_wconf 91' lang='lat' dir='ltr'><strong>multa</strong></span> <span class='ocrx_word' id='word_1_38' title='bbox 1295 480 1392 526; x_wconf 89' lang='lat' dir='ltr'><strong>eius</strong></span> <span class='ocrx_word' id='word_1_39' title='bbox 1423 484 1489 527; x_wconf 92' lang='lat' dir='ltr'><strong>rei</strong></span> <span class='ocrx_word' id='word_1_40' title='bbox 1524 481 1712 541; x_wconf 84' lang='lat' dir='ltr'><strong>vestigia</strong></span> <span class='ocrx_word' id='word_1_41' title='bbox 1739 496 1813 528; x_wconf 85' lang='lat' dir='ltr'><strong>ex-</strong></span> 
     </span>
     <span class='ocr_line' id='line_1_6' title="bbox 287 552 1813 613; baseline -0.005 -9"><span class='ocrx_word' id='word_1_42' title='bbox 287 564 422 604; x_wconf 90' lang='lat' dir='ltr'><strong>stant.</strong></span> <span class='ocrx_word' id='word_1_43' title='bbox 475 556 584 601; x_wconf 87' lang='lat' dir='ltr'><strong>Nam</strong></span> <span class='ocrx_word' id='word_1_44' title='bbox 611 561 656 600; x_wconf 92' lang='lat' dir='ltr'><strong>et</strong></span> <span class='ocrx_word' id='word_1_45' title='bbox 682 556 727 599; x_wconf 94' lang='lat' dir='ltr'><strong>in</strong></span> <span class='ocrx_word' id='word_1_46' title='bbox 766 552 999 600; x_wconf 84' lang='lat' dir='ltr'><strong>codicibus</strong></span> <span class='ocrx_word' id='word_1_47' title='bbox 1025 552 1318 610; x_wconf 87' lang='lat' dir='ltr'><strong>Heronianis,</strong></span> <span class='ocrx_word' id='word_1_48' title='bbox 1351 566 1548 612; x_wconf 90' lang='lat' dir='ltr'><strong>quorum</strong></span> <span class='ocrx_word' id='word_1_49' title='bbox 1577 567 1661 597; x_wconf 90' lang='lat' dir='ltr'><strong>nos</strong></span> <span class='ocrx_word' id='word_1_50' title='bbox 1694 553 1813 613; x_wconf 71' lang='lat' dir='ltr'><strong>noti—</strong></span> 
     </span>
     <span class='ocr_line' id='line_1_7' title="bbox 288 621 1814 683; baseline -0.004 -10"><span class='ocrx_word' id='word_1_51' title='bbox 288 629 395 674; x_wconf 88' lang='lat' dir='ltr'><strong>tiam</strong></span> <span class='ocrx_word' id='word_1_52' title='bbox 419 625 652 683; x_wconf 88' lang='lat' dir='ltr'><strong>habemus,</strong></span> <span class='ocrx_word' id='word_1_53' title='bbox 675 622 891 670; x_wconf 90' lang='lat' dir='ltr'><strong>nonnulla</strong></span> <span class='ocrx_word' id='word_1_54' title='bbox 919 622 972 667; x_wconf 92' lang='lat' dir='ltr'><strong>de</strong></span> <span class='ocrx_word' id='word_1_55' title='bbox 1000 621 1281 682; x_wconf 89' lang='lat' dir='ltr'><strong>ponderibus</strong></span> <span class='ocrx_word' id='word_1_56' title='bbox 1309 628 1355 666; x_wconf 92' lang='lat' dir='ltr'><strong>et</strong></span> <span class='ocrx_word' id='word_1_57' title='bbox 1381 623 1575 668; x_wconf 88' lang='lat' dir='ltr'><strong>nummis</strong></span> <span class='ocrx_word' id='word_1_58' title='bbox 1603 629 1814 683; x_wconf 84' lang='lat' dir='ltr'><strong>excerpta</strong></span> 
     </span>
     <span class='ocr_line' id='line_1_8' title="bbox 286 692 1815 754; baseline -0.003 -12"><span class='ocrx_word' id='word_1_59' title='bbox 286 698 602 752; x_wconf 83' lang='lat' dir='ltr'><strong>inveniuntur,</strong></span> <span class='ocrx_word' id='word_1_60' title='bbox 635 701 679 740; x_wconf 90' lang='lat' dir='ltr'><strong>et</strong></span> <span class='ocrx_word' id='word_1_61' title='bbox 704 693 826 740; x_wconf 89' lang='lat' dir='ltr'><strong>docti</strong></span> <span class='ocrx_word' id='word_1_62' title='bbox 852 693 1031 754; x_wconf 82' lang='lat' dir='ltr'><strong>quidam</strong></span> <span class='ocrx_word' id='word_1_63' title='bbox 1058 692 1167 750; x_wconf 84' lang='lat' dir='ltr'><strong>viri,</strong></span> <span class='ocrx_word' id='word_1_64' title='bbox 1204 692 1279 752; x_wconf 89' lang='lat' dir='ltr'><strong>qui</strong></span> <span class='ocrx_word' id='word_1_65' title='bbox 1307 692 1484 738; x_wconf 91' lang='lat' dir='ltr'><strong>duobus</strong></span> <span class='ocrx_word' id='word_1_66' title='bbox 1520 693 1616 738; x_wconf 87' lang='lat' dir='ltr'><strong>fere</strong></span> <span class='ocrx_word' id='word_1_67' title='bbox 1652 693 1815 739; x_wconf 81' lang='lat' dir='ltr'><strong>abhinc</strong></span> 
     </span>
     <span class='ocr_line' id='line_1_9' title="bbox 287 762 1814 822; baseline -0.004 -9"><span class='ocrx_word' id='word_1_68' title='bbox 287 765 482 813; x_wconf 86' lang='lat' dir='ltr'><strong>saeculis</strong></span> <span class='ocrx_word' id='word_1_69' title='bbox 520 766 574 811; x_wconf 93' lang='lat' dir='ltr'><strong>de</strong></span> <span class='ocrx_word' id='word_1_70' title='bbox 609 766 835 811; x_wconf 88' lang='lat' dir='ltr'><strong>mensuris</strong></span> <span class='ocrx_word' id='word_1_71' title='bbox 873 770 918 808; x_wconf 91' lang='lat' dir='ltr'><strong>et</strong></span> <span class='ocrx_word' id='word_1_72' title='bbox 952 763 1145 808; x_wconf 89' lang='lat' dir='ltr'><strong>nummis</strong></span> <span class='ocrx_word' id='word_1_73' title='bbox 1183 763 1490 822; x_wconf 80' lang='lat' dir='ltr'><strong>scripserunt,</strong></span> <span class='ocrx_word' id='word_1_74' title='bbox 1531 776 1555 807; x_wconf 92' lang='lat' dir='ltr'><strong>e</strong></span> <span class='ocrx_word' id='word_1_75' title='bbox 1581 762 1814 809; x_wconf 88' lang='lat' dir='ltr'><strong>codicibus</strong></span> 
     </span>
     <span class='ocr_line' id='line_1_10' title="bbox 285 833 1815 896; baseline -0.003 -14"><span class='ocrx_word' id='word_1_76' title='bbox 285 851 420 883; x_wconf 88' lang='lat' dir='ltr'><strong>manu</strong></span> <span class='ocrx_word' id='word_1_77' title='bbox 458 836 642 896; x_wconf 89' lang='lat' dir='ltr'><strong>scriptis</strong></span> <span class='ocrx_word' id='word_1_78' title='bbox 668 848 760 880; x_wconf 93' lang='lat' dir='ltr'><strong>non</strong></span> <span class='ocrx_word' id='word_1_79' title='bbox 789 834 937 879; x_wconf 90' lang='lat' dir='ltr'><strong>solum</strong></span> <span class='ocrx_word' id='word_1_80' title='bbox 962 847 1013 878; x_wconf 88' lang='lat' dir='ltr'><strong>ea</strong></span> <span class='ocrx_word' id='word_1_81' title='bbox 1040 833 1295 892; x_wconf 83' lang='lat' dir='ltr'><strong>fragmenta</strong></span> <span class='ocrx_word' id='word_1_82' title='bbox 1323 833 1601 891; x_wconf 86' lang='lat' dir='ltr'><strong>Heroniana,</strong></span> <span class='ocrx_word' id='word_1_83' title='bbox 1629 847 1743 894; x_wconf 90' lang='lat' dir='ltr'><strong>quae</strong></span> <span class='ocrx_word' id='word_1_84' title='bbox 1768 834 1815 878; x_wconf 90' lang='lat' dir='ltr'><strong>in</strong></span> 
     </span>
     <span class='ocr_line' id='line_1_11' title="bbox 286 902 1815 966; baseline -0.002 -14"><span class='ocrx_word' id='word_1_85' title='bbox 286 907 447 966; x_wconf 83' lang='lat' dir='ltr'><strong>vulgus</strong></span> <span class='ocrx_word' id='word_1_86' title='bbox 474 914 583 951; x_wconf 86' lang='lat' dir='ltr'><strong>nota</strong></span> <span class='ocrx_word' id='word_1_87' title='bbox 607 912 729 962; x_wconf 91' lang='lat' dir='ltr'><strong>sunt,</strong></span> <span class='ocrx_word' id='word_1_88' title='bbox 757 904 836 950; x_wconf 90' lang='lat' dir='ltr'><strong>sed</strong></span> <span class='ocrx_word' id='word_1_89' title='bbox 863 903 997 949; x_wconf 88' lang='lat' dir='ltr'><strong>etiam</strong></span> <span class='ocrx_word' id='word_1_90' title='bbox 1024 902 1109 948; x_wconf 90' lang='lat' dir='ltr'><strong>alia</strong></span> <span class='ocrx_word' id='word_1_91' title='bbox 1136 903 1351 963; x_wconf 80' lang='lat' dir='ltr'><strong>quaedam</strong></span> <span class='ocrx_word' id='word_1_92' title='bbox 1380 903 1674 963; x_wconf 88' lang='lat' dir='ltr'><strong>protulerunt</strong></span> <span class='ocrx_word' id='word_1_93' title='bbox 1701 917 1815 964; x_wconf 90' lang='lat' dir='ltr'><strong>quae</strong></span> 
     </span>
     <span class='ocr_line' id='line_1_12' title="bbox 286 973 1817 1038; baseline -0.001 -17"><span class='ocrx_word' id='word_1_94' title='bbox 286 982 447 1038; x_wconf 89' lang='lat' dir='ltr'><strong>postea</strong></span> <span class='ocrx_word' id='word_1_95' title='bbox 483 989 624 1036; x_wconf 86' lang='lat' dir='ltr'><strong>paene</strong></span> <span class='ocrx_word' id='word_1_96' title='bbox 664 976 717 1021; x_wconf 91' lang='lat' dir='ltr'><strong>ad</strong></span> <span class='ocrx_word' id='word_1_97' title='bbox 755 974 1025 1020; x_wconf 90' lang='lat' dir='ltr'><strong>oblivionem</strong></span> <span class='ocrx_word' id='word_1_98' title='bbox 1054 973 1210 1018; x_wconf 91' lang='lat' dir='ltr'><strong>reduci</strong></span> <span class='ocrx_word' id='word_1_99' title='bbox 1246 981 1513 1033; x_wconf 90' lang='lat' dir='ltr'><strong>coeperunt.</strong></span> <span class='ocrx_word' id='word_1_100' title='bbox 1565 973 1659 1029; x_wconf 86' lang='lat' dir='ltr'><strong>Qua</strong></span> <span class='ocrx_word' id='word_1_101' title='bbox 1684 974 1740 1020; x_wconf 90' lang='lat' dir='ltr'><strong>de</strong></span> <span class='ocrx_word' id='word_1_102' title='bbox 1767 988 1817 1019; x_wconf 89' lang='lat' dir='ltr'><strong>re</strong></span> 
     </span>
     <span class='ocr_line' id='line_1_13' title="bbox 287 1044 1819 1105; baseline -0.001 -13"><span class='ocrx_word' id='word_1_103' title='bbox 287 1061 343 1092; x_wconf 90' lang='lat' dir='ltr'><strong>ne</strong></span> <span class='ocrx_word' id='word_1_104' title='bbox 378 1046 495 1091; x_wconf 82' lang='lat' dir='ltr'><strong>infra</strong></span> <span class='ocrx_word' id='word_1_105' title='bbox 531 1046 710 1105; x_wconf 88' lang='lat' dir='ltr'><strong>saepius</strong></span> <span class='ocrx_word' id='word_1_106' title='bbox 740 1052 785 1090; x_wconf 87' lang='lat' dir='ltr'><strong>et</strong></span> <span class='ocrx_word' id='word_1_107' title='bbox 822 1058 923 1090; x_wconf 91' lang='lat' dir='ltr'><strong>cum</strong></span> <span class='ocrx_word' id='word_1_108' title='bbox 962 1058 1123 1103; x_wconf 83' lang='lat' dir='ltr'><strong>magna</strong></span> <span class='ocrx_word' id='word_1_109' title='bbox 1162 1057 1290 1088; x_wconf 90' lang='lat' dir='ltr'><strong>mora</strong></span> <span class='ocrx_word' id='word_1_110' title='bbox 1333 1044 1569 1090; x_wconf 91' lang='lat' dir='ltr'><strong>dicendum</strong></span> <span class='ocrx_word' id='word_1_111' title='bbox 1616 1045 1700 1102; x_wconf 93' lang='lat' dir='ltr'><strong>sit,</strong></span> <span class='ocrx_word' id='word_1_112' title='bbox 1743 1044 1819 1090; x_wconf 88' lang='lat' dir='ltr'><strong>hic</strong></span> 
     </span>
     <span class='ocr_line' id='line_1_14' title="bbox 287 1114 1817 1175; baseline -0.002 -13"><span class='ocrx_word' id='word_1_113' title='bbox 287 1116 415 1162; x_wconf 90' lang='lat' dir='ltr'><strong>locus</strong></span> <span class='ocrx_word' id='word_1_114' title='bbox 442 1129 543 1161; x_wconf 92' lang='lat' dir='ltr'><strong>esse</strong></span> <span class='ocrx_word' id='word_1_115' title='bbox 572 1115 774 1172; x_wconf 86' lang='lat' dir='ltr'><strong>videtur,</strong></span> <span class='ocrx_word' id='word_1_116' title='bbox 816 1121 867 1159; x_wconf 94' lang='lat' dir='ltr'><strong>ut</strong></span> <span class='ocrx_word' id='word_1_117' title='bbox 892 1127 1187 1175; x_wconf 88' lang='lat' dir='ltr'><strong>quaecunque</strong></span> <span class='ocrx_word' id='word_1_118' title='bbox 1216 1114 1270 1159; x_wconf 93' lang='lat' dir='ltr'><strong>ad</strong></span> <span class='ocrx_word' id='word_1_119' title='bbox 1295 1114 1339 1159; x_wconf 92' lang='lat' dir='ltr'><strong>id</strong></span> <span class='ocrx_word' id='word_1_120' title='bbox 1366 1121 1680 1173; x_wconf 83' lang='lat' dir='ltr'><strong>argumentum</strong></span> <span class='ocrx_word' id='word_1_121' title='bbox 1714 1128 1817 1175; x_wconf 88' lang='lat' dir='ltr'><strong>per-</strong></span> 
     </span>
     <span class='ocr_line' id='line_1_15' title="bbox 290 1186 1199 1244; baseline -0.004 -13"><span class='ocrx_word' id='word_1_122' title='bbox 290 1187 435 1232; x_wconf 90' lang='lat' dir='ltr'><strong>tinent</strong></span> <span class='ocrx_word' id='word_1_123' title='bbox 459 1186 503 1230; x_wconf 92' lang='lat' dir='ltr'><strong>in</strong></span> <span class='ocrx_word' id='word_1_124' title='bbox 529 1186 651 1230; x_wconf 91' lang='lat' dir='ltr'><strong>brevi</strong></span> <span class='ocrx_word' id='word_1_125' title='bbox 680 1190 929 1244; x_wconf 89' lang='lat' dir='ltr'><strong>conspectu</strong></span> <span class='ocrx_word' id='word_1_126' title='bbox 955 1191 1199 1244; x_wconf 88' lang='lat' dir='ltr'><strong>ponantur.</strong></span> 
     </span>
    </p>

    <p class='ocr_par' dir='ltr' id='par_1_3' title="bbox 288 1254 1824 2438">
     <span class='ocr_line' id='line_1_16' title="bbox 391 1254 1820 1313; baseline -0.001 -12"><span class='ocrx_word' id='word_1_127' title='bbox 391 1256 590 1301; x_wconf 91' lang='lat' dir='ltr'><strong>Primum</strong></span> <span class='ocrx_word' id='word_1_128' title='bbox 621 1255 707 1300; x_wconf 90' lang='lat' dir='ltr'><strong>Ios.</strong></span> <span class='ocrx_word' id='word_1_129' title='bbox 738 1255 1009 1313; x_wconf 84' lang='lat' dir='ltr'><strong>Scaliger</strong></span> <span class='ocrx_word' id='word_1_130' title='bbox 1041 1255 1086 1298; x_wconf 93' lang='lat' dir='ltr'><strong>in</strong></span> <span class='ocrx_word' id='word_1_131' title='bbox 1111 1254 1438 1299; x_wconf 86' lang='lat' dir='ltr'><strong>Dissertatione</strong></span> <span class='ocrx_word' id='word_1_132' title='bbox 1465 1255 1519 1300; x_wconf 89' lang='lat' dir='ltr'><strong>de</strong></span> <span class='ocrx_word' id='word_1_133' title='bbox 1545 1270 1595 1301; x_wconf 87' lang='lat' dir='ltr'><strong>re</strong></span> <span class='ocrx_word' id='word_1_134' title='bbox 1620 1270 1820 1301; x_wconf 90' lang='lat' dir='ltr'><strong>numma-</strong></span> 
     </span>
     <span class='ocr_line' id='line_1_17' title="bbox 289 1322 1820 1385; baseline -0.001 -13"><span class='ocrx_word' id='word_1_135' title='bbox 289 1327 355 1372; x_wconf 87' lang='lat' dir='ltr'><strong>ria</strong></span> <span class='ocrx_word' id='word_1_136' title='bbox 381 1325 464 1371; x_wconf 89' lang='lat' dir='ltr'><strong>sub</strong></span> <span class='ocrx_word' id='word_1_137' title='bbox 492 1325 686 1371; x_wconf 91' lang='lat' dir='ltr'><strong>Heronis</strong></span> <span class='ocrx_word' id='word_1_138' title='bbox 724 1326 907 1370; x_wconf 88' lang='lat' dir='ltr'><strong>nomine</strong></span> <span class='ocrx_word' id='word_1_139' title='bbox 943 1326 1112 1385; x_wconf 87' lang='lat' dir='ltr'><strong>passim</strong></span> <span class='ocrx_word' id='word_1_140' title='bbox 1150 1322 1259 1370; x_wconf 88' lang='lat' dir='ltr'><strong>illud</strong></span> <span class='ocrx_word' id='word_1_141' title='bbox 1292 1323 1595 1384; x_wconf 83' lang='lat' dir='ltr'><strong>fragmentum</strong></span> <span class='ocrx_word' id='word_1_142' title='bbox 1631 1326 1685 1371; x_wconf 89' lang='lat' dir='ltr'><strong>ab</strong></span> <span class='ocrx_word' id='word_1_143' title='bbox 1719 1326 1820 1371; x_wconf 90' lang='lat' dir='ltr'><strong>Ale-</strong></span> 
     </span>
     <span class='ocr_line' id='line_1_18' title="bbox 288 1392 1820 1456; baseline 0.001 -14"><span class='ocrx_word' id='word_1_144' title='bbox 288 1396 506 1442; x_wconf 84' lang='lat' dir='ltr'><strong>xandrino</strong></span> <span class='ocrx_word' id='word_1_145' title='bbox 546 1396 741 1455; x_wconf 90' lang='lat' dir='ltr'><strong>quodam</strong></span> <span class='ocrx_word' id='word_1_146' title='bbox 778 1397 959 1440; x_wconf 90' lang='lat' dir='ltr'><strong>homine</strong></span> <span class='ocrx_word' id='word_1_147' title='bbox 997 1395 1218 1454; x_wconf 89' lang='lat' dir='ltr'><strong>scriptum</strong></span> <span class='ocrx_word' id='word_1_148' title='bbox 1246 1394 1378 1440; x_wconf 86' lang='lat' dir='ltr'><strong>affert</strong></span> <span class='ocrx_word' id='word_1_149' title='bbox 1417 1397 1538 1456; x_wconf 89' lang='lat' dir='ltr'><strong>quod</strong></span> <span class='ocrx_word' id='word_1_150' title='bbox 1567 1392 1700 1456; x_wconf 85' lang='grc' dir='ltr'>Περὶ</span> <span class='ocrx_word' id='word_1_151' title='bbox 1732 1408 1820 1444; x_wconf 85' lang='grc' dir='ltr'><strong>τα-</strong></span> 
     </span>
     <span class='ocr_line' id='line_1_19' title="bbox 290 1460 1823 1526; baseline -0.001 -13"><span class='ocrx_word' id='word_1_152' title='bbox 290 1461 503 1515; x_wconf 85' lang='grc' dir='ltr'>λάντων</span> <span class='ocrx_word' id='word_1_153' title='bbox 533 1464 602 1510; x_wconf 87' lang='lat' dir='ltr'><strong>vel</strong></span> <span class='ocrx_word' id='word_1_154' title='bbox 629 1461 764 1524; x_wconf 86' lang='grc' dir='ltr'>Περὶ</span> <span class='ocrx_word' id='word_1_155' title='bbox 796 1460 1002 1526; x_wconf 84' lang='grc' dir='ltr'>μέτρων</span> <span class='ocrx_word' id='word_1_156' title='bbox 1033 1461 1116 1512; x_wconf 88' lang='grc' dir='ltr'><strong>καὶ</strong></span> <span class='ocrx_word' id='word_1_157' title='bbox 1155 1463 1395 1524; x_wconf 79' lang='grc' dir='ltr'>εταθμῶν</span> <span class='ocrx_word' id='word_1_158' title='bbox 1430 1460 1715 1525; x_wconf 74' lang='grc' dir='ltr'>ὀνομαείαε</span> <span class='ocrx_word' id='word_1_159' title='bbox 1756 1468 1823 1512; x_wconf 89' lang='lat' dir='ltr'><strong>in-</strong></span> 
     </span>
     <span class='ocr_line' id='line_1_20' title="bbox 291 1533 1822 1595; baseline 0.001 -14"><span class='ocrx_word' id='word_1_160' title='bbox 291 1536 506 1581; x_wconf 85' lang='lat' dir='ltr'><strong>scribitur</strong></span> <span class='ocrx_word' id='word_1_161' title='bbox 533 1533 578 1594; x_wconf 88' lang='lat'><strong>¹).</strong></span> <span class='ocrx_word' id='word_1_162' title='bbox 628 1536 744 1580; x_wconf 90' lang='lat' dir='ltr'><strong>ldem</strong></span> <span class='ocrx_word' id='word_1_163' title='bbox 777 1535 1018 1595; x_wconf 86' lang='lat' dir='ltr'><strong>aliquoties</strong></span> <span class='ocrx_word' id='word_1_164' title='bbox 1051 1536 1219 1581; x_wconf 86' lang='lat' dir='ltr'><strong>citatur</strong></span> <span class='ocrx_word' id='word_1_165' title='bbox 1245 1551 1267 1581; x_wconf 85' lang='lat' dir='ltr'><strong>a</strong></span> <span class='ocrx_word' id='word_1_166' title='bbox 1296 1535 1476 1582; x_wconf 87' lang='lat' dir='ltr'><strong>Salma</strong></span> <span class='ocrx_word' id='word_1_167' title='bbox 1494 1538 1582 1583; x_wconf 90' lang='lat' dir='ltr'><strong>sio</strong></span> <span class='ocrx_word' id='word_1_168' title='bbox 1614 1538 1660 1582; x_wconf 91' lang='lat' dir='ltr'><strong>in</strong></span> <span class='ocrx_word' id='word_1_169' title='bbox 1686 1537 1822 1583; x_wconf 88' lang='lat' dir='ltr'><strong>Refu-</strong></span> 
     </span>
     <span class='ocr_line' id='line_1_21' title="bbox 291 1601 1820 1668; baseline 0.001 -17"><span class='ocrx_word' id='word_1_170' title='bbox 291 1606 461 1651; x_wconf 86' lang='lat' dir='ltr'><strong>tatione</strong></span> <span class='ocrx_word' id='word_1_171' title='bbox 496 1608 737 1665; x_wconf 88' lang='lat' dir='ltr'><strong>utriusque</strong></span> <span class='ocrx_word' id='word_1_172' title='bbox 773 1605 945 1658; x_wconf 86' lang='lat' dir='ltr'><strong>elenchi</strong></span> <span class='ocrx_word' id='word_1_173' title='bbox 984 1605 1376 1666; x_wconf 86' lang='lat' dir='ltr'><strong>Cercopetaviani,</strong></span> <span class='ocrx_word' id='word_1_174' title='bbox 1415 1601 1498 1667; x_wconf 45' lang='lat' dir='ltr'><strong>‘qui</strong></span> <span class='ocrx_word' id='word_1_175' title='bbox 1534 1608 1578 1652; x_wconf 91' lang='lat' dir='ltr'><strong>in</strong></span> <span class='ocrx_word' id='word_1_176' title='bbox 1611 1608 1820 1668; x_wconf 90' lang='lat' dir='ltr'><strong>pluribus</strong></span> 
     </span>
     <span class='ocr_line' id='line_1_22' title="bbox 290 1676 1823 1736; baseline 0.002 -16"><span class='ocrx_word' id='word_1_177' title='bbox 290 1676 419 1722; x_wconf 89' lang='lat' dir='ltr'><strong>libris</strong></span> <span class='ocrx_word' id='word_1_178' title='bbox 444 1690 579 1721; x_wconf 86' lang='lat' dir='ltr'><strong>manu</strong></span> <span class='ocrx_word' id='word_1_179' title='bbox 607 1677 789 1736; x_wconf 88' lang='lat' dir='ltr'><strong>scriptis</strong></span> <span class='ocrx_word' id='word_1_180' title='bbox 822 1676 866 1721; x_wconf 91' lang='lat' dir='ltr'><strong>id</strong></span> <span class='ocrx_word' id='word_1_181' title='bbox 894 1690 941 1721; x_wconf 89' lang='lat' dir='ltr'><strong>se</strong></span> <span class='ocrx_word' id='word_1_182' title='bbox 969 1677 1190 1721; x_wconf 90' lang='lat' dir='ltr'><strong>invenisse</strong></span> <span class='ocrx_word' id='word_1_183' title='bbox 1216 1676 1326 1722; x_wconf 88' lang='lat' dir='ltr'><strong>dicit</strong></span> <span class='ocrx_word' id='word_1_184' title='bbox 1354 1684 1398 1722; x_wconf 92' lang='lat' dir='ltr'><strong>et</strong></span> <span class='ocrx_word' id='word_1_185' title='bbox 1427 1692 1479 1722; x_wconf 85' lang='lat' dir='ltr'><strong>ex</strong></span> <span class='ocrx_word' id='word_1_186' title='bbox 1505 1678 1577 1723; x_wconf 89' lang='lat' dir='ltr'><strong>his</strong></span> <span class='ocrx_word' id='word_1_187' title='bbox 1604 1679 1823 1724; x_wconf 84' lang='lat' dir='ltr'><strong>nonnulla</strong></span> 
     </span>
     <span class='ocr_line' id='line_1_23' title="bbox 291 1746 1821 1808; baseline 0.002 -17"><span class='ocrx_word' id='word_1_188' title='bbox 291 1746 571 1792; x_wconf 86' lang='lat' dir='ltr'><strong>emendatius</strong></span> <span class='ocrx_word' id='word_1_189' title='bbox 598 1746 761 1791; x_wconf 87' lang='lat' dir='ltr'><strong>edidit:</strong></span> <span class='ocrx_word' id='word_1_190' title='bbox 791 1761 874 1807; x_wconf 89' lang='lat' dir='ltr'><strong>pro</strong></span> <span class='ocrx_word' id='word_1_191' title='bbox 902 1747 1078 1792; x_wconf 88' lang='lat' dir='ltr'><strong>Herone</strong></span> <span class='ocrx_word' id='word_1_192' title='bbox 1107 1753 1255 1792; x_wconf 85' lang='lat' dir='ltr'><strong>autem</strong></span> <span class='ocrx_word' id='word_1_193' title='bbox 1281 1747 1325 1791; x_wconf 91' lang='lat' dir='ltr'><strong>in</strong></span> <span class='ocrx_word' id='word_1_194' title='bbox 1358 1748 1626 1808; x_wconf 85' lang='lat' dir='ltr'><strong>quibusdam</strong></span> <span class='ocrx_word' id='word_1_195' title='bbox 1655 1749 1821 1795; x_wconf 87' lang='lat' dir='ltr'><strong>codici-</strong></span> 
     </span>
     <span class='ocr_line' id='line_1_24' title="bbox 291 1815 1823 1879; baseline 0.003 -19"><span class='ocrx_word' id='word_1_196' title='bbox 291 1815 375 1862; x_wconf 88' lang='lat' dir='ltr'><strong>bus</strong></span> <span class='ocrx_word' id='word_1_197' title='bbox 400 1816 600 1862; x_wconf 84' lang='lat' dir='ltr'><strong>Africani</strong></span> <span class='ocrx_word' id='word_1_198' title='bbox 626 1830 791 1861; x_wconf 89' lang='lat' dir='ltr'><strong>nomen</strong></span> <span class='ocrx_word' id='word_1_199' title='bbox 827 1817 918 1876; x_wconf 82' lang='lat' dir='ltr'><strong>legi</strong></span> <span class='ocrx_word' id='word_1_200' title='bbox 954 1823 1302 1874; x_wconf 74' lang='lat' dir='ltr'><strong>commemorat,</strong></span> <span class='ocrx_word' id='word_1_201' title='bbox 1344 1833 1431 1878; x_wconf 88' lang='lat' dir='ltr'><strong>qua</strong></span> <span class='ocrx_word' id='word_1_202' title='bbox 1461 1819 1514 1863; x_wconf 91' lang='lat' dir='ltr'><strong>de</strong></span> <span class='ocrx_word' id='word_1_203' title='bbox 1546 1833 1596 1864; x_wconf 93' lang='lat' dir='ltr'><strong>re</strong></span> <span class='ocrx_word' id='word_1_204' title='bbox 1633 1821 1823 1879; x_wconf 80' lang='lat' dir='ltr'><strong>posthac</strong></span> 
     </span>
     <span class='ocr_line' id='line_1_25' title="bbox 292 1882 1821 1950; baseline 0.004 -21"><span class='ocrx_word' id='word_1_205' title='bbox 292 1886 540 1932; x_wconf 91' lang='lat' dir='ltr'><strong>videbimus</strong></span> <span class='ocrx_word' id='word_1_206' title='bbox 563 1882 612 1945; x_wconf 76' lang='grc'><strong>2).</strong></span> <span class='ocrx_word' id='word_1_207' title='bbox 664 1887 726 1932; x_wconf 85' lang='lat' dir='ltr'><strong>Ex</strong></span> <span class='ocrx_word' id='word_1_208' title='bbox 754 1886 842 1932; x_wconf 89' lang='lat' dir='ltr'><strong>alio</strong></span> <span class='ocrx_word' id='word_1_209' title='bbox 872 1888 1126 1947; x_wconf 82' lang='lat' dir='ltr'><strong>fragmento</strong></span> <span class='ocrx_word' id='word_1_210' title='bbox 1155 1889 1272 1932; x_wconf 88' lang='lat' dir='ltr'><strong>inter</strong></span> <span class='ocrx_word' id='word_1_211' title='bbox 1301 1888 1579 1935; x_wconf 88' lang='lat' dir='ltr'><strong>Heronianas</strong></span> <span class='ocrx_word' id='word_1_212' title='bbox 1605 1889 1821 1950; x_wconf 87' lang='lat' dir='ltr'><strong>reliquias</strong></span> 
     </span>
     <span class='ocr_line' id='line_1_26' title="bbox 293 1956 1822 2006; baseline 0.003 -5"><span class='ocrx_word' id='word_1_213' title='bbox 293 1964 468 2002; x_wconf 87' lang='lat' dir='ltr'><strong>servato</strong></span> <span class='ocrx_word' id='word_1_214' title='bbox 498 1956 743 2002; x_wconf 87' lang='lat' dir='ltr'><strong>Salmasius</strong></span> <span class='ocrx_word' id='word_1_215' title='bbox 779 1958 824 2001; x_wconf 91' lang='lat' dir='ltr'><strong>in</strong></span> <span class='ocrx_word' id='word_1_216' title='bbox 863 1957 1184 2003; x_wconf 86' lang='lat' dir='ltr'><strong>Confutatione</strong></span> <span class='ocrx_word' id='word_1_217' title='bbox 1219 1959 1654 2005; x_wconf 86' lang='lat' dir='ltr'><strong>animadversionum</strong></span> <span class='ocrx_word' id='word_1_218' title='bbox 1679 1961 1822 2006; x_wconf 89' lang='lat' dir='ltr'><strong>Anto-</strong></span> 
     </span>
     <span class='ocr_line' id='line_1_27' title="bbox 293 2025 1822 2091; baseline 0.004 -21"><span class='ocrx_word' id='word_1_219' title='bbox 293 2026 358 2070; x_wconf 91' lang='lat' dir='ltr'><strong>nii</strong></span> <span class='ocrx_word' id='word_1_220' title='bbox 384 2025 604 2071; x_wconf 80' lang='lat' dir='ltr'><strong>Cercoe&#39;tii</strong></span> <span class='ocrx_word' id='word_1_221' title='bbox 628 2052 698 2060; x_wconf 91' lang='lat'><strong>—</strong></span> <span class='ocrx_word' id='word_1_222' title='bbox 724 2028 795 2073; x_wconf 87' lang='lat' dir='ltr'><strong>hic</strong></span> <span class='ocrx_word' id='word_1_223' title='bbox 833 2034 903 2072; x_wconf 91' lang='lat' dir='ltr'><strong>est</strong></span> <span class='ocrx_word' id='word_1_224' title='bbox 939 2027 1053 2072; x_wconf 90' lang='lat' dir='ltr'><strong>alter</strong></span> <span class='ocrx_word' id='word_1_225' title='bbox 1089 2027 1204 2072; x_wconf 89' lang='lat' dir='ltr'><strong>liber</strong></span> <span class='ocrx_word' id='word_1_226' title='bbox 1234 2028 1278 2072; x_wconf 89' lang='lat' dir='ltr'><strong>in</strong></span> <span class='ocrx_word' id='word_1_227' title='bbox 1305 2028 1534 2075; x_wconf 85' lang='lat' dir='ltr'><strong>Petavium</strong></span> <span class='ocrx_word' id='word_1_228' title='bbox 1571 2031 1768 2091; x_wconf 89' lang='lat' dir='ltr'><strong>scriptus</strong></span> <span class='ocrx_word' id='word_1_229' title='bbox 1788 2027 1822 2090; x_wconf 80' lang='lat'><strong>³)</strong></span> 
     </span>
     <span class='ocr_line' id='line_1_28' title="bbox 294 2096 1822 2160; baseline 0.003 -18"><span class='ocrx_word' id='word_1_230' title='bbox 294 2122 360 2128; x_wconf 88' lang='lat'><strong>—</strong></span> <span class='ocrx_word' id='word_1_231' title='bbox 389 2096 645 2156; x_wconf 88' lang='lat' dir='ltr'><strong>complures</strong></span> <span class='ocrx_word' id='word_1_232' title='bbox 690 2096 817 2143; x_wconf 88' lang='lat' dir='ltr'><strong>locos</strong></span> <span class='ocrx_word' id='word_1_233' title='bbox 863 2097 1017 2154; x_wconf 82' lang='lat' dir='ltr'><strong>affert,</strong></span> <span class='ocrx_word' id='word_1_234' title='bbox 1064 2111 1180 2156; x_wconf 90' lang='lat' dir='ltr'><strong>quos</strong></span> <span class='ocrx_word' id='word_1_235' title='bbox 1226 2099 1281 2143; x_wconf 89' lang='lat' dir='ltr'><strong>ad</strong></span> <span class='ocrx_word' id='word_1_236' title='bbox 1324 2106 1565 2146; x_wconf 88' lang='lat' dir='ltr'><strong>tractatum</strong></span> <span class='ocrx_word' id='word_1_237' title='bbox 1601 2102 1822 2160; x_wconf 88' lang='lat' dir='ltr'><strong>quendam</strong></span> 
     </span>
     <span class='ocr_line' id='line_1_29' title="bbox 293 2165 1824 2232; baseline 0.005 -22"><span class='ocrx_word' id='word_1_238' title='bbox 293 2165 648 2226; x_wconf 88' lang='lat' dir='ltr'><strong>Epiphanianum</strong></span> <span class='ocrx_word' id='word_1_239' title='bbox 681 2169 910 2227; x_wconf 90' lang='lat' dir='ltr'><strong>pertinere</strong></span> <span class='ocrx_word' id='word_1_240' title='bbox 950 2169 1067 2213; x_wconf 81' lang='lat' dir='ltr'><strong>infra</strong></span> <span class='ocrx_word' id='word_1_241' title='bbox 1102 2168 1510 2216; x_wconf 88' lang='lat' dir='ltr'><strong>demonstrabimus</strong></span> <span class='ocrx_word' id='word_1_242' title='bbox 1524 2166 1573 2230; x_wconf 79' lang='lat'>⁴¹).</span> <span class='ocrx_word' id='word_1_243' title='bbox 1625 2172 1824 2232; x_wconf 91' lang='lat' dir='ltr'><strong>Denique</strong></span> 
     </span>
     <span class='ocr_line' id='line_1_30' title="bbox 294 2235 1822 2297; baseline 0.007 -18"><span class='ocrx_word' id='word_1_244' title='bbox 294 2236 340 2280; x_wconf 89' lang='lat' dir='ltr'><strong>in</strong></span> <span class='ocrx_word' id='word_1_245' title='bbox 367 2250 503 2295; x_wconf 89' lang='lat' dir='ltr'><strong>opere</strong></span> <span class='ocrx_word' id='word_1_246' title='bbox 530 2235 608 2281; x_wconf 90' lang='lat' dir='ltr'><strong>illo</strong></span> <span class='ocrx_word' id='word_1_247' title='bbox 646 2237 843 2296; x_wconf 87' lang='lat' dir='ltr'><strong>ingentis</strong></span> <span class='ocrx_word' id='word_1_248' title='bbox 871 2238 1010 2284; x_wconf 92' lang='lat' dir='ltr'><strong>studii</strong></span> <span class='ocrx_word' id='word_1_249' title='bbox 1041 2245 1086 2284; x_wconf 93' lang='lat' dir='ltr'><strong>et</strong></span> <span class='ocrx_word' id='word_1_250' title='bbox 1112 2238 1311 2297; x_wconf 87' lang='lat' dir='ltr'><strong>laboris,</strong></span> <span class='ocrx_word' id='word_1_251' title='bbox 1349 2240 1566 2287; x_wconf 86' lang='lat' dir='ltr'><strong>Plinianis</strong></span> <span class='ocrx_word' id='word_1_252' title='bbox 1606 2244 1822 2289; x_wconf 84' lang='lat' dir='ltr'><strong>exercita-</strong></span> 
     </span>
     <span class='ocr_line' id='line_1_31' title="bbox 297 2306 1821 2368; baseline 0.006 -19"><span class='ocrx_word' id='word_1_253' title='bbox 297 2306 494 2350; x_wconf 89' lang='lat' dir='ltr'><strong>tionibus</strong></span> <span class='ocrx_word' id='word_1_254' title='bbox 526 2306 571 2350; x_wconf 90' lang='lat' dir='ltr'><strong>in</strong></span> <span class='ocrx_word' id='word_1_255' title='bbox 597 2306 800 2352; x_wconf 89' lang='lat' dir='ltr'><strong>Solinum</strong></span> <span class='ocrx_word' id='word_1_256' title='bbox 817 2343 830 2365; x_wconf 82' lang='lat'><strong>,</strong></span> <span class='ocrx_word' id='word_1_257' title='bbox 873 2309 987 2353; x_wconf 88' lang='lat' dir='ltr'><strong>idem</strong></span> <span class='ocrx_word' id='word_1_258' title='bbox 1014 2308 1208 2368; x_wconf 88' lang='lat' dir='ltr'><strong>plurima</strong></span> <span class='ocrx_word' id='word_1_259' title='bbox 1234 2310 1487 2358; x_wconf 84' lang='lat' dir='ltr'><strong>Heroniana</strong></span> <span class='ocrx_word' id='word_1_260' title='bbox 1514 2312 1567 2357; x_wconf 89' lang='lat' dir='ltr'><strong>de</strong></span> <span class='ocrx_word' id='word_1_261' title='bbox 1597 2315 1821 2358; x_wconf 85' lang='lat' dir='ltr'><strong>mensuris</strong></span> 
     </span>
     <span class='ocr_line' id='line_1_32' title="bbox 295 2377 1822 2438; baseline 0.006 -19"><span class='ocrx_word' id='word_1_262' title='bbox 295 2377 518 2435; x_wconf 82' lang='lat' dir='ltr'><strong>porrectis</strong></span> <span class='ocrx_word' id='word_1_263' title='bbox 553 2377 690 2435; x_wconf 87' lang='lat' dir='ltr'><strong>citat,</strong></span> <span class='ocrx_word' id='word_1_264' title='bbox 733 2392 847 2437; x_wconf 87' lang='lat' dir='ltr'><strong>quae</strong></span> <span class='ocrx_word' id='word_1_265' title='bbox 885 2379 1063 2438; x_wconf 89' lang='lat' dir='ltr'><strong>quidem</strong></span> <span class='ocrx_word' id='word_1_266' title='bbox 1106 2382 1254 2428; x_wconf 87' lang='lat' dir='ltr'><strong>omnia</strong></span> <span class='ocrx_word' id='word_1_267' title='bbox 1289 2395 1312 2426; x_wconf 89' lang='lat' dir='ltr'><strong>e</strong></span> <span class='ocrx_word' id='word_1_268' title='bbox 1352 2381 1515 2428; x_wconf 84' lang='lat' dir='ltr'><strong>tabulis</strong></span> <span class='ocrx_word' id='word_1_269' title='bbox 1553 2382 1822 2430; x_wconf 88' lang='lat' dir='ltr'><strong>Heronianis</strong></span> 
     </span>
    </p>
   </div>
   <div class='ocr_carea' id='block_1_3' title="bbox 298 2605 1826 2840">
    <p class='ocr_par' dir='ltr' id='par_1_4' title="bbox 412 2605 1653 2669">
     <span class='ocr_line' id='line_1_33' title="bbox 412 2605 1653 2669; baseline 0.01 -23"><span class='ocrx_word' id='word_1_270' title='bbox 412 2605 457 2659; x_wconf 88' lang='lat'><strong>1)</strong></span> <span class='ocrx_word' id='word_1_271' title='bbox 489 2609 604 2649; x_wconf 87' lang='lat' dir='ltr'><strong>Vide</strong></span> <span class='ocrx_word' id='word_1_272' title='bbox 638 2610 810 2664; x_wconf 85' lang='lat' dir='ltr'><strong>proleg.</strong></span> <span class='ocrx_word' id='word_1_273' title='bbox 844 2614 866 2662; x_wconf 65' lang='grc' dir='ltr'>ξ</span> <span class='ocrx_word' id='word_1_274' title='bbox 898 2615 951 2654; x_wconf 84' lang='grc'><strong>99</strong></span> <span class='ocrx_word' id='word_1_275' title='bbox 985 2617 1030 2653; x_wconf 85' lang='lat' dir='ltr'><strong>et</strong></span> <span class='ocrx_word' id='word_1_276' title='bbox 1060 2614 1107 2652; x_wconf 89' lang='lat' dir='ltr'><strong>in</strong></span> <span class='ocrx_word' id='word_1_277' title='bbox 1140 2620 1356 2656; x_wconf 81' lang='lat' dir='ltr'><strong>contextu</strong></span> <span class='ocrx_word' id='word_1_278' title='bbox 1386 2618 1550 2669; x_wconf 83' lang='lat' dir='ltr'><strong>fragm.</strong></span> <span class='ocrx_word' id='word_1_279' title='bbox 1585 2621 1653 2660; x_wconf 82' lang='lat'><strong>95.</strong></span> 
     </span>
    </p>

    <p class='ocr_par' dir='ltr' id='par_1_5' title="bbox 411 2662 1322 2717">
     <span class='ocr_line' id='line_1_34' title="bbox 411 2662 1322 2717; baseline 0.012 -16"><span class='ocrx_word' id='word_1_280' title='bbox 411 2665 456 2712; x_wconf 77' lang='lat'><strong>2)</strong></span> <span class='ocrx_word' id='word_1_281' title='bbox 490 2662 661 2704; x_wconf 84' lang='lat' dir='ltr'><strong>Confer</strong></span> <span class='ocrx_word' id='word_1_282' title='bbox 691 2667 812 2706; x_wconf 84' lang='lat' dir='ltr'><strong>infra</strong></span> <span class='ocrx_word' id='word_1_283' title='bbox 843 2669 866 2717; x_wconf 63' lang='grc' dir='ltr'>ξ</span> <span class='ocrx_word' id='word_1_284' title='bbox 896 2671 949 2710; x_wconf 81' lang='lat'><strong>47</strong></span> <span class='ocrx_word' id='word_1_285' title='bbox 984 2674 1029 2710; x_wconf 82' lang='lat' dir='ltr'><strong>et</strong></span> <span class='ocrx_word' id='word_1_286' title='bbox 1061 2672 1113 2711; x_wconf 81' lang='lat'><strong>99</strong></span> <span class='ocrx_word' id='word_1_287' title='bbox 1147 2672 1248 2714; x_wconf 84' lang='lat' dir='ltr'><strong>adn.</strong></span> <span class='ocrx_word' id='word_1_288' title='bbox 1282 2674 1322 2712; x_wconf 79' lang='lat'><strong>2.</strong></span> 
     </span>
    </p>

    <p class='ocr_par' dir='ltr' id='par_1_6' title="bbox 298 2718 1826 2840">
     <span class='ocr_line' id='line_1_35' title="bbox 412 2718 1826 2773; baseline 0.012 -17"><span class='ocrx_word' id='word_1_289' title='bbox 412 2718 460 2770; x_wconf 84' lang='lat'><strong>3)</strong></span> <span class='ocrx_word' id='word_1_290' title='bbox 491 2720 550 2758; x_wconf 80' lang='lat' dir='ltr'><strong>Et</strong></span> <span class='ocrx_word' id='word_1_291' title='bbox 573 2719 838 2763; x_wconf 67' lang='lat' dir='ltr'><strong>Confutatio</strong></span> <span class='ocrx_word' id='word_1_292' title='bbox 873 2729 917 2764; x_wconf 79' lang='lat' dir='ltr'><strong>et</strong></span> <span class='ocrx_word' id='word_1_293' title='bbox 946 2726 1184 2767; x_wconf 80' lang='lat' dir='ltr'><strong>Refutatio</strong></span> <span class='ocrx_word' id='word_1_294' title='bbox 1217 2727 1321 2768; x_wconf 85' lang='lat' dir='ltr'><strong>ficto</strong></span> <span class='ocrx_word' id='word_1_295' title='bbox 1355 2733 1542 2770; x_wconf 85' lang='lat' dir='ltr'><strong>auctore</strong></span> <span class='ocrx_word' id='word_1_296' title='bbox 1571 2731 1826 2773; x_wconf 83' lang='lat' dir='ltr'><strong>Francisco</strong></span> 
     </span>
     <span class='ocr_line' id='line_1_36' title="bbox 298 2774 1825 2840; baseline 0.012 -29"><span class='ocrx_word' id='word_1_297' title='bbox 298 2774 481 2814; x_wconf 83' lang='lat' dir='ltr'><strong>Franco</strong></span> <span class='ocrx_word' id='word_1_298' title='bbox 533 2788 651 2815; x_wconf 85' lang='lat' dir='ltr'><strong>anno</strong></span> <span class='ocrx_word' id='word_1_299' title='bbox 704 2779 833 2830; x_wconf 77' lang='lat'><strong>1623,</strong></span> <span class='ocrx_word' id='word_1_300' title='bbox 886 2781 1034 2822; x_wconf 83' lang='lat' dir='ltr'><strong>altera</strong></span> <span class='ocrx_word' id='word_1_301' title='bbox 1072 2783 1372 2836; x_wconf 83' lang='lat' dir='ltr'><strong>Midelburgi‚</strong></span> <span class='ocrx_word' id='word_1_302' title='bbox 1428 2786 1576 2827; x_wconf 84' lang='lat' dir='ltr'><strong>altera</strong></span> <span class='ocrx_word' id='word_1_303' title='bbox 1615 2788 1825 2840; x_wconf 86' lang='lat' dir='ltr'><strong>Parisiis,</strong></span> 
     </span>
    </p>
   </div>
   <div class='ocr_carea' id='block_1_4' title="bbox 298 2830 1827 2949">
    <p class='ocr_par' dir='ltr' id='par_1_7' title="bbox 298 2830 1827 2949">
     <span class='ocr_line' id='line_1_37' title="bbox 298 2830 1827 2889; baseline 0.01 -19"><span class='ocrx_word' id='word_1_304' title='bbox 298 2830 579 2884; x_wconf 84' lang='lat' dir='ltr'><strong>prodierunt.</strong></span> <span class='ocrx_word' id='word_1_305' title='bbox 639 2832 771 2871; x_wconf 90' lang='lat' dir='ltr'><strong>Prius</strong></span> <span class='ocrx_word' id='word_1_306' title='bbox 822 2837 1040 2889; x_wconf 81' lang='lat' dir='ltr'><strong>scriptam</strong></span> <span class='ocrx_word' id='word_1_307' title='bbox 1083 2851 1182 2880; x_wconf 85' lang='lat' dir='ltr'><strong>esse</strong></span> <span class='ocrx_word' id='word_1_308' title='bbox 1225 2839 1600 2883; x_wconf 84' lang='lat' dir='ltr'><strong>Confutationem</strong></span> <span class='ocrx_word' id='word_1_309' title='bbox 1643 2857 1666 2884; x_wconf 93' lang='lat' dir='ltr'><strong>e</strong></span> <span class='ocrx_word' id='word_1_310' title='bbox 1709 2858 1827 2886; x_wconf 88' lang='lat' dir='ltr'><strong>com-</strong></span> 
     </span>
     <span class='ocr_line' id='line_1_38' title="bbox 298 2886 1372 2949; baseline 0.012 -24"><span class='ocrx_word' id='word_1_311' title='bbox 298 2886 503 2940; x_wconf 82' lang='lat' dir='ltr'><strong>pluribus</strong></span> <span class='ocrx_word' id='word_1_312' title='bbox 535 2887 845 2929; x_wconf 80' lang='lat' dir='ltr'><strong>Refutationis</strong></span> <span class='ocrx_word' id='word_1_313' title='bbox 876 2891 988 2932; x_wconf 90' lang='lat' dir='ltr'><strong>locis</strong></span> <span class='ocrx_word' id='word_1_314' title='bbox 1022 2895 1133 2934; x_wconf 84' lang='lat' dir='ltr'><strong>satis</strong></span> <span class='ocrx_word' id='word_1_315' title='bbox 1167 2901 1372 2949; x_wconf 81' lang='lat' dir='ltr'><strong>apparet.</strong></span> 
     </span>
    </p>
   </div>
   <div class='ocr_carea' id='block_1_5' title="bbox 411 2940 1147 2996">
    <p class='ocr_par' dir='ltr' id='par_1_8' title="bbox 411 2940 1147 2996">
     <span class='ocr_line' id='line_1_39' title="bbox 411 2940 1147 2996; baseline 0.019 -17"><span class='ocrx_word' id='word_1_316' title='bbox 411 2940 461 2993; x_wconf 91' lang='lat'><strong>4)</strong></span> <span class='ocrx_word' id='word_1_317' title='bbox 496 2942 607 2982; x_wconf 87' lang='lat' dir='ltr'><strong>Vide</strong></span> <span class='ocrx_word' id='word_1_318' title='bbox 639 2943 813 2996; x_wconf 87' lang='lat' dir='ltr'><strong>proleg.</strong></span> <span class='ocrx_word' id='word_1_319' title='bbox 846 2948 869 2995; x_wconf 61' lang='grc' dir='ltr'>ἕ</span> <span class='ocrx_word' id='word_1_320' title='bbox 901 2950 953 2987; x_wconf 83' lang='grc'><strong>90</strong></span> <span class='ocrx_word' id='word_1_321' title='bbox 986 2950 1086 2992; x_wconf 86' lang='lat' dir='ltr'><strong>adn.</strong></span> <span class='ocrx_word' id='word_1_322' title='bbox 1108 2954 1147 2994; x_wconf 88' lang='lat'><strong>3.</strong></span> 
     </span>
    </p>
   </div>
  </div>
 </body>
</html>
