1946 3220
96 79 282 228 ’ἑοῦ-ι]

149 284 307 338 λαιὸν
342 284 444 348 γὰρ
469 286 580 338 τῶν
611 285 914 351 ἀνθρώπων
945 285 1165 352 ὀβολοῖς
1192 288 1533 354 κεχρημένων
1559 289 1679 343 ἀντὶ

405 175 475 210 nx
510 176 887 212 mmonoamo
925 177 1107 213 »mano
1145 178 1440 214 memma-A.
1572 162 1678 216 349

148 367 494 433 νομίςματος,
543 369 638 421 οὓς
677 374 737 438 τῇ
777 371 908 435 χειρὶ
943 372 1303 437 δραξαμένους
1339 374 1573 427 δυνατὸν
1610 372 1679 439 ἦν

151 454 475 519 περιλαβεῖν,
500 454 727 506 τούτους
755 457 993 521 δραχμὴν
1019 456 1267 521 ἐκάλουν,
1291 458 1439 522 παρὰ
1462 458 1526 511 τὸ
1553 458 1679 524 δρά-

148 541 353 593 ξαςθαι·
380 537 433 589 αἱ
458 538 517 590 δὲ
545 537 736 590 ἑκατὸν
764 540 988 604 δραχμαὶ
1019 543 1230 593 ποιοῦςι
1254 544 1391 606 μνᾶν
1424 541 1560 607 μίαν.

258 622 492 687 Δῶρον,
519 622 551 686 ἡ
578 623 848 687 παλαιςτή.
889 623 1086 689 εἴρηται
1112 625 1220 678 ἀπὸ
1246 629 1343 679 τοῦ
1371 627 1437 679 τὰ
1463 629 1680 681 πλεῖςτα
1710 641 1737 682 6

150 705 241 759 διὰ
277 709 371 771 τῆς
401 707 579 773 χειρὸς
613 707 747 773 ἡμᾶς
783 710 1084 774 δωρεῑςθαι·
1122 708 1229 775 ἀφ’
1259 709 1321 774 ἧς
1355 715 1613 776 μετρεῖται
1646 712 1679 776 ἡ

150 793 424 856 παλαιςτή.
468 802 472 805 “

260 875 568 945 Ἑκατόμβη]
597 895 621 927 *
648 876 1011 943 εἑκατόμβοιος
1043 879 1104 931 δὲ
1130 878 1384 941 ἕκαςτος,’
1412 880 1679 933 τουτέςτιν

150 959 345 1014 ἑκατὸν
373 963 520 1026 βοῶν
546 963 694 1026 τιμῆς
720 961 890 1026 ἄξιος,
921 962 952 1026 ἢ
980 961 1171 1016 ἑκατὸν
1197 965 1408 1028 χρυςῶν
1434 963 1681 1028 νομιςμά-

150 1060 278 1098 των.
305 1044 356 1098 οἱ
373 1045 476 1111 γὰρ
502 1045 734 1108 παλαιοί,
763 1046 886 1111 πρὶν
912 1046 1257 1113 ἐπινοηθῆναι
1280 1048 1346 1100 τὰ
1372 1048 1680 1112 νομίςματα,
1714 1061 1766 1102 10

150 1129 247 1183 τὰς
265 1130 598 1192 ςυναλλαγὰς
617 1131 703 1183 διὰ
722 1132 832 1183 τῶν
850 1132 1196 1196 τετραπόδων
1214 1133 1527 1186 ἐποιοῦντό
1555 1133 1681 1186 ὅθεν

149 1212 375 1280 ὕςτερον
410 1214 814 1280 ἐφευρεθέντων
841 1218 951 1269 τῶν
978 1215 1309 1280 νομιςμάτων
1344 1219 1476 1281 βοῦν
1508 1216 1682 1270 ἐξετύ-

150 1315 294 1352 πουν
346 1298 404 1352 ἐν
458 1298 631 1367 αὐτῷ,
687 1299 750 1352 τὸ
803 1297 1028 1364 ἀρχαῖον
1080 1300 1204 1353 ἔθος
1252 1301 1683 1365 ἐπιδεικνύμενοι.

153 1383 307 1450 βοιὸν
334 1384 394 1436 δέ
419 1383 664 1445 λέγουςιν
700 1382 837 1438 εἶναι
872 1384 1119 1449 ςταθμίον
1154 1403 1227 1448 τι,
1264 1386 1295 1450 ἢ
1321 1387 1416 1450 τὴν
1446 1386 1573 1451 βοὸς
1608 1400 1682 1437 τι-

152 1467 281 1533 μήν,
318 1468 350 1531 ἢ
380 1467 443 1519 τὸ
476 1466 794 1532 δίδραχμον,
829 1471 961 1533 βοῦν
993 1469 1122 1533 ἐχον
1160 1469 1413 1533 ἐπίςημον
1439 1470 1552 1522 Ἶικαὶ
1584 1469 1681 1522 τὸν
1716 1480 1768 1522 15

151 1550 311 1604 πόδα.
350 1550 477 1605 ὅθεν
509 1552 602 1608 καὶ4
622 1552 877 1617 παροιμία
904 1555 919 1579 ‘
936 1555 1066 1618 βοῦς
1093 1553 1180 1605 ἐπὶ
1204 1553 1491 1618 γλώττης,’
1520 1552 1551 1606 ὅ
1579 1553 1684 1606 ἐςτι

151 1635 399 1701 νόμιςμα·
423 1635 641 1701 ἁρμόζει
658 1636 745 1689 ἐπὶ
763 1639 875 1690 τῶν
900 1635 1146 1702 ῥητόρων
1166 1641 1276 1690 τῶν
1298 1637 1684 1703 λαμβανόντων

151 1719 444 1786 νομίςματα
466 1719 602 1786 ὑπὲρ
620 1724 718 1774 τοῦ
735 1723 803 1786 μὴ
831 1724 1183 1786 ςυνηγορῆςαι
1207 1722 1338 1774 κατά
1362 1737 1521 1782 τινος,
1547 1720 1687 1772 ἀλλὰ

153 1807 423 1869 ςιωπῆςαι.
476 1803 601 1859 ὅθεν
639 1806 722 1858 καὶ
758 1806 1140 1871 Ἀριςτοφάνης
1179 1809 1457 1874 κωμῳδῶν
1489 1802 1684 1857 αὐτούς

154 1905 296 1956 φηςι·
325 1891 407 1942 ετὸ
434 1890 585 1954 (πόμ’
604 1890 853 1956 ἐπιβύςας
882 1890 1093 1954 κέρμαςι
1119 1893 1228 1943 τῶν
1256 1889 1539 1955 ῥητόρων.’
1713 1899 1770 1940 20

261 1974 492 2039 Ἑκτεύς,
519 1974 715 2039 μέτρον
740 1992 813 2038 τι,
840 1975 901 2028 τὸ
929 1975 1082 2028 ἕκτον
1110 1975 1288 2039 μέρος,
1309 1975 1406 2026 τοῦ
1431 1973 1684 2039 μεδίμνου

155 2058 383 2123 ἔχοντος
415 2058 650 2124 χοίνικας
684 2058 792 2124 μη’·
837 2058 912 2112 ῶς
956 2059 1092 2112 εἶναι
1127 2060 1223 2112 τὸν
1261 2058 1412 2111 ἑκτέα
1450 2057 1684 2123 χοίνικας

156 2141 313 2196 ὀκτώ.
351 2144 435 2197 καὶ
457 2143 731 2209 ἡμίεκτον,
760 2143 823 2197 τὸ
850 2144 1156 2197 δωδέκατον
1180 2145 1276 2196 τοῦ
1303 2142 1567 2208 μεδίμνου.

261 2227 564 2293 Ἐπίκοποι,
595 2228 647 2281 οἱ
673 2231 848 2281 κακῶς
872 2229 934 2281 τὸ
960 2232 1178 2294 πρῶτον
1205 2227 1495 2292 πληγέντες
1522 2242 1684 2290 χαρα-

156 2314 370 2378 κτῆρες,
399 2313 483 2365 καὶ
508 2313 594 2366 διὰ
619 2315 782 2365 τοῦτο
807 2312 1229 2378 ἐπικοπτόμενοι.
1714 2318 1771 2360 25

265 2397 586 2464 Ἐπιτρίταις.
646 2398 829 2451 Ἰςαῖος
854 2397 914 2451 ἐν
951 2401 1026 2465 τῷ
1065 2396 1298 2463 δευτέρῳ
1334 2394 1464 2446 κατὰ
1500 2393 1683 2445 Καλλι-

153 2484 404 2549 φῶντος·
441 2481 761 2537 ’ἑξακοςίαις
787 2483 1042 2547 δραχμαῖς
1065 2479 1368 2545 ἐπιτρίταις·
1388 2485 1399 2503 ’
1433 2477 1549 2530 ἀντὶ
1586 2480 1683 2530 τοῦ

158 2566 247 2621 ἐπὶ
294 2565 435 2620 ὀκτὼ
490 2567 733 2633 ὀβολοῖς·
786 2567 918 2619 κατὰ
966 2566 1026 2617 τὸ
1064 2561 1124 2627 γ”
1154 2562 1290 2617 εἶναι
1333 2561 1515 2628 μερίδα
1557 2561 1685 2615 τοὺς

156 2649 303 2704 ὀκτὼ
332 2650 563 2718 ὀβολοὺς
591 2655 689 2705 τοῦ
717 2649 1125 2715 τετραδράχμου.

276 2837 344 2878 13.
375 2834 721 2886 ἐνδεικνύμενοι
751 2832 895 2875 schol.
928 2832 985 2873 ad
1016 2832 1069 2874 11.
1103 2831 1144 2872 Φ
1177 2833 1231 2873 79
1378 2832 1444 2872 15.
1483 2830 1558 2872 καὶ
1597 2828 1687 2871 τὸν

160 2903 306 2958 πόδα]
347 2905 452 2960 lege
485 2905 604 2948 κατὰ
642 2903 730 2946 τὸν
768 2901 923 2945 τύπον
1095 2902 1163 2944 26.
1197 2899 1316 2944 κατὰ
1348 2899 1453 2944 add.
1485 2900 1685 2956 Sylbury.

148 2974 236 3018 28.
267 2968 342 3028 γ”]
374 2973 540 3029 τρίτον
569 2973 707 3029 vulgo
