1946 3220
545 129 877 164 semproasss
906 130 1168 165 eaAncos.
1549 115 1618 168 27

92 258 195 291 nam
221 244 274 290 ad
300 244 544 303 Aegyptias
584 252 819 289 mensuras
856 243 1028 290 additas
1055 258 1155 290 esse
1187 245 1403 303 Graecas,
1447 246 1502 291 ad
1537 247 1618 292 has

91 327 234 376 porro
259 313 495 359 Romanas.
1121 314 1128 319 ·

195 384 254 429 De
291 383 620 443 Aegyptiorum
654 385 878 428 mensuris
920 383 1015 429 sere
1048 382 1162 429 nihil
1196 399 1219 430 a
1248 384 1474 430 veteribus
1507 388 1617 431 scri·

91 453 301 515 ptorihus
335 451 548 498 traditum
581 452 812 498 habemus.
868 453 974 499 Nam
1011 460 1195 513 praeter
1225 453 1452 511 cubitum,
1487 456 1616 501 cuius

90 523 350 570 Herodotus
389 522 664 568 mentionem
702 523 832 581 facit,
878 537 1018 569 unum
1061 524 1335 582 schoenum,
1381 526 1615 570 maximam

90 594 303 640 itinerum
330 606 614 651 mensuram,
643 600 689 638 et
715 592 790 638 ille
816 599 861 639 et
887 592 962 640 alii
990 593 1170 654 quidam
1198 601 1553 641 commemorant
1569 591 1615 656 ¹).

89 663 254 709 Verum
294 663 340 708 in
380 664 462 709 hac
499 663 650 710 tabula
685 663 965 720 Heroniana,
1008 664 1046 708 si
1090 670 1298 709 accurate
1341 660 1614 724 quaerimus,

89 733 331 779 nonnullas
359 732 468 778 alias
495 733 591 779 eius
618 734 766 794 gentis
797 747 1032 780 mensuras
1059 734 1274 793 indagare
1301 731 1466 792 licet2).
1519 735 1615 780 Pri-

77 802 211 849 'mnm
238 798 417 859 ξύλον,
447 804 566 863 quod
589 804 724 849 trium
751 817 851 849 esse
870 803 1132 850 cubitorum
1158 804 1343 862 dicitur,
1373 804 1457 849 etsi
1482 804 1616 850 Grae-

86 888 191 921 cum
215 887 380 918 nomen
408 879 496 932 est,
516 875 844 934 Aegyptiorum
871 887 970 919 esse
996 872 1196 935 apparet.
1241 874 1471 934 Nusquam
1498 875 1614 919 enim

88 950 167 990 aut
195 944 239 989 in
261 942 445 990 Graecia
470 950 549 989 aut
575 944 692 1004 apud
711 945 937 991 Romanos
957 942 1061 990 talis
1084 958 1292 990 mensura
1318 945 1486 990 usitata
1511 943 1614 1002 suit,

90 1026 206 1074 quae
245 1013 425 1073 quidem
470 1026 553 1060 nec
588 1013 772 1075 plethro
816 1029 901 1075 nec
947 1015 1092 1060 stadio
1132 1029 1217 1061 nec
1256 1015 1338 1060 ulli
1382 1019 1617 1075 praeterea

88 1084 362 1130 Graecorum
390 1097 627 1131 mensurae
654 1086 941 1131 accomodata
965 1091 1100 1130 esset.
1139 1083 1367 1131 Servatam
1392 1085 1615 1144 igiturex

87 1155 415 1215 Aegyptiorum
442 1155 769 1201 consuetudine
794 1156 910 1201 hanc
937 1169 1192 1201 mensuram
1218 1171 1242 1201 a
1267 1154 1539 1200 Ptolemaeis
1571 1161 1616 1199 et

88 1224 258 1270 Graeco
285 1224 466 1270 nomine
499 1225 544 1270 in
575 1225 751 1271 tabulas
785 1226 1085 1286 geometricas
1124 1231 1352 1286 receptam
1389 1239 1488 1271 esse
1527 1224 1616 1270 exi-

89 1294 338 1340 stimamus.
382 1294 479 1340 Huc
507 1296 678 1341 accedit
703 1289 843 1355 ἅμμα
866 1295 1158 1355 quadraginta
1185 1295 1460 1353 cubitorum,
1486 1297 1614 1341 cuius

89 1378 203 1424 quae
230 1366 289 1410 sit
318 1364 447 1423 origo
485 1366 586 1426 ipso
623 1366 805 1411 nomine
832 1365 1090 1412 declaratur
1107 1362 1157 1426 ³).
1206 1365 1328 1420 Quae
1354 1366 1526 1411 utinam
1552 1356 1616 1410 la-

87 1435 206 1480 tiore
232 1434 538 1494 disputatione
564 1436 779 1495 persequi
805 1435 978 1482 liceret.
1026 1435 1109 1481 Sed
1136 1436 1246 1481 haec
1273 1435 1498 1495 quaestio,
1527 1434 1615 1480 nisi

88 1504 353 1564 ampliorem
399 1503 567 1551 librum
605 1506 869 1566 scripseris,
923 1506 976 1552 ad
1021 1505 1152 1551 finem
1201 1507 1361 1565 nequit
1400 1505 1614 1566 perduci3

88 1587 210 1620 nunc
238 1581 387 1620 autem
415 1589 516 1622 cum
544 1575 666 1622 aliud
704 1590 889 1636 agamus
906 1612 918 1634 ,
959 1576 1071 1621 nihil
1100 1577 1188 1621 nisi
1222 1575 1420 1621 breviter
1446 1588 1614 1636 propo-

204 1699 244 1749 1)
277 1700 347 1739 De
381 1699 534 1739 cubito
564 1699 669 1740 vide
700 1699 869 1739 Herod.
903 1700 943 1746 2,
966 1700 1069 1749 168,
1103 1698 1158 1739 de
1190 1698 1388 1752 schoeno
1423 1697 1615 1738 eundem

33 1767 36 1771 ·
87 1755 138 1804 2,
163 1755 188 1794 6
222 1757 268 1794 et
299 1753 415 1795 alios
455 1755 530 1807 qui
568 1754 617 1795 in
647 1759 803 1795 nostra
834 1754 1109 1807 Metrologia
1139 1768 1183 1808 p.
1215 1755 1297 1794 282
1330 1767 1366 1796 S.
1398 1754 1615 1794 citantur.

201 1810 245 1859 2)
277 1810 347 1849 Ex
376 1811 432 1851 iis
466 1823 583 1863 quae
607 1810 784 1863 Queipo
808 1809 958 1858 (Essai
975 1824 1050 1851 sur
1070 1814 1131 1851 les
1160 1810 1362 1861 systemes
1390 1812 1617 1862 me'triques

5 1855 10 1860 ⁸
85 1866 109 1907 1
139 1879 183 1918 p.
217 1867 296 1907 159
319 1867 397 1917 ss.)
430 1866 484 1906 de
517 1866 588 1906 his
619 1866 860 1919 Aegyptiis
893 1867 1117 1906 mensuris
1148 1865 1365 1905 disseruit
1394 1865 1616 1905 nonnulla

88 1921 348 1975 probanda,
396 1925 552 1962 cetera
598 1922 890 1975 aspernanda
941 1934 1041 1963 esse
1087 1922 1197 1963 vidi.
1255 1921 1472 1962 Nam‘de
1510 1920 1614 1972 xylo

89 1977 273 2031 quidem
302 1982 428 2018 recte
461 1978 621 2018 statuit
653 1979 711 2032 (p.
747 1977 862 2031 159),
896 1991 1050 2019 verum
1083 1981 1129 2017 et
1157 1978 1205 2017 in
1237 1978 1341 2017 aliis
1374 1981 1419 2016 et
1449 1978 1497 2016 in
1527 1977 1615 2017 hoc

88 2034 286 2074 maxime
319 2034 519 2085 fallitur,
555 2035 674 2087 quod
706 2031 855 2085 μίλιον
878 2035 1192 2082 Heronianum
1224 2033 1349 2073 mille
1372 2034 1615 2086 orgyyiarum

91 2094 136 2130 et
158 2093 366 2142 quartam
387 2093 565 2144 partem
587 2103 860 2144 parasanyae
883 2091 1024 2131 fuisse
1047 2091 1261 2143 opinatur
1284 2087 1614 2142 (p.160-—163).

89 2146 220 2196 Quae
250 2150 300 2186 ut
331 2147 608 2197 refutentur,
649 2147 726 2187 hic
765 2160 856 2187 non
898 2152 968 2187 est
1007 2146 1157 2187 locus:
1200 2146 1279 2186 sed
1316 2158 1454 2186 unum
1496 2158 1616 2185 eom-

87 2215 288 2243 memoro
318 2203 488 2243 iniuria
517 2204 749 2243 Heronem
772 2217 795 2243 e
818 2204 1045 2243 Bernardi
1065 2203 1182 2243 libro
1206 2206 1439 2242 auctorem
1463 2201 1614 2253 citari,

88 2270 195 2298 nam
224 2258 341 2298 nihil
370 2258 449 2298 ille
481 2259 571 2299 nisi
590 2258 741 2300 locum
764 2259 987 2311 quendam
1012 2272 1034 2299 e
1058 2259 1254 2311 septima
1276 2257 1435 2298 tabula
1459 2255 1616 2310 (supra

88 2314 114 2363 ξ
148 2316 199 2354 13
232 2314 334 2357 adn.
369 2315 416 2365 7)
450 2314 604 2364 affert;
654 2315 773 2355 haec
816 2321 989 2367 autem,
1041 2327 1143 2355 cum
1182 2314 1323 2354 multo
1361 2314 1615 2366 posteriore

88 2373 294 2421 tempore
333 2371 508 2423 scripta
546 2371 627 2420 sit,
678 2371 793 2410 nihil
843 2384 929 2412 nec
973 2371 1030 2411 ad
1068 2371 1259 2423 primam
1299 2369 1616 2409 Heronianam

88 2424 297 2465 tabulam
326 2437 413 2465 nec
445 2426 503 2465 ad
531 2430 714 2466 veteres
745 2426 1075 2480 Aegyptiorum
1106 2437 1342 2466 mensuras
1372 2424 1585 2476 pertinet.

203 2479 247 2532 3)
280 2481 451 2521 Vocem
482 2479 609 2532 ἅμμα
638 2483 914 2535 Aegyptiam
946 2495 1046 2523 esse
1079 2482 1183 2521 inde
1216 2480 1463 2529 concludo,
1497 2478 1615 2532 quod

93 2535 274 2577 Graeca
306 2549 396 2577 non
428 2541 519 2586 est,
552 2550 657 2576 nam
680 2536 808 2588 ἅμμα
821 2568 835 2587 ,,
865 2539 984 2591 quod
1004 2539 1203 2590 Lepsius
1224 2550 1266 2589 p.
1294 2537 1372 2576 106
1405 2536 1467 2588 (v.
1490 2535 1614 2575 infra

92 2591 197 2632 adn.
218 2591 260 2643 6)
283 2592 460 2642 suadet,
486 2597 713 2645 repugnat
734 2593 950 2633 librorum
974 2593 1254 2633 auctoritati.
1288 2592 1613 2644 Quaecumque

94 2651 245 2688 autem
267 2648 314 2687 in
335 2647 424 2701 hae
448 2645 610 2688 t‘abula
632 2662 716 2688 nec
741 2648 921 2689 Graeca
942 2662 1027 2689 nec
1052 2649 1260 2688 Romana
1281 2651 1410 2699 sunt,
1446 2661 1502 2688 ea
1522 2648 1616 2687 Ae-

94 2703 255 2756 gyptia
287 2715 387 2744 esse
414 2705 519 2756 quis
541 2703 813 2756 negaverit?
853 2705 913 2744 Et
935 2704 1159 2744 Hebraici
1179 2705 1339 2744 ammuh
1362 2703 1522 2744 eadem
1546 2706 1616 2743 est

91 2759 242 2812 origo,
276 2759 552 2812 significatio
575 2764 726 2800 autem
749 2760 953 2810 diversa,
986 2773 1092 2800 nam
1124 2761 1326 2800 cubitum
1359 2759 1479 2812 apud
1509 2758 1614 2799 illos

93 2814 295 2858 denotat.
358 2815 580 2857 Similiter
633 2817 858 2857 Graecum
909 2815 1076 2857 ἄκαινᾱ
1114 2820 1159 2856 et
1197 2817 1441 2855 Baeticum
1480 2828 1614 2854 acnua

94 2869 296 2911 eiusdem
327 2872 518 2925 originis
542 2885 641 2913 esse
663 2872 896 2923 videntur,
931 2873 1010 2912 sed
1031 2872 1117 2913 hoc
1140 2871 1467 2925 decemplicem
1490 2870 1615 2910 illius

93 2926 271 2966 modum
303 2927 548 2980 significat.
