1946 3220
69 107 227 220 {146-
253 125 332 195 47]
579 141 732 179 cAv1s
769 141 838 178 Ao
871 142 1218 180 vonum-mnus,
1559 126 1666 183 215

44 247 69 310 {5
129 250 438 320 ὀμφακίνου
466 250 592 317 χόες
619 251 734 305 δύο.
771 251 933 307 πάλιν
963 251 1235 307 κάνταῦθα
1257 254 1664 317 καταγνωςτέον

33 328 55 411 ’,ᾗ
128 339 243 391 τῶν
278 336 610 403 γραψάντων
645 337 872 389 κοτύλας
906 336 963 403 β’.
1012 337 1108 391 τὸν
1150 339 1244 403 μὲν
1287 337 1386 393 οὖν
1423 338 1584 404 χοὲα,
1621 339 1665 394 εἰ

66 436 69 437 ’
129 423 229 488 μὲν
256 422 310 477 ἓξ
343 422 586 483 κοτυλῶν
613 420 978 485 ἀριθμοίημεν,
1014 422 1046 486 ἡ
1073 422 1354 488 ςυμφωνία
1378 423 1523 487 μένει
1551 424 1664 478 τοῖς

50 495 72 542 ss
130 505 412 571 ἀνδράςιν,
448 504 491 558 εἰ
523 505 584 557 δὲ
623 504 688 557 οὐ
724 507 967 569 κοτυλῶν
994 504 1056 569 ς’,
1102 507 1239 559 ἀλλὰ
1275 510 1470 561 ξεςτῶν
1497 506 1559 571 ς’,
1596 507 1663 561 οὐ

127 590 290 656 μικρὰ
324 587 593 655 διαφωνία
625 589 922 654 γενήςεται·
971 591 1112 642 πολὺ
1144 590 1245 655 γὰρ
1271 590 1412 644 ἕςται
1443 593 1503 645 τὸ
1530 593 1663 656 πλῆ-
1693 591 1720 634 5

127 676 225 727 θος
257 673 332 726 ῶς
358 673 497 738 πρὸς
529 673 626 738 τὴν
664 676 775 727 τῶν
811 673 992 728 ἄλλων
1030 673 1353 739 ἀναλογίαν,
1388 675 1435 729 εἴ
1470 691 1546 730 τις
1575 677 1663 740 ἐμ-

126 757 321 824 βάλλοι
347 758 528 812 ξέςτας
557 756 621 823 ιβ’
645 757 843 810 ἐλαίου.

223 910 310 965 46.
359 910 594 963 Indidem
621 915 719 977 (Ch.
745 915 879 973 xm,
914 919 1010 962 785
1035 931 1070 963 s.
1127 917 1179 962 [s.
1206 917 1342 975 xm,
1374 921 1470 964 810
1495 918 1565 977 s.>.

237 1010 464 1064 *Καλῶς
494 1011 588 1075 μὲν
616 1010 830 1076 ἐποίηςε
855 1009 1260 1078 (Ἀνδρόμαχος)
1293 1011 1389 1077 τὴν
1424 1012 1544 1077 περὶ
1569 1013 1661 1077 τῆς

127 1097 260 1163 μνᾶς
287 1094 611 1162 ἀμφιβολίαν
636 1094 835 1149 ἐξελὼν
872 1094 957 1147 καὶ
981 1093 1158 1148 πάντα
1181 1094 1395 1161 γράψας
1420 1096 1507 1149 διὰ
1536 1099 1661 1161 δρα·
1694 1109 1747 1150 10

126 1183 309 1246 χμῶν,
335 1179 411 1232 ὥς
434 1179 520 1232 ἐπὶ
544 1179 715 1244 μόνου
739 1181 836 1232 τοῦ
862 1179 1037 1243 χοέως
1065 1178 1198 1243 ἡμᾶς
1222 1181 1409 1244 Ζητεῑν.
1454 1180 1513 1234 ἐν
1538 1179 1660 1234 τού-

11 1265 49 1322 ;,’”
128 1282 206 1334 τω
229 1264 332 1329 γὰρ
358 1263 578 1328 ἄμεινον
608 1262 660 1315 οἱ
683 1263 778 1315 τὰς
803 1261 849 1321 ς’
873 1262 1102 1315 κοτύλας
1125 1263 1447 1329 γράψαντες.
1479 1263 1660 1318 *οὕτω
1683 1273 1744 1309 811

9 1333 35 1362 ⁵³
126 1350 191 1402 δὲ
223 1348 306 1401 καὶ
340 1348 473 1400 κατὰ
508 1347 571 1399 τὸ
608 1347 791 1399 ἔλαιον
821 1345 897 1399 ὡς
927 1346 1066 1410 πρὸς
1103 1347 1201 1401 τὸν
1242 1347 1480 1412 Κρίτωνα
1520 1349 1661 1415 τρεῖς

129 1432 292 1498 ἐχρῆν
333 1430 499 1485 αὐτὸν
535 1430 909 1496 ἐμβεβληκέναι
945 1431 1137 1495 χοέας,
1179 1430 1255 1485 ὡς
1295 1433 1354 1486 δὲ
1388 1432 1526 1498 πρὸς
1561 1432 1659 1488 τὸν

125 1517 291 1581 Ἡρᾶν
330 1514 690 1570 ὀκτωκαίδεκα
719 1514 968 1568 κοτύλας·
1018 1513 1050 1567 δ
1085 1515 1145 1568 δὲ
1181 1515 1314 1580 χοέα
1353 1517 1436 1569 καὶ
1473 1516 1658 1582 ἥμιςυν
1691 1516 1745 1561 15

121 1601 479 1667 ςυνὲγραψεν.
1581 1597 1586 1601 ’

7 1574 26 1601 ³1⁹

4 1652 28 1669 ἢ

233 1755 320 1807 47.
375 1753 905 1817 Indidem(012.X111‚
936 1759 1048 1806 786.
1102 1758 1155 1805 K.
1182 1758 1327 1817 XIII,
1357 1761 1452 1806 812
1476 1759 1550 1818 s.).

227 1853 322 1906 *Ὁ
347 1854 441 1918 μὲν
468 1850 566 1906 οὖν
591 1851 753 1917 Ἡρᾶς
775 1850 1192 1917 ἠκολουθηκέναι
1215 1851 1386 1918 πάντη
1414 1851 1660 1919 φαίνεται

126 1934 216 2006 τῷ
234 1936 572 2005 Ἡρακλείδῃ,
597 1965 669 1975 -
692 1935 778 1987 καὶ
806 1935 942 2000 παρ’
965 1934 1312 2006 Ἀςκληπιάδῃ
1352 1937 1412 1990 δὲ
1438 1937 1569 1991 κατὰ
1594 1937 1657 1992 τὸ
1680 1958 1744 1994 813

126 2023 383 2087 δεύτερον
424 2022 535 2075 τῶν
580 2020 733 2074 ἐκτὸς
771 2019 830 2075 ἐν
865 2020 1270 2085 τετραπλαςίονι
1304 2024 1367 2089 τῇ
1396 2019 1658 2089 ἀναλογίᾳ
1688 2033 1744 2074 20

128 2107 304 2160 πάντα
335 2106 629 2170 γέγραπται
666 2103 740 2156 ὡς
776 2103 914 2169 πρὸς
949 2104 1045 2158 τὸν
1076 2103 1238 2168 Ἡρᾶν
1275 2105 1404 2169 μετὰ
1441 2108 1537 2158 τοῦ
1576 2107 1660 2158 καὶ

126 2191 355 2246 κοτύλας
393 2188 575 2242 ἐλαίου
613 2187 918 2254 ὀμφακίνου
944 2188 1242 2254 γεγράφθαι
1278 2188 1361 2254 ιβ’,
1407 2191 1505 2242 τοῦ
1544 2188 1659 2254 Κρί·

127 2291 304 2329 τωνος
327 2274 489 2339 χοέας
522 2273 622 2326 δύο
649 2272 1004 2338 γεγραφότος.
1048 2272 1215 2339 καίτοι
1239 2273 1414 2327 πάντα
1438 2273 1570 2326 κατὰ
1594 2272 1662 2327 τό

128 2358 405 2412 διπλάςιον
441 2358 474 2422 ἡ
511 2356 743 2410 ςύνθεςις
780 2355 924 2422 εἶχεν
965 2357 1160 2421 αὐτοῦ,
1194 2357 1278 2410 διὸ
1314 2358 1398 2410 καὶ
1433 2373 1658 2422 προςγε-

127 2442 394 2508 γραφέναι
441 2457 529 2506 μοι
571 2439 786 2493 δοκοῦςί
827 2457 966 2494 τινες
1006 2442 1236 2494 κοτύλας
1283 2439 1341 2506 β’.
1402 2443 1565 2495 τοῦτο
1600 2441 1659 2495 δ’
1688 2453 1744 2497 25

123 2526 261 2580 αὐτὸ
291 2525 451 2579 πάλιν
487 2523 744 2590 μειζόνως
783 2523 1119 2577 ἐναντιοῦται
1147 2529 1208 2592 τῇ
1243 2525 1299 2577 τ’
1323 2524 1541 2593 ἀληθείᾳ
1574 2526 1659 2580 καὶ

127 2615 189 2678 τῇ
223 2613 320 2663 τοῦ
357 2607 691 2675 Ταραντίνου
723 2623 781 2659 τε
817 2607 900 2658 καὶ
937 2608 1067 2672 Ἡρᾶ
1104 2613 1301 2677 γραφῇ.
1358 2608 1390 2662 ὁ
1425 2610 1520 2675 μὲν
1554 2610 1658 2677 γὰρ

124 2693 287 2759 Ἣρᾶς
331 2691 416 2758 ρπ’
457 2692 693 2759 δραχμὰς
741 2690 976 2757 ἔγραψεν
1021 2691 1093 2744 εἰς
1143 2693 1370 2758 ςταθμὸν
1418 2693 1655 2758 ἀνάγων,

126 2776 229 2831 οὐκ
270 2776 343 2831 εἰς
389 2776 584 2843 μέτρον
633 2774 693 2828 τὸ
736 2775 945 2839 ἔλαιον,
999 2774 1074 2830 ὡς
1117 2774 1158 2831 ξ’
1192 2776 1227 2845 <
1269 2777 1521 2844 ἑλκούςης
1564 2780 1656 2843 τῆς

0 2659 15 2694 *f

0 2739 2 2749 -
0 2694 11 2715 7·
0 2645 6 2652 v
0 2565 13 2631 ’Ἢν
0 2489 24 2551 ,5:²¹3-
0 2445 26 2480 G*
0 2063 33 2419 ,Ψιζ<ἡ,,ᾒιυῆηῑᾞ.ᾙῂ
0 1979 26 2051 ,W'J'f'
0 1941 22 1971 3⁴?
0 1874 23 1933 ὶρπε.
0 1768 31 1863 ςῖιὴιϊι-ζ.
4 1717 29 1739 ,ᾖ
11 1695 15 1706 ‚v
10 1631 27 1649 .,

127 2933 413 2986 βουλόμενος
445 2937 490 2976 et
520 2945 656 2987 supra
688 2931 743 2973 fr.
777 2932 831 2973 40
865 2928 884 2984 j!
1078 2933 1144 2974 29.
1175 2932 1203 2987 <
1239 2928 1274 2977 ξ’
1304 2935 1361 2975 K.
