1946 3220
103 107 339 205 [42—44]
556 150 709 187 cAV1s
746 150 814 186 Ac
850 151 1199 187 Ponnnmnus.
1347 181 1350 184 .
1538 134 1645 188 213

33 295 36 336 3
64 267 85 300 ἰ
112 261 258 325 παρὰ
281 248 695 326 τοῖςῬωμαίοις
724 259 1096 326 ὀνομάζεςθαι,
1130 261 1389 315 τοςαύτας
1424 260 1644 325 οὒγγίας

38 340 56 358 ³
111 345 144 411 ἢ
176 344 367 408 λίτρας.
421 343 525 398 ἔςτι
562 346 621 398 δὲ
659 345 792 410 παρ’
827 345 1010 398 αὐτοῖς
1047 346 1241 410 μέτρον
1278 346 1321 414 ᾧ
1354 347 1419 400 τὸ
1457 346 1642 400 ἔλαιον

110 431 387 495 μετροῦςιν
438 428 823 494 ἑντετμημένον
876 432 1137 495 γραμμαῖς
1200 430 1523 495 διαιρούςαις
1577 430 1643 484 τὸ

35 508 74 544 ''-
111 511 318 576 ςύμπαν
345 512 419 566 εἰς
444 512 573 578 μέρη
601 511 680 579 ιβ’,
707 513 792 566 καὶ
823 515 1053 567 καλεῖται
1077 515 1172 579 μὲν
1194 515 1258 568 τὸ
1286 513 1419 569 ὅλον
1445 514 1642 579 μέτρον

39 595 41 597 ’
108 595 212 649 ὑπ’
237 595 415 651 αὐτῶν
443 595 619 662 λίτρα,
645 598 708 652 τὸ
738 597 1044 652 δωδέκατον
1069 599 1125 652 δ’
1152 598 1315 663 αὐτῆς
1340 598 1542 662 οὐγγία.
1577 598 1644 652 τὰ
1674 601 1701 639 5

109 680 205 747 μὲν
232 679 331 734 οὖν
359 682 640 746 μεταλλικὰ
674 682 757 735 καὶ
790 682 820 735 ὁ
847 683 1009 748 κηρὸς
1044 681 1130 736 ἐπὶ
1165 684 1328 745 Ζυγοῦ
1364 683 1437 735 δι’
1462 682 1645 748 ἑτέρας

110 763 329 828 ούγγίας
351 764 579 831 ἵςταται,
603 767 666 820 τὸ
695 766 753 819 δ>
779 765 960 821 ἔλαιον
984 771 1062 837 τῷ
1092 766 1270 832 κέρατι
1298 767 1572 832 μετρεῖται.

251 918 336 972 42.
374 920 607 972 Indidem
637 924 736 985 (cla.
762 925 909 983 XIII,
942 928 1049 972 733.
1101 924 1160 971 Κ.
1186 925 1334 983 XIII,
1369 921 1501 987 647).

216 1018 588 1086 *Λιθαργύρου
612 1021 748 1085 μνᾶν
774 1017 836 1072 α’.
881 1020 914 1085 ἡ
940 1020 999 1074 δὲ
1027 1021 1135 1086 μνᾶ
1164 1019 1272 1086 ἔχει
1300 1019 1334 1087 <
1359 1017 1448 1084 ρξ’.

76 1147 80 1150 ’
108 1171 192 1226 43.
228 1172 463 1226 Indidem
488 1174 673 1246 212·er
694 1173 891 1238 Imm».
903 1178 1039 1236 XIII,
1057 1182 1202 1226 765s.
1235 1178 1287 1226 Is.
1304 1178 1442 1237 XIII,
1468 1177 1643 1238 749s.).
1676 1188 1731 1228 ιο

220 1272 400 1326 *Ἐπεὶ
423 1273 483 1326 δὲ
511 1272 596 1325 καὶ
619 1273 752 1337 μνᾶς
780 1272 1134 1338 ἐμνημόνευςε
1164 1272 1248 1325 καὶ
1277 1272 1532 1338 κοτύλης,
1568 1273 1644 1324 λι-

9 1355 22 1428 J
110 1356 381 1421 θαργύρου
408 1357 503 1422 μὲν
532 1357 669 1422 μνᾶν
697 1355 745 1408 α’
770 1357 1020 1410 κελεύςας
1054 1357 1329 1423 ἑμβαλεῖν;
1364 1356 1548 1410 ἐλαίου
1584 1357 1644 1409 δὲ

109 1441 364 1506 κοτύλην,
415 1439 616 1506 εἴρηται
649 1441 752 1506 γάρ
798 1457 887 1507 μοι
926 1442 1011 1495 καὶ
1060 1441 1147 1494 διὰ
1192 1443 1303 1495 τῶν
1349 1441 1645 1506 ἔμπροςθεν

14 1519 26 1526 “
107 1523 506 1590 ὑπομνημάτων
540 1524 718 1579 ἐνίους
743 1526 838 1590 μὲν
869 1524 1062 1579 εἴκοςιν
1090 1525 1355 1589 ούγγιῶν,
1383 1524 1561 1578 ἐνίους
1586 1524 1645 1576 δὲ

109 1607 382 1663 ἑκκαίδεκα
412 1609 644 1674 νομίζειν
678 1611 777 1676 τὴν
812 1612 977 1675 μνᾶν,
1010 1609 1187 1675 ὥςπερ
1216 1626 1278 1672 γε
1303 1609 1387 1662 καὶ
1412 1608 1641 1672 κοτύλην
1676 1620 1731 1660 15

4 1686 26 1757 177
107 1691 287 1747 ἐνίους
312 1694 409 1758 μὲν
433 1695 473 1748 [ὅ
498 1692 559 1757 θ’,
594 1694 744 1749 τινὰς
779 1695 840 1749 δὲ
874 1689 955 1760 ιβ’,
1004 1694 1228 1759 διορίςαι
1267 1694 1368 1759 χρὴ
1403 1693 1488 1746 καὶ
1524 1693 1644 1757 περὶ

106 1777 333 1832 τούτων.
384 1777 520 1832 *ἐὰν
554 1780 649 1843 μὲν
684 1778 783 1832 οὖν
822 1778 897 1831 ῶς
932 1778 1072 1844 πρὸς
1098 1777 1259 1831 εἴκοςι
1292 1776 1510 1840 ούγγίας
1544 1778 1641 1841 τὴν
1666 1798 1731 1832 750

0 1906 16 1934 :-.
107 1861 246 1927 μνᾶν
291 1862 646 1927 λογιζώμεθα,
698 1864 965 1929 βαλοῦμεν
1012 1861 1195 1915 ἐλαίου
1236 1860 1454 1916 πάντως
1501 1862 1642 1925 τρεῖς
1718 1916 1723 1919 ,

2 1947 14 1998 ἱ
107 1944 336 1999 κοτύλας
362 1945 581 2012 ἑκάςτην
609 1946 846 2010 οὐγγιῶν
871 1944 953 2012 ιβ’,
987 1945 1083 2001 ἐὰν
1119 1947 1178 2000 δὲ
1214 1944 1513 2007 ἑκκαίδεκα,
1553 1948 1642 1997 δυ-

15 2028 24 2055 s
108 2031 275 2084 νατὸν
301 2030 396 2096 μέν
422 2030 526 2089 ,ἐςτι
559 2031 642 2084 καὶ
665 2032 764 2097 τὴν
791 2034 890 2084 τοῦ
918 2030 1102 2084 ἐλαίου
1133 2031 1362 2094 κοτύλην
1399 2028 1473 2081 ὡς
1505 2028 1642 2092 πρὸς
1673 2039 1731 2082 20

0 2112 11 2191 ᾗ
109 2113 269 2170 ἐννέα
297 2114 515 2177 οὐγγίας
542 2115 816 2182 ἐμβαλεῖν,
844 2115 1077 2170 δυνατὸν
1103 2116 1163 2169 δὲ
1189 2114 1274 2168 καὶ
1300 2113 1375 2167 ὡς
1400 2113 1537 2180 πρὸς
1566 2112 1644 2178 ιβ’.

0 2355 16 2364 ,
109 2295 194 2349 44.
231 2295 466 2349 Indidem
493 2314 521 2349 e
543 2297 678 2349 libro
711 2297 757 2348 V
777 2302 876 2362 (Ch.
905 2303 1049 2359 ΧΙΙΙ,
1078 2306 1187 2349 778.
1226 2301 1278 2347 K.
1295 2301 1440 2358 XIII,
1465 2302 1557 2346 789
1573 2296 1644 2360 s.).

0 2399 15 2478 ξ
217 2409 551 2474 *Ταῦταμὲν
580 2409 818 2475 ἔγραψεν
850 2409 880 2463 ὁ
912 2410 1114 2475 Κρίτων
1149 2409 1268 2473 περὶ
1301 2410 1394 2472 τῆς
1431 2405 1641 2460 Ἱκεςίου

0 2493 16 2548 ἑ
110 2492 502 2560 (ἐμπλάςτρου).
566 2492 812 2558 φαίνεται
852 2494 912 2547 δὲ
956 2492 1347 2560 διαφερόμενος
1391 2493 1468 2558 τῷ
1509 2489 1642 2558 Ἡρᾷ

0 2579 8 2592 “
110 2578 230 2642 περὶ
262 2580 355 2642 τῆς
391 2576 699 2642 ςυμμετρίας
733 2578 844 2630 τῶν
884 2577 1075 2629 ἁπλῶν
1111 2575 1438 2642 φαρμάκων,
1473 2574 1528 2629 ἐξ
1559 2573 1638 2628 ὧν
1671 2585 1729 2628 25

112 2659 208 2726 ὅλη
258 2661 526 2723 ςύγκειται.
602 2661 686 2714 καὶ
725 2663 818 2724 τῆς
864 2660 1162 2726 διαφωνίας
1203 2660 1235 2724 ἡ
1275 2660 1369 2724 μέν
1413 2658 1490 2712 τίς
1537 2658 1643 2711 ἑςτι

112 2746 308 2811 ςαφής,
342 2746 374 2809 ἡ
410 2746 468 2798 δὲ
503 2743 876 2810 δυςεπίκριτος.
929 2745 958 2796 ὁ
997 2745 1090 2809 μὲν
1128 2743 1231 2808 γὰρ
1266 2744 1426 2808 Ἡρᾶς
1462 2745 1641 2795 καλῶς

226 2943 294 2985 24.
327 2942 424 2996 Ηρᾳ
458 2943 530 2996 Cle,
561 2942 682 2997 Ἥρᾳ
713 2943 780 2984 Κ;
813 2943 881 2983 sic
914 2942 1053 2985 etiam
1084 2942 1206 2984 infra
1235 2945 1427 2997 uterque
