1946 3220
568 131 900 198 SCRIPTORBS
929 143 1200 199 nonnos.
1344 206 1349 211 θ
1573 143 1642 196 37

0 264 11 283 ³³
48 273 307 337 ‘'fidemum
334 278 570 338 ingressus
594 283 665 323 est
690 274 974 336 Christius2).
1032 275 1119 323 Sed
1144 275 1277 323 nohis
1302 289 1354 322 ea
1378 289 1453 322 res
1479 275 1542 321 ita
1569 289 1644 321 ex-

47 342 59 359 ’”
124 347 332 409 ponenda
372 361 473 394 esse
509 347 712 404 videtur,
751 354 802 393 ut
838 361 931 393 non
967 347 1116 394 solum
1148 347 1350 392 rationes
1384 360 1408 391 a
1445 345 1644 391 Christio

59 419 69 451 Γ·
126 419 419 465 concinnatas
448 419 631 478 egregie
658 418 778 463 inter
801 431 849 463 se
877 418 1115 464 convenire
1140 417 1526 472 demonstremus,
1563 415 1643 462 sed

43 489 85 508 ¹
125 489 259 533 etiam
299 487 469 533 nullam
516 489 699 534 omnino
750 487 878 533 aliam
913 490 1132 534 rationem
1168 501 1269 534 esse
1307 482 1643 543 convincamus.)

38 531 54 565 ⁴³
85 593 94 597 .
126 571 214 618 qua
237 564 360 604 recte
390 558 501 604 haec
528 557 679 603 tabula
704 558 917 618 explicari
943 558 1105 619 possit.

36 637 47 647 ·
263 627 423 674 Librae
448 635 602 688 partes
628 629 690 674 ita
716 629 969 689 descriptae
995 635 1117 686 sunt,
1146 635 1197 674 ut
1223 627 1399 674 duobus
1426 627 1540 673 locis
1566 627 1645 673 ubi

31 717 41 728 *¹
124 699 301 744 numeri
338 698 498 744 leviter
532 700 736 759 corrupti
764 700 1052 745 inveniuntur
1075 713 1177 744 vera
1205 698 1321 744 ratio
1349 704 1513 759 sponte
1539 710 1646 758 pro-

15 795 54 842 ,2-
125 769 261 814 deat.¹
316 768 363 814 ln
402 769 557 815 talenti
594 776 742 815 autem
787 771 1026 830 minaeque
1061 769 1374 815 aestimatione
1410 775 1455 813 et
1489 768 1646 828 plures

123 840 315 885 numeri·
335 839 456 900 iique
491 841 670 899 gravius
698 840 953 900 depravati,
992 854 1073 886 nec
1109 840 1162 885 de
1198 840 1298 900 ipso
1334 839 1645 885 drachmarum

23 907 46 956 ἶ
123 923 312 956 numero
358 910 435 970 qui
484 910 722 956 conveniat
768 912 913 956 minae
959 925 1008 956 ac
1055 909 1223 957 talento
1266 916 1459 956 constat.
1523 908 1645 965 Quae

127 980 215 1024 iam
241 979 307 1026 sic
331 981 452 1025 inter
475 994 524 1026 se
553 994 883 1041 comparemus,
909 988 960 1027 ut
988 988 1100 1041 quot
1126 980 1362 1027 drachmae
1390 993 1442 1025 ex
1468 991 1646 1039 quaque

130 1049 306 1096 tabulae
340 1052 539 1111 partein
566 1051 731 1096 minam
768 1051 1030 1098 referendae
1065 1053 1157 1097 sint
1189 1050 1428 1096 videamus.
1496 1049 1649 1096 Tradit

126 1121 325 1181 scriptor
351 1121 518 1167 codicis
546 1121 782 1167 Bobiensis
809 1122 1027 1173 talentum
1054 1122 1219 1168 hahere

266 1191 404 1237 libras
625 1191 709 1248 88,
738 1207 847 1253 ergo
874 1194 1036 1238 minam
1064 1193 1297 1239 drachmas
1324 1188 1462 1255 140}

267 1263 420 1308 uncias
587 1261 690 1308 468
765 1289 829 1297 —
916 1289 986 1297 —
1138 1288 1207 1296 —
1359 1258 1462 1326 6225ι

269 1339 459 1377 stateres
555 1332 687 1379 1935
761 1360 832 1368 —-
915 1361 985 1367 —
1138 1360 1206 1366 —
1326 1332 1425 1379 129

267 1403 473 1462 dragmas
553 1402 690 1449 7340
761 1429 830 1438 -—
914 1430 986 1438 —
1136 1430 1206 1436 —
1325 1399 1463 1467 122}

266 1473 494 1532 scripulos
511 1471 685 1519 23220
758 1498 824 1507 ——
918 1500 980 1507 —
1136 1500 1205 1507 —
1328 1473 1427 1519 129

267 1543 427 1589 obolos
509 1542 684 1590 45440
756 1571 824 1578 —
913 1571 980 1579 —
1133 1569 1203 1577 —
1324 1535 1465 1608 126}

266 1613 453 1674 siliquas
515 1613 689 1679 92880
760 1642 828 1649 —
918 1642 988 1650 --
1142 1641 1211 1647 —
1325 1614 1423 1660 129

126 1690 220 1728 tum
249 1683 366 1728 idem
390 1684 500 1730 dicit
523 1685 687 1729 minam
714 1687 877 1732 habere
934 1748 938 1752 ι
1326 1749 1330 1752 ἢ

265 1753 424 1799 libram
455 1755 481 1799 1
512 1755 669 1800 uncias
695 1755 727 1801 4
754 1757 821 1802 dr.
845 1757 892 1810 1.,
919 1758 946 1802 i.
967 1770 1005 1801 e.
1029 1756 1262 1802 drachmas
1294 1754 1392 1801 129

269 1830 460 1870 stateres
490 1823 555 1869 22
589 1825 819 1886 dragmam
851 1828 877 1872 1
915 1853 986 1862 -
1133 1850 1192 1859 --
1327 1825 1394 1872 89

267 1894 475 1955 dragmas
504 1894 602 1941 199
698 1931 707 1941 .
785 1932 795 1942 .
875 1933 884 1942 .
915 1923 982 1928 —
1130 1922 1193 1928 —
1294 1894 1392 1941 199

270 1965 495 2026 scripulos
530 1965 629 2012 387
698 2002 707 2012 .
785 2003 794 2012 .
872 2002 882 2012 .
920 1993 977 1999 --
1131 1994 1191 2002 -—
1293 1965 1406 2012 129.

231 2055 321 2101 Iam
343 2056 458 2103 hanc
482 2057 678 2104 tabulam
705 2061 742 2104 si
769 2060 914 2106 oculis
942 2059 1295 2118 collustraveris,
1322 2065 1486 2119 sponte
1511 2074 1648 2120 appa-

125 2125 245 2172 rebit
279 2140 357 2172 eos
386 2141 603 2174 numeros
628 2131 672 2174 in
701 2130 856 2176 codice
884 2132 1091 2190 integros
1119 2144 1247 2187 esse,
1288 2144 1342 2176 ex
1371 2129 1534 2190 quibus
1565 2143 1649 2190 par

126 2195 438 2251 drachmarum
473 2212 645 2245 summa
683 2201 735 2246 ad
774 2202 938 2246 minam
972 2201 1151 2246 redacta
1188 2201 1378 2246 oriatur.
1443 2199 1648 2246 Redeunt

126 2274 278 2313 autem
304 2267 547 2328 quinquies
568 2270 807 2318 drachmae
826 2271 987 2317 CXXIX
1009 2285 1060 2316 ex
1086 2271 1274 2316 diversis
1299 2271 1499 2316 numeris
1526 2283 1649 2316 com-

125 2343 332 2398 putatae3
384 2351 491 2397 ergo
528 2340 723 2392 efficitur
755 2341 875 2388 hunc
907 2356 1047 2388 unum
1085 2339 1237 2387 verum
1272 2354 1510 2387 numerum
1546 2354 1646 2386 esse

126 2407 435 2453 drachmarum
462 2412 578 2469 quae
603 2412 649 2457 in
675 2413 840 2457 minam
866 2413 1129 2469 incurrunt,
1156 2412 1358 2472 reliquos
1384 2417 1535 2456 autem
1563 2425 1649 2456 nu·

125 2490 275 2524 meros
311 2486 555 2540 corruptos
581 2495 633 2527 ex
664 2482 747 2529 hac
774 2482 971 2542 genuina
996 2484 1171 2527 ratione
1205 2481 1502 2542 corrigendos
1529 2494 1645 2528 esse.

56 2571 61 2576 ’
127 2547 238 2594 Hinc
262 2547 484 2595 Christius
513 2565 660 2598 veram
686 2554 957 2613 scripturam
985 2547 1259 2611 restituit³)‚
1298 2566 1429 2612 quam
1455 2566 1539 2598 nos
1562 2553 1647 2598 hac

82 2647 90 2654 -
126 2618 278 2665 tabula
306 2618 451 2665 oculiS
473 2622 797 2683 proponimus:

239 2798 284 2851 2)
314 2799 366 2840 V.
401 2802 717 2842 commentarii
746 2801 836 2843 vol.
867 2800 889 2840 I
926 2814 968 2854 p.
1002 2801 1055 2841 67
1088 2800 1189 2841 adn.
1223 2802 1249 2842 5
1281 2802 1414 2843 citati
1442 2815 1487 2856 p.
1518 2803 1572 2842 64
1602 2814 1640 2843 3.

239 2854 287 2906 3)
317 2855 530 2896 Erratum
562 2858 697 2898 estin
726 2869 816 2897 uno
847 2869 1031 2897 numero
1053 2857 1321 2910 siliquarum
1343 2871 1460 2911 quae
1487 2859 1539 2898 ¹in
1569 2863 1641 2898 ta-

44 2902 67 2943 ft
127 2907 299 2951 lentum
328 2911 578 2962 incurrunt,
610 2914 690 2954 ubi
710 2912 815 2953 XCI
838 2911 964 2953 milia
995 2912 1209 2967 leguntur
1238 2927 1318 2968 pro
1347 2913 1491 2964 XCII,
1524 2915 1642 2956 sicut

44 3012 54 3021 ᾖ,
126 2969 253 3007 reete
283 2966 423 3009 habet
455 2969 610 3010 codex.
