1946 3220
514 0 620 15 ⁴*“.·-
767 0 954 15 ›*‚··*⁴‘

771 144 1087 180 raam-Amo.
1626 142 1691 182 lx
1735 121 1738 125 “

17 320 19 326 Α
87 259 286 335 Ἣ,ὶιιιιε
314 263 462 304 tamen
489 259 677 305 meliore
703 239 907 319 exemplo
943 272 1077 318 quam
1114 273 1260 320 nuper
1284 258 1532 306 Christium
1557 275 1688 307 usum

16 369 19 390 ψ,
92 320 285 378 ‘jessea

87 395 131 463 ’ἐξ
186 414 188 418 “
275 395 391 444 120.
433 396 653 444 Carminis
689 399 745 443 de
778 399 1055 459 ponderibus
1093 399 1232 445 codex
1264 399 1538 461 archetypus
1572 402 1687 461 ipse,

75 462 125 496 ’)”·
167 467 290 514 unde
316 479 474 512 omnes
501 470 647 514 nostri
671 467 777 514 libri
804 482 938 514 manu
964 470 1124 530 scripti
1153 469 1340 516 derivati
1370 477 1502 525 sunt,
1540 476 1611 516 tot
1644 479 1690 516 et

95 564 99 572 ·
170 545 259 583 tam
295 536 508 597 gravibus
542 538 714 583 mendis
758 538 1021 598 inquinatus
1065 540 1176 596 suit,
1224 546 1299 597 ut,
1344 541 1518 585 etiamsi
1562 539 1689 586 illum

100 614 113 621 “
139 604 332 653 -Jibrum
371 609 414 652 in
453 608 660 653 manibus
698 608 991 665 haberemus,
1036 608 1244 669 plurimis
1290 616 1435 655 tamen
1478 610 1592 655 locis
1635 611 1689 656 de

69 677 82 739 2,
167 678 362 738 genuiua
387 678 612 738 scriptura
639 678 861 724 dubitatio
886 679 1234 738 relinqueretur.
1285 679 1374 724 lam
1395 693 1500 724 vero
1528 693 1578 725 ex
1603 680 1691 725 hoe

87 747 97 750 ’
169 748 299 807 quasi
328 748 506 807 impuro
546 748 673 793 sonte
709 749 932 794 turbatior
968 749 1101 794 etiam
1129 748 1301 793 rivulus
1325 748 1509 794 defluxit
1541 751 1586 794 in
1614 764 1690 795 co-

166 817 311 863 dicem
349 816 475 862 illum
514 820 659 864 octavi
689 819 881 875 saeculi,
914 819 1020 864 olim
1049 818 1340 874 Bobiensem‚
1379 833 1499 864 nunc
1527 819 1690 864 Vindo-

170 887 441 945 bonensem‚
470 889 597 933 cuius
629 890 899 949 scripturam
935 890 978 933 in
1006 889 1149 934 lucem
1178 888 1370 948 protulit
1395 887 1690 934 Endlieherus

169 955 399 1015 (Prisciani
437 959 972 1018 grammatici-carmina.
1019 958 1205 1003 Vindob.
1236 957 1404 1015 1828).
1471 959 1579 1006 Nam
1619 973 1690 1004 ex-

167 1035 321 1073 aratus
349 1034 420 1072 est
445 1029 483 1072 is
516 1029 658 1074 codex
691 1043 876 1088 magna,
922 1037 972 1074 ut
1006 1030 1206 1083 videtur,
1244 1028 1465 1073 scribendi
1507 1029 1689 1073 festina·

167 1099 293 1142 tione
331 1097 386 1142 ab
422 1099 603 1143 homine
640 1099 876 1144 admodum
916 1099 1074 1158 ignaro
1111 1107 1246 1158 atque
1278 1098 1568 1157 indiligente‚
1613 1099 1688 1158 qui

166 1182 258 1212 non
285 1167 433 1212 solum
461 1169 701 1214 oscitantia
727 1170 921 1229 plurima
949 1171 1217 1228 peccaverit,
1247 1168 1325 1213 sed
1351 1170 1502 1226 etiam,
1535 1182 1690 1228 quam-

61 1241 69 1267 ·'
135 1283 138 1286 ,
169 1238 235 1282 vis
262 1239 329 1283 vix
355 1237 513 1282 Latina
541 1241 706 1295 sciret,
741 1239 1015 1298 aliquotiens
1048 1253 1096 1283 ea
1126 1253 1239 1298 quae
1269 1239 1312 1282 in
1340 1239 1587 1298 archetypo
1614 1246 1691 1283 aut

60 1318 66 1326 ·
166 1321 258 1352 non
297 1308 508 1354 distincte
552 1316 630 1354 aut
666 1309 928 1369 perturbate
971 1310 1138 1368 scripta
1184 1315 1335 1353 essent
1378 1323 1460 1368 pro
1500 1307 1689 1353 arbitrio

169 1378 407 1422 mutaverit
443 1377 558 1436 (vide
587 1393 687 1424 cum
717 1379 830 1424 alios
856 1377 983 1424 locos
1011 1386 1104 1424 tum
1130 1393 1192 1423 vs.
1221 1378 1311 1424 33:
1350 1393 1489 1436 quam
1518 1379 1690 1422 discere

169 1449 395 1503 duellam,
419 1448 510 1494 76:
537 1451 628 1494 hoc
649 1453 693 1494 si
715 1449 877 1506 basori,
900 1448 1022 1494 112:
1051 1449 1322 1492 modulatus
1346 1462 1431 1491 suo
1455 1461 1546 1506 per
1573 1461 1689 1503 esse,

171 1517 298 1564 133:
338 1523 446 1576 quis
475 1522 631 1563 minor
666 1518 887 1579 arqenti).
951 1519 1190 1564 Praeterea
1231 1532 1283 1562 ex
1324 1519 1570 1578 archetypo
1616 1517 1689 1563 alii

171 1587 277 1633 libri
303 1590 474 1634 maiore
501 1603 600 1634 cum
627 1604 734 1635 cura
761 1598 806 1635 et
826 1604 847 1634 a
869 1588 1164 1649 peritioribus
1193 1588 1448 1633 hominibus
1477 1587 1691 1647 descripti

168 1664 275 1703 sunt
315 1659 437 1717 iique
474 1659 519 1703 in
560 1661 784 1705 variorum
829 1660 1223 1718 grammaticorum
1267 1672 1424 1702 manus
1458 1664 1691 1713 venerunt,

169 1729 246 1788 qui
279 1729 554 1774 coniecturis
581 1736 626 1774 et
652 1738 896 1789 corruptos
923 1729 1049 1774 locos
1076 1736 1145 1784 et,
1174 1736 1223 1773 ut
1254 1727 1350 1772 lieri
1374 1728 1517 1783 solet,
1553 1729 1687 1771 etiam

169 1800 375 1856 integros
413 1805 654 1844 tentarent.
708 1799 812 1844 lnde
847 1805 960 1858 quot
1002 1798 1097 1842 sere
1143 1804 1250 1842 sunt
1296 1797 1473 1842 codices
1508 1803 1691 1856 praeter

166 1867 455 1926 Bobiensem‚
486 1876 556 1913 tot
583 1870 750 1914 formas
778 1868 995 1914 babemus
1023 1868 1157 1912 huius
1185 1868 1394 1912 carminis
1422 1881 1444 1910 a
1472 1880 1691 1924 gramma-

171 1939 273 1984 ticis
303 1938 469 1998 partim
498 1939 748 1998 depravati;
777 1939 941 1999 quibus
969 1937 1096 1982 libris
1124 1937 1293 1982 accedit
1330 1937 1472 1996 ipsius
1499 1936 1689 1980 Bobien-

170 2009 231 2059 sis
269 2010 494 2068 scriptura
530 2010 725 2061 secunda
763 2024 811 2054 ac
849 2009 1008 2065 tertia,
1049 2015 1239 2067 utraque
1275 2021 1326 2051 ex
1364 2007 1518 2051 codem
1554 2005 1692 2050 inter-

170 2079 450 2139 polationum
477 2093 645 2138 genere
676 2087 789 2124 orta.
839 2078 978 2124 Nobis
1011 2080 1054 2122 in
1082 2077 1355 2122 recensendo
1383 2077 1469 2120 boc
1497 2077 1690 2121 carmine

169 2162 355 2195 neeesse
381 2150 524 2194 visum
553 2157 623 2194 est
650 2150 843 2209 primum
871 2163 1025 2193 omnes
1054 2147 1283 2192 Bobiensis
1314 2146 1415 2191 libri
1443 2147 1691 2205 scripturas

170 2219 410 2275 adnotare,
439 2233 554 2278 quae
581 2220 699 2279 apud
724 2219 1039 2264 Eudlicberum
1069 2220 1188 2262 iuter
1217 2217 1413 2277 reliquas
1439 2215 1691 2260 adnotatio-

171 2303 251 2334 nes
279 2290 510 2350 dispersae
546 2304 637 2334 non
673 2291 733 2335 ita
770 2291 813 2334 in
842 2289 1076 2334 oculorum
1104 2287 1311 2340 obtutum
1338 2286 1525 2340 cadunt,
1562 2291 1611 2328 ut
1646 2291 1691 2328 et

81 2358 86 2365 ’
122 2360 125 2361 ’
171 2359 337 2404 codicis
364 2361 612 2405 auctoritas
639 2367 683 2404 et
710 2360 890 2405 criticae
917 2350 1027 2403 artis
1054 2359 1169 2404 ratio
1201 2357 1404 2416 requirit.
1457 2354 1691 2399 Praeterea

172 2428 359 2474 alterius
387 2430 558 2475 somnae
589 2444 720 2489 quam
750 2429 1064 2487 interpolatam
1094 2428 1285 2472 diximus
1314 2426 1538 2484 specimen
1564 2437 1692 2483 prae·

162 2489 348 2544 ‘buimus
376 2514 427 2544 ex
456 2499 819 2558 Guelferbytauis
850 2498 1025 2542 duobus
1051 2496 1281 2550 flumenis,
1308 2494 1450 2539 altero
1484 2493 1602 2549 132,
1629 2491 1691 2537 al-

169 2577 270 2614 tero
304 2569 370 2616 64
397 2570 610 2629 (utroque
639 2569 822 2614 membr.
851 2582 967 2612 saec.
995 2567 1029 2611 X
1060 2569 1102 2610 iu
1131 2565 1198 2622 4),
1230 2579 1345 2623 quos
1373 2562 1512 2608 libros
1539 2563 1692 2608 admo·

170 2639 276 2685 dum
310 2639 607 2699 neglegenter
635 2639 740 2684 olim
767 2653 789 2682 a
818 2635 1128 2682 Werusdorlio
1164 2634 1389 2679 adhibitos
1424 2647 1510 2693 ego
1541 2632 1690 2677 denuo

171 2723 273 2755 cum
295 2708 549 2755 Endlicberi
577 2710 776 2755 editione
800 2706 989 2753 contuli,
1045 2703 1297 2763 Signilieavi
1325 2703 1590 2749 Bobiensem
1616 2717 1692 2747 co·

171 2779 316 2824 dicem
340 2780 491 2825 littera
524 2780 561 2824 A
596 2779 799 2839 (primam
830 2778 925 2822 eius
954 2789 1130 2821 manum
1160 2770 1235 2830 A¹‚
1262 2774 1501 2819 secundam
1528 2780 1574 2817 et
1602 2780 1691 2816 ter-

173 2848 278 2894 tiam
303 2847 365 2894 A²
392 2857 438 2895 et
463 2845 558 2907 Αῆ,
589 2857 680 2894 tum
710 2847 956 2892 Gudianum
983 2846 1177 2905 priorem
1209 2844 1262 2897 Β,
1294 2843 1485 2889 alterum
1513 2844 1562 2887 C.
1614 2841 1690 2885 llis

171 2919 402 2965 codicibus
438 2919 600 2964 addere
636 2926 841 2978 poteram
876 2917 1128 2961 Parisinum
1168 2913 1299 2961 7211
1345 2913 1398 2959 ab
1438 2911 1690 2971 Angelouio
