1946 3220
250 155 355 210 332
847 169 1160 204 FRAGMENTA
1645 143 1785 224 [105]

359 282 608 346 (χοῑνος,
638 280 831 344 μέτρον
857 276 1242 343 γεωμετρικόν,
1273 277 1348 332 ὥς
1370 295 1528 344 φηςιν
1555 280 1776 345 Ἡρόδο-

250 383 342 420 τος
368 367 426 419 ἑν
453 370 515 433 τῇ
546 362 589 429 β’
616 366 727 416 τῶν
752 362 1011 428 ἱςτοριῶν.

357 449 637 502 Τάλαντον
658 447 836 499 πολλὰ
857 448 951 511 μὲν
976 444 1222 512 ςημαίνει.
1260 447 1291 513 ἢ
1318 448 1421 514 γὰρ
1446 447 1508 502 τὸ
1535 447 1776 514 μέγιςτον

251 533 465 599 χρυςίου
513 531 597 585 καὶ
639 530 894 597 ἀργυρίου
932 531 1119 597 μέρος,
1164 533 1287 584 καθ’
1325 533 1356 585 ὃ
1393 532 1779 599 ςημαινόμενον

195 635 222 676 5
251 617 601 683 Δημοςθένης
641 617 765 682 φηςὶ
804 616 1138 685 πεντήκοντα
1171 616 1419 671 τάλαντα.
1477 618 1509 682 ἢ
1545 619 1775 682 ςταθμοῦ

248 718 297 755 τι
342 700 543 766 ὄνομα,
594 701 773 765 ὥςπερ
815 701 1220 767 Ἀριςτοφάνης·
1286 702 1444 756 (ἀλλ’
1472 701 1505 766 ἡ
1530 701 1779 769 ταλάντῳ

250 786 467 851 μουςικὴ
495 786 840 852 κριθήςεται·’
880 785 963 838 καὶ
981 786 1044 839 τὸ
1070 785 1377 852 Ὁμηρικόν·
1412 785 1654 851 εχρύςεια
1678 801 1779 838 πα-

250 869 348 935 τὴρ
375 869 599 924 ἐτίταινε
631 870 901 924 τάλαντα.’
938 871 1118 935 τρίτον
1147 870 1536 936 ςημαινόμενον
1562 871 1594 935 ἡ
1624 868 1780 935 ῥοπή.

252 953 508 1019 τέταρτον
549 954 772 1020 ἀριθμοῦ
809 973 855 1008 τι
892 954 1093 1020 ὄνομα,
1131 955 1215 1009 ὡς
1253 955 1338 1008 καὶ
1374 955 1781 1008 πολυτάλαντος

131 1085 151 1103 .
168 1053 222 1096 10
252 1037 284 1091 ὁ
311 1039 590 1110 πλούςιος·
617 1041 700 1091 καὶ
723 1040 785 1093 τὸ
814 1039 1123 1104 Ὁμηρικόν·
1156 1042 1318 1092 (κεῖτο
1337 1039 1442 1105 γὰρ
1470 1039 1528 1093 ἐν
1557 1039 1780 1104 μέςςοιςι

251 1123 351 1176 δύο
385 1125 605 1189 χρυςοῖο
637 1123 905 1178 τάλαντα.’
944 1124 1028 1177 καὶ
1053 1123 1371 1178 διτάλαντον
1409 1125 1469 1176 δὲ
1501 1124 1584 1176 καὶ
1610 1121 1790 1187 τριτάε

252 1209 452 1262 λαντον
483 1208 566 1261 καὶ
588 1207 945 1273 ἡμιτάλαντον
972 1208 1192 1271 λέγεται.
1244 1206 1438 1274 ἀρχαία
1463 1209 1522 1261 δὲ
1547 1208 1579 1271 ἡ
1606 1209 1785 1273 χρῆςις

252 1291 335 1344 καὶ
359 1292 392 1356 ἡ
421 1292 520 1345 τοῦ
539 1292 716 1356 τρίτον
745 1292 1100 1358 ἡμιτάλαντον
1122 1292 1206 1345 καὶ
1231 1292 1475 1357 πέμπτον
1502 1291 1784 1356 ἡμιτάλαν-

252 1392 349 1431 τον
379 1376 462 1429 καὶ
489 1377 721 1442 ἕβδομον
752 1377 1123 1442 ἡμιτάλαντον.
1162 1376 1269 1430 ἕςτι
1301 1377 1360 1430 δὲ
1390 1376 1453 1430 τὸ
1481 1377 1576 1441 μἐν
1603 1374 1782 1441 τρίτον

169 1475 222 1517 15
251 1460 607 1525 ἡμιτάλαντον
633 1461 732 1514 δύο
759 1461 910 1526 ἥμιςυ
936 1461 1198 1525 τάλαντα,
1225 1461 1289 1514 τὸ
1317 1462 1376 1515 δὲ
1402 1460 1645 1525 πέμπτον
1672 1459 1784 1524 ἡμι-

252 1543 519 1600 τάλαντον
550 1545 773 1610 τέςςαρα
810 1545 989 1610 ἥμιςυ,
1024 1543 1109 1617 καὶ
1140 1545 1203 1598 τὸ
1240 1545 1472 1610 ἕβδομον
1501 1543 1783 1609 ἡμιτάλαν-

252 1644 349 1682 τον
386 1629 440 1684 ἓξ
474 1627 638 1694 ἥμιςυ.
690 1629 773 1682 καὶ
800 1628 945 1682 ὅλως
968 1627 1188 1682 ,οὗτινος
1220 1629 1442 1694 ἀριθμοῦ
1472 1627 1782 1696 παρωνύμῳ

253 1712 398 1778 μέρει
423 1711 751 1778 ἐπονομάςαι
777 1730 854 1766 τις
879 1713 942 1766 τό
973 1713 1349 1778 ἡμιτάλαντον,
1374 1711 1573 1767 τούτου
1599 1711 1630 1764 ὁ
1651 1727 1783 1776 προ-

252 1796 551 1863 ἡγούμενος
590 1795 807 1863 ἀριθμὸς
849 1797 1140 1865 ἑφαρμόςει
1173 1798 1287 1851 τοῖς
1319 1796 1624 1851 ταλάντοις·
1664 1794 1783 1850 οἷον

168 1895 224 1937 20
253 1881 320 1935 ἂν
349 1882 444 1946 μὲν
471 1879 704 1946 ὄγδοον,
731 1882 891 1946 ἑπτά,
935 1882 1000 1936 ἂν
1029 1883 1088 1936 δὲ
1116 1881 1338 1946 ἔνατον,
1372 1881 1542 1946 ὀκτώ,
1572 1895 1780 1945 ςυναρι-

253 1965 555 2031 θμουμένου
594 1965 845 2031 δηλονότι
886 1966 970 2020 καὶ
1006 1969 1106 2020 τοῦ
1147 1966 1313 2032 ἥμιςυ.
1361 1966 1523 2032 φίλον
1570 1965 1630 2018 δὲ
1672 1964 1785 2017 τοῖς

255 2047 495 2114 ἀρχαίοις
531 2050 615 2102 καὶ
649 2051 713 2103 τὸ
745 2051 805 2105 ἓν
839 2050 993 2116 ἥμιςυ
1025 2050 1293 2106 τάλαντον
1319 2049 1438 2116 τρία
1463 2048 1787 2114 ἡμιτάλαντα

207 2155 213 2160 ’
254 2132 454 2197 λέγειν·
481 2132 556 2186 ῶς
580 2133 666 2186 καὶ
683 2133 801 2199 τρία
824 2134 1074 2200 ἡμίμναια
1098 2135 1195 2200 τὴν
1224 2133 1345 2198 μίαν
1370 2132 1604 2198 ἡμίςειαν
1632 2133 1782 2197 μνᾶν.

360 2217 758 2283 Ταρτημόριον,
793 2218 1072 2284 δίχαλκον·
1118 2217 1149 2271 ὃ
1174 2217 1280 2282 γὰρ
1311 2217 1544 2283 χαλκοῦς
1579 2214 1782 2278 ὄγδοον

171 2315 225 2357 25
254 2303 352 2355 τοῦ
384 2299 602 2366 ὀβολοῦ.
650 2302 733 2354 καὶ
763 2301 1174 2368 ταρτημοριαῑόν
1201 2316 1318 2356 τινα
1348 2303 1624 2364 καλοῦςιν,
1662 2299 1783 2353 οἷον

255 2384 507 2450 διχάλκου
538 2384 703 2440 ἄξιον.

363 2469 805 2535 Τεταρτημόριον,
831 2470 894 2523 τὸ
921 2468 982 2524 δ”
992 2468 1155 2536 μέρος
1181 2471 1279 2524 τοῦ
1301 2468 1523 2536 ὀβολοῦ,
1549 2468 1788 2523 τουτέςτι

374 2680 411 2719 7.
444 2677 602 2731 χρυςία
633 2680 731 2724 cod.
764 2682 909 2733 primo
1037 2683 1103 2724 10.
1137 2686 1332 2732 ι’μεςοιςι
1362 2679 1445 2723 δυο
1475 2677 1786 2733 χρυςοταλαν-

259 2757 368 2789 τοι*
400 2746 445 2797 (ν
478 2749 579 2789 scil.
616 2749 764 2803 eraso)
798 2754 922 2803 erat,
964 2751 1045 2794 sed
1074 2751 1238 2794 ultima
1271 2763 1355 2792 em.
1387 2762 1447 2792 m.
1477 2762 1543 2803 pr.
1573 2753 1626 2790 ut
1654 2751 1783 2802 puto’

262 2816 444 2857 Dobree.
562 2820 627 2862 16.
661 2818 859 2870 εὔδομον
891 2819 990 2863 eod.
1095 2822 1161 2864 17.
1192 2818 1237 2862 ἐξ
1271 2820 1372 2861 cod.
1488 2820 1556 2862 20.
1590 2814 1782 2870 ἔνατον]

260 2883 394 2927 ἐννέα
423 2885 524 2927 eod.
634 2889 701 2928 21.
734 2887 878 2939 δῆλον
909 2888 983 2932 ὅτι
1012 2890 1053 2932 Ρ
1165 2892 1231 2932 23.
1261 2888 1396 2941 ἥμιςυ
1426 2889 1467 2928 P
1579 2889 1648 2929 25.
1680 2885 1786 2929 τινὰ

259 2955 300 2994 Ρ
412 2955 479 2996 27.
509 2959 553 2996 et
583 2968 625 3008 p.
650 2959 732 2998 333
762 2961 864 3030 v.··2.
896 2953 933 2999 δ’
955 2961 997 3000 Ρ

1788 0 1797 10 .,

1816 39 1823 42 .

1902 1243 1904 1246 ,
1887 1106 1894 1109 =
1878 1039 1903 1062 .‘
1897 918 1909 947 ,ς
1896 782 1902 812 .,
1883 461 1910 643 Ὶι....;·ν.<,.
1872 322 1891 333 ¹·
1874 248 1879 262 ”
1878 207 1879 211 ⁴

1898 944 1935 1279 νῖ·.,ἰ“δ’ἕὶξο’ἐ·.ι“”,ῑ”““·-
1903 810 1909 814 ’
1901 549 1934 758 ³012„ss
1904 487 1933 492 j
1898 401 1932 455 ‘zm
1914 367 1930 373 z
1902 202 1930 325 ἵκει-ω·
1920 116 1925 122 -
1919 81 1924 84 ‹
