1946 3220
507 0 525 29 *J
574 0 764 38 ..thr
775 0 1251 27 ”rszww-v---rm’ss'w'
1274 0 1362 17 “s-'w-
1384 0 1423 19 “.·“
1453 15 1456 18 ·
1493 3 1500 6 ·

596 152 933 188 SCRIPTORES
958 152 1234 189 ROMANOS.
1553 177 1561 180 -
1607 138 1670 188 11

145 267 206 316 ad
239 272 441 314 nostram
481 273 675 313 aetatem
712 263 1008 327 pervenit¹⁰):
1048 267 1171 328 quod
1206 269 1243 313 si
1281 273 1426 314 totum
1453 275 1670 327 exstaret,

28 353 32 370 τ
60 371 75 405 .‘
147 337 415 384 haberemus
442 337 738 397 geometriam
766 337 821 382 ab
846 338 1046 383 Romano
1078 338 1261 383 homine
1286 351 1433 399 eoque
1458 339 1672 384 eruditis-

26 412 28 416 ’
67 408 77 445 ῗ
147 407 263 453 simo
304 408 607 467 conscriptam
648 420 699 453 ac
733 407 990 453 videremus
1015 408 1244 454 Romanos
1282 408 1435 469 paullo
1462 409 1599 455 altius
1626 409 1670 454 iu

144 492 245 524 eam
272 477 503 523 scientiam
530 478 839 537 penetravisse
861 491 993 538 quam
1013 478 1150 537 vulgo
1171 484 1382 538 putatur;
1422 493 1543 526 nunc
1563 493 1670 526 vero

146 555 327 608 praeter
370 549 448 594 has
494 548 702 592 minimas
736 547 859 592 Balbi
904 548 1122 607 reliquias
1163 549 1274 593 nihil
1322 549 1443 609 quod
1485 550 1670 609 dignum

145 618 278 664 laude
304 618 365 663 sit
390 624 536 664 exstat
560 617 719 662 Latino
748 631 957 681 sermone
986 618 1042 663 de
1069 622 1320 678 geometria
1349 620 1586 679 scriptum.

250 689 451 748 Denique
477 688 532 734 de
560 687 764 734 fontibus
801 685 1000 734 breviter
1035 689 1273 736 dicendum
1310 696 1407 746 est,
1444 690 1562 735 unde
1589 705 1669 736 sua

141 757 410 803 derivaverit
436 758 613 804 Balbus.
677 758 758 804 Hic
791 772 883 803 non
921 757 1032 803 satis
1069 766 1138 804 est
1164 759 1218 805 ad
1243 758 1471 804 Euclidem
1499 760 1670 805 referre

143 828 279 873 verba
314 828 499 874 Romani
535 831 798 889 scriptoris,
837 829 960 874 velut
995 829 1128 876 haec:
1190 830 1390 890 Siquam
1427 837 1495 875 est
1532 836 1670 876 cuius

135 913 263 956 pars
290 900 427 944 nulla
458 905 551 955 est,
589 899 740 944 Linea
772 908 842 945 est
875 901 1123 959 lonqitudo
1152 905 1256 946 sine
1283 901 1566 956 latitudine,
1608 901 1666 946 li—

142 982 265 1014 neae
304 976 463 1014 aatem
492 972 614 1027 fines
644 975 814 1030 siyna;
854 984 969 1030 quae
997 985 1105 1016 sane
1132 977 1481 1031 expressasunt
1508 984 1670 1016 secune

140 1040 251 1085 dum
276 1038 530 1085 Euclidem:
572 1040 650 1086 sed
685 1041 822 1086 alium
850 1044 1084 1100 praeterea
1112 1047 1346 1087 auctorem
1373 1041 1562 1087 adscisci
1590 1055 1669 1087 ne-

138 1122 272 1156 cesse
298 1118 394 1168 est,
431 1110 657 1156 Heronem
686 1110 802 1156 dico.
862 1111 998 1156 Cuius
1026 1110 1063 1156 si
1100 1111 1388 1157 definitiones
1415 1118 1461 1156 et
1487 1125 1670 1170 geome-

115 1181 260 1234 triae
296 1181 474 1226 initium
511 1180 655 1226 oculis
690 1180 1051 1240 perlustramus,
1100 1183 1302 1242 insignes
1348 1181 1669 1227 similitudines

137 1250 521 1309 deprehendimus
549 1264 649 1297 cum
671 1252 756 1297 hac
775 1250 896 1295 Balbi
919 1253 1217 1311 expositione.
1270 1252 1349 1296 His
1371 1253 1513 1311 igitur
1534 1251 1670 1297 Grae-

143 1322 210 1366 cis
247 1320 549 1380 scriptoribus
584 1336 634 1367 ac
671 1321 868 1366 fortasse
903 1321 1002 1366 aliis
1040 1321 1310 1381 quibusdam
1346 1323 1390 1366 in
1429 1321 1668 1367 scribendo

142 1390 260 1435 libro
297 1405 410 1435 usus
446 1399 516 1436 est
550 1391 741 1448 Balbus,
779 1405 973 1451 quorum
1010 1399 1253 1451 praecepta
1288 1406 1388 1438 cum
1428 1391 1670 1450 diligenter

141 1461 289 1505 animo
318 1463 624 1520 percepisset,
667 1462 769 1506 inde
806 1452 946 1521 elegit
972 1475 1022 1506 ea
1051 1475 1166 1521 quae
1191 1462 1447 1507 necessaria
1475 1476 1578 1507 esse
1603 1464 1668 1507 vi-

139 1530 356 1575 derentur
389 1530 443 1576 ad
470 1533 631 1577 civium
667 1545 857 1576 suorum
893 1545 1025 1576 usum
1061 1547 1113 1577 ac
1152 1539 1244 1576 tum
1273 1532 1483 1577 Graecam
1524 1539 1668 1578 artem

141 1600 427 1661 amplificavit
452 1601 756 1647 Romanorum
784 1603 1142 1662 gromaticorum
1171 1602 1424 1662 disciplina.

537 1725 603 1764 De
635 1724 767 1764 Balbi
793 1737 1081 1764 mensurarum
1113 1724 1268 1764 tabula.
1323 1749 1326 1750 ν

245 1797 410 1842 Balbus
446 1804 687 1857 postquam
723 1798 1020 1862 praefationis
1057 1798 1111 1844 ad
1145 1797 1321 1843 Celsum
1367 1797 1502 1843 finem
1537 1798 1664 1858 fecit,
1688 1805 1774 1856 113

138 1879 268 1927 erqo,
301 1867 468 1927 inquit,
495 1881 556 1912 ne
583 1869 699 1927 quid
718 1882 806 1913 nos
829 1873 1123 1927 praeterisse
1150 1870 1424 1926 videamur,
1455 1872 1667 1914 omnium

137 1950 476 1983 mensurarum
511 1941 864 1997 appellationes
901 1939 1225 1996 conferamus.
1293 1953 1407 1984 nam
1435 1954 1666 1985 mensura

138 2022 236 2054 non
273 2018 458 2055 tantum
494 2012 588 2054 ista
626 2011 686 2054 de
719 2024 814 2068 qua
861 2011 1100 2068 loquimur
1146 2010 1449 2068 appellatur,
1498 2011 1585 2055 sed
1625 2019 1671 2057 et

139 2080 376 2138 quidquid
406 2080 622 2138 pondere
659 2087 744 2124 aut
780 2083 1059 2139 capacitate
1102 2086 1188 2124 aut
1234 2074 1431 2140 aliqui¹)
1478 2082 1667 2138 finitur,

138 2163 414 2195 mensuram
444 2146 642 2209 aeque2)
680 2165 822 2209 quam
856 2152 1205 2210 lonqitadinem
1239 2151 1524 2208 appellant.
1554 2159 1602 2197 .‘.
1617 2147 1667 2209 ³).

140 2273 229 2324 Qui
259 2273 350 2314 loci
381 2274 565 2314 dubium
599 2277 668 2312 est
698 2286 804 2312 num
837 2285 993 2313 omnes
1027 2273 1084 2312 ad
1106 2272 1227 2313 hanc
1248 2272 1385 2312 Balbi
1418 2273 1668 2325 expositio-

138 2342 243 2369 nem
266 2330 512 2369 formarum
534 2329 699 2368 referri
720 2329 918 2381 possint3
952 2342 1038 2369 nec
1062 2329 1307 2381 quidquam
1330 2324 1533 2380 impedit,
1559 2341 1669 2381 quo-

138 2385 288 2426 minus
320 2385 536 2436 Balbum,
568 2386 715 2424 virum
746 2386 793 2424 in
826 2389 925 2425 arte
957 2386 1216 2438 gromatica
1246 2385 1514 2437 principem,
1550 2384 1666 2424 alios

137 2445 384 2494 praeterea
414 2417 576 2481 similis
609 2441 868 2494 argumenti
898 2441 1042 2481 libros
1076 2442 1323 2493 scripsisse
1355 2443 1629 2481 statuamus.

255 2496 332 2549 10)
371 2497 602 2538 Desinunt
639 2497 779 2536 Balbi
820 2498 1119 2550 expositionis
1151 2496 1376 2547 reliquiae
1408 2509 1450 2548 p.
1485 2497 1580 2546 10⁷,
1613 2498 1665 2544 93

138 2565 245 2592 nam
293 2566 444 2606 pauca
484 2565 603 2606 quae
642 2553 690 2593 in
728 2553 860 2593 libris
901 2554 1088 2605 insuper
1128 2552 1355 2591 adduntur
1393 2552 1491 2591 iure
1532 2553 1665 2592 uncis

138 2609 404 2649 interclusit
424 2609 763 2649 Lachmannus.
805 2609 1013 2662 Apparet
1045 2612 1198 2648 autem
1220 2607 1417 2646 Balbum
1447 2607 1529 2648 illo
1561 2608 1665 2649 loco

137 2676 229 2704 non
258 2665 380 2706 ultra
411 2666 559 2718 prima
590 2666 741 2718 operis
774 2666 844 2704 sui
876 2665 1009 2704 initia
1040 2675 1327 2716 progressum
1361 2663 1478 2707 esse.

253 2719 299 2774 1)
339 2721 415 2761 Sic
455 2721 697 2761 emendavi
727 2721 944 2760 librorum
976 2721 1252 2771 scripturam
1284 2720 1429 2770 animi,
1463 2720 1584 2761 unde
1615 2720 1665 2760 in

138 2775 245 2817 aliis
268 2778 446 2817 factum
467 2779 617 2828 animo,
642 2777 762 2830 quod
782 2777 1002 2829 repetivit
1022 2775 1225 2815 Isidorus
1250 2775 1389 2827 (infra
1410 2776 1465 2815 fr.
1492 2778 1664 2828 123,1).

251 2833 295 2883 2)
326 2833 456 2873 Libri
487 2846 605 2886 eque.

251 2888 294 2941 3)
327 2889 506 2930 Puncta
545 2891 696 2941 posui,
741 2888 953 2940 quoniam
993 2887 1068 2926 hic
1111 2887 1336 2939 quaedam
1366 2888 1660 2928 intercidisse

131 2942 364 2984 videntur.
427 2944 557 2984 Conf.
594 2944 695 2984 adn.
730 2946 770 2985 5.
