1946 3220
345 128 411 181 62
872 141 1270 175 PROLEGOMENA
1294 141 1349 173 IN

345 259 477 305 solidi
502 266 676 319 partem
701 257 844 303 fuisse
873 249 1139 311 existim03).
1190 253 1280 299 Hac
1315 252 1471 299 artaba
1496 267 1597 299 cum
1622 252 1868 300 Ptolemaei
1927 247 1936 260 ”

344 329 594 390 Aegyptios
622 329 687 373 uti
715 327 941 382 viderent,
967 338 1059 370 non
1085 324 1377 370 aboleverunt
1406 323 1526 370 illam
1562 324 1761 384 quidem,
1789 325 1868 371 sed
1927 322 1940 357 ’-

346 407 493 446 tamen
538 398 782 444 secundum
822 395 1012 441 Graecas
1050 409 1284 441 mensuras
1321 393 1572 455 paullulum
1607 395 1870 441 immutave-

344 476 463 515 runt.
516 469 715 527 Namque
741 467 891 512 Attico
931 472 1151 512 metretae
1188 480 1285 511 cam
1322 464 1555 526 aequalem
1587 479 1688 511 esse
1726 465 1868 511 iusse-

343 547 476 594 runt,
506 538 623 583 unde
649 551 860 583 mensura
886 538 983 583 eius
1009 536 1337 597 aliquantulum
1363 535 1556 597 amplior
1579 535 1697 582 facta
1722 543 1793 583 est
1805 531 1867 595 4);

341 610 483 655 eidem
510 615 658 653 autem
688 608 868 654 artabae
896 607 1165 653 addiderunt
1204 607 1502 665 medimnum,
1540 606 1720 667 duplam
1745 621 1868 652 men-

341 693 516 737 suram,
546 693 660 739 qnae
688 679 893 739 quidem,
921 686 973 724 ut
999 693 1137 739 supra
1165 678 1520 724 demonstratum
1555 684 1653 735 est,
1692 679 1868 738 sesqui-

339 749 530 796 alterum
555 750 753 795 Atticum
776 750 1061 795 ¹medimnum
1090 755 1288 810 caperet.
1342 749 1382 794 ls
1418 749 1668 794 medimnus
1708 748 1867 794 exinde

336 819 638 866 Ptolemaicus
667 820 814 866 dictus
843 827 927 866 est.

445 892 554 937 Tum
580 891 767 936 Romani
793 892 1027 951 Aegyptiis
1055 892 1279 950 imperare
1303 896 1567 950 coeperunt.
1619 889 1707 934 lam
1735 888 1866 936 facile

338 962 566 1008 existimes
593 960 689 1006 fieri
715 963 947 1022 potuisse,
988 967 1037 1006 ut
1061 962 1245 1021 antiqua
1274 961 1427 1007 artaba
1459 966 1731 1006 servaretur.
1787 962 1867 1005 At-

339 1034 416 1093 qui
453 1046 546 1077 eam
584 1046 676 1077 non
724 1039 943 1078 servatam
987 1046 1089 1078 esse
1126 1032 1406 1078 demonstrat
1449 1032 1648 1092 scriptor
1692 1030 1866 1076 tabulae

335 1097 454 1162 περὶ
480 1098 705 1162 μέτρων,
733 1103 862 1149 cuius
889 1103 934 1148 in
959 1102 1029 1148 his
1056 1103 1192 1148 rebus
1218 1102 1523 1148 firmissimam
1550 1102 1866 1153 auctoritatem
1932 1113 1946 1123 ‘

335 1187 436 1219 esse
477 1187 632 1218 omnes
670 1174 974 1219 consentiunt.
1025 1174 1065 1219 ls
1093 1174 1226 1234 plane
1254 1180 1389 1234 atque
1417 1179 1572 1233 aperte
1598 1172 1730 1218 dicit:
1765 1170 1864 1220 νῦν

333 1239 391 1291 δὲ
434 1239 518 1291 διὰ
563 1240 659 1302 τὴν
695 1239 990 1303 Ρωμαϊκὴν
1035 1242 1218 1303 χρῆειν
1253 1239 1284 1302 ἡ
1329 1238 1527 1304 ἀρτάβη
1571 1237 1866 1303 χρηματιῑει

332 1309 592 1375 (μοδίους)
619 1306 667 1371 γ’
689 1308 765 1372 γ”.
814 1316 849 1359 Α
871 1316 1081 1360 Romanis
1103 1310 1246 1375 igitur
1264 1315 1375 1361 haec
1399 1329 1512 1360 nova
1540 1314 1721 1359 artabae
1742 1327 1866 1360 men-

333 1399 439 1430 sura
474 1386 684 1430 instituta
710 1392 794 1431 est
845 1385 966 1431 Unde
995 1391 1144 1431 autem
1171 1400 1268 1431 eam
1294 1392 1439 1431 ortam
1467 1399 1566 1431 esse
1598 1384 1863 1431 censemus?

332 1455 582 1501 Admodum
622 1456 844 1516 sagaciter
888 1456 1139 1503 Boeckhius
1186 1455 1354 1517 aliique
1397 1455 1721 1515 indagaverunt
1767 1468 1863 1501 eam

332 1526 531 1571 artabam
570 1526 729 1573 cubico
765 1527 870 1587 pedi
898 1525 1067 1573 Graeco
1096 1526 1330 1586 aequalem
1359 1522 1561 1585 fuisse5).
1627 1527 1687 1571 At
1729 1541 1863 1587 quam

331 1596 518 1642 maxime
555 1598 720 1642 mirum
748 1604 896 1655 esset,
937 1599 974 1643 si
1002 1597 1187 1643 Romani
1214 1612 1373 1643 novam
1399 1597 1580 1643 artabae
1606 1610 1861 1654 mensuram

330 1667 384 1712 ad
413 1667 568 1713 Graeci
604 1668 733 1728 pedis
761 1682 965 1713 normam
992 1667 1324 1726 definivissent,
1367 1669 1443 1729 qui
1471 1683 1555 1714 nec
1580 1668 1625 1712 in
1652 1669 1860 1728 Aegypto

330 1750 411 1785 nec
453 1738 572 1798 apud
615 1739 742 1799 ipsos
779 1739 975 1784 usitatus
1017 1746 1127 1784 erat.
1184 1739 1323 1784 Immo
1369 1754 1474 1785 vero
1502 1753 1554 1784 ex
1581 1739 1860 1784 Heronianae

330 1809 670 1854 stereometriae
710 1809 917 1870 reliquiis
953 1824 1038 1870 pro
1078 1815 1203 1855 certo
1239 1810 1560 1870 cognoscimus
1598 1823 1622 1855 e
1658 1808 1858 1855 Romano

328 1878 528 1925 cubito
566 1878 687 1926 illam
722 1893 883 1925 novam
918 1894 1174 1926 mensuram
1211 1887 1357 1926 ortam
1398 1894 1513 1926 esse.
1591 1878 1685 1935 Qua
1722 1881 1768 1925 in
1809 1893 1858 1925 re

328 1950 620 2009 excogitanda
668 1957 713 1996 et
757 1951 1031 1996 instituenda
1072 1951 1348 2011 singularem
1386 1950 1634 1996 sollertIam
1671 1951 1856 1997 Romani

326 2021 668 2079 praestiterunt.
719 2023 928 2083 InprImis
957 2023 1075 2067 enim
1100 2022 1144 2066 id
1171 2021 1392 2082 agebant,
1420 2035 1477 2068 ne
1514 2035 1672 2067 novam
1708 2028 1753 2067 et
1788 2023 1858 2066 in-

329 2088 525 2148 solitam,
555 2091 632 2136 sed
659 2106 756 2137 eam
782 2105 1040 2138 mensuram
1066 2092 1424 2149 introducerent,
1454 2106 1567 2152 quae
1592 2106 1684 2138 non
1709 2092 1856 2138 solum

327 2159 380 2207 ad
418 2174 521 2206 suas
555 2163 755 2207 rationes
784 2169 887 2223 apta
916 2163 994 2208 sed
1022 2163 1157 2208 etiam
1185 2177 1208 2208 a
1235 2162 1576 2222 provincialium
1612 2169 1856 2209 consuetu-

326 2231 429 2276 dine
455 2245 546 2276 non
572 2231 705 2293 plane
736 2232 881 2279 aliena
910 2240 1046 2279 esset.
1098 2233 1187 2278 lam
1213 2231 1535 2279 Ptolemaicum
1565 2233 1854 2292 medimnum,

441 2399 482 2447 3)
529 2399 804 2452 Aegyptium
852 2399 1054 2439 cubitum
1101 2412 1201 2439 cum
1251 2399 1501 2439 Letronnio
1549 2398 1608 2452 (p.
1644 2395 1746 2451 116)
1794 2398 1852 2439 ad

327 2466 586 2495 mensuram
608 2457 689 2496 527
722 2454 897 2497 millim.
931 2457 1114 2505 (omisso
1148 2460 1419 2496 excurrente
1451 2455 1659 2507 semisse)
1693 2456 1847 2508 exiga-

328 2522 440 2549 mus.
526 2512 636 2552 Inde
688 2511 860 2552 solidus
920 2512 1098 2552 cubitus
1158 2513 1283 2564 capit
1338 2512 1447 2552 litra
1495 2511 1852 2565 Francogallica

330 2566 410 2604 146
417 2568 508 2617 ,,36
559 2573 605 2607 et
649 2575 812 2621 quarta
860 2569 956 2608 eius
1001 2581 1107 2621 pars
1159 2569 1254 2609 sive
1302 2569 1622 2621 antiquissima
1669 2567 1846 2620 artaba,

330 2624 1081 2733 (φωτὶ)81ἒὲῃὲῗὲὲἶηᾙ1ιῖω3ἒ65959
1112 2681 1365 2722 Ptolemaei
1396 2681 1607 2720 fecerunt
1639 2680 1847 2721 artabam

327 2731 418 2772 litr.
451 2734 504 2773 39
509 2735 599 2785 ,39
640 2736 791 2776 Attico
830 2741 1051 2778 metretae
1095 2737 1352 2790 aequalem.
1411 2736 1665 2777 Medimnus
1707 2736 1849 2789 igitur

326 2787 635 2830 Ptolemaicus
668 2791 756 2830 fuit
787 2792 876 2832 litr.
911 2795 976 2841 78,
982 2796 1048 2836 78.

439 2844 482 2897 5)
517 2844 628 2885 Cum
658 2859 739 2898 pes
773 2847 978 2889 Graecus
1009 2851 1091 2892 308
1123 2849 1297 2891 millim.
1329 2852 1519 2901 aequet,
1553 2848 1718 2888 cubica
1749 2850 1848 2888 eius

323 2913 534 2941 mensura
574 2903 699 2954 capit
735 2902 826 2944 litr.
865 2906 931 2954 29,
939 2907 1006 2946 23.
1065 2906 1207 2946 Modii
1247 2908 1399 2947 autem
1436 2905 1631 2945 Romani
1661 2903 1716 2958 3}
1747 2903 1843 2944 effi—

323 2956 448 2996 ciunt
478 2957 743 3009 litr.29,18.
815 2959 946 3000 Haec
976 2962 1116 3014 igitur
1145 2961 1283 3015 plane
1315 2962 1436 3002 inter
1467 2973 1515 3002 se
1550 2959 1842 3002 conveniunt.
