1946 3220
115 146 215 214 [29]
591 161 740 198 cAv1s
777 162 846 197 Ac
882 161 1228 201 Pommmssus.
1537 145 1643 200 207

113 270 318 335 κύπρον
364 271 422 323 δὲ
463 270 526 323 τὸ
567 270 711 324 οὕτω
756 271 1092 337 καλούμενον
1129 272 1322 337 μέτρον
1359 271 1537 337 εὕροις
1572 273 1641 326 ἂν

113 354 259 419 παρὰ
291 354 548 424 Ἀλκμαίῳ
587 355 646 410 ἑν
689 356 924 422 δευτέρῳ
969 358 1174 420 μελῶν,
1219 357 1303 409 καὶ
1340 356 1639 422 ἡμίκυπρον

29 503 35 508 0
112 439 245 502 παρ’
269 439 583 492 Ἱππώνακτι
616 439 675 492 ἐν
708 445 785 508 τῷ
813 439 1013 507 πρώτῳ
1039 443 1149 494 τῶν
1174 440 1390 507 ἰάμβων.
1442 442 1527 494 καὶ
1551 457 1640 493 κο-

114 523 242 587 τύλη
259 563 271 586 ,
299 522 593 589 ἀμφορεύς,
619 524 792 589 χοεύς.

48 707 52 710 ’
109 704 193 756 29.
242 705 447 756 Tabula
474 705 537 756 de
560 708 817 758 mensuris
841 723 907 758 ac
926 707 1251 773 ponderibus
1268 707 1634 758 vetustissima.
1668 714 1696 754 5

583 805 716 857 (Vide
746 805 862 860 prol.
894 807 918 856 ἓ
948 804 1151 857 40—43.)

13 926 24 931 ·’
108 901 240 966 Περὶ
270 902 479 967 μέτρων
505 902 589 955 καὶ
621 905 863 968 ςταθμῶν
898 903 982 955 καὶ
1019 905 1129 957 τῶν
1165 901 1478 968 δηλούντων
1505 901 1639 955 αὐτὰ

743 987 1005 1052 ςημάτων.

217 1085 260 1135 1.
293 1085 351 1136 Ἡ
381 1083 740 1149 ἀπερίςτικτος
766 1085 907 1150 ἁπλῆ
926 1085 1134 1151 γραμμή
1160 1102 1236 1138 τις
1265 1084 1398 1138 οὗςα
1421 1084 1636 1149 πλαγία,

110 1195 161 1205 -
181 1209 194 1232 ‚
229 1171 382 1234 δηλοῖ
412 1169 545 1221 κατὰ
573 1169 751 1222 πάντα
780 1168 1007 1235 ὀβολόν·
1050 1170 1102 1223 αἱ
1141 1170 1200 1222 δὲ
1238 1171 1336 1222 δύο
1376 1169 1636 1234 ἀπερίςτι-
1669 1176 1723 1217 10

108 1270 222 1305 κτοι
247 1252 429 1315 ἁπλαῖ,
457 1274 508 1302 =
530 1294 542 1316 ,
573 1255 671 1306 δύο
690 1253 944 1319 ὀβολούς·
972 1255 1035 1307 τὸ
1061 1255 1120 1307 δὲ
1144 1254 1441 1318 Ῥωμαϊκὸν
1467 1251 1637 1318 ςίγμα,

109 1336 245 1401 ὅπερ
271 1336 504 1404 ἀνδρείῳ
541 1341 784 1402 καθετῆρι
815 1339 1094 1403 παρέοικε,
1134 1348 1193 1402 5,
1230 1337 1555 1403 τριώβολον·
1594 1336 1638 1390 εἰ

108 1422 166 1473 δὲ
191 1421 350 1485 μέςην
388 1420 565 1485 ἁπλῆν
601 1421 964 1486 ἀπερίςτικτον
992 1423 1100 1488 ἔχει
1125 1422 1393 1487 γραμμήν,
1435 1430 1518 1484 5-,
1553 1438 1635 1474 τε-

7 1558 26 1570 ,
105 1505 415 1571 τρώβολον·
451 1505 483 1569 ἡ
520 1500 579 1559 δὲ
606 1508 763 1572 διπλῆ
795 1506 1156 1571 ἀπερίςτικτος
1183 1506 1481 1560 ςυνέλευςις
1503 1504 1637 1558 οὗςα

5 2019 29 2094 »ει-ς
4 1850 31 2001 §sex-42
16 1791 18 1793 v
8 1759 10 1762 ·

106 1592 453 1643 δυοῑνλοξῶν
475 1590 606 1643 κατὰ
633 1592 697 1643 τὸ
723 1592 892 1656 πέρας
917 1591 1055 1656 πρὸς
1077 1590 1328 1655 ἀλλήλας,
1354 1605 1396 1649 <
1428 1633 1441 1656 ,
1469 1589 1635 1655 ὁλκὴν
1668 1596 1721 1637 15

104 1675 203 1738 τὴν
238 1673 567 1738 ςυνωνύμως
597 1677 838 1740 δραχμὴν
875 1676 1442 1740 προςαγορευομένην·
1476 1674 1540 1727 τὸ
1576 1675 1636 1727 δὲ

103 1757 281 1822 γάμμα
305 1758 438 1810 κατὰ
466 1759 528 1810 τὸ
559 1759 726 1823 πέρας
752 1759 882 1824 ἔχον
907 1763 999 1825 τῆς
1025 1758 1192 1811 αὑτοῦ
1219 1759 1446 1821 πλαγίας
1473 1775 1635 1823 προς-

39 1866 43 1871 ·
104 1842 347 1906 κείμενον
372 1858 402 1894 ο
418 1883 431 1906 ,
456 1844 515 1906 Ιῖῐ,
543 1841 790 1905 οὐγγίαν·
825 1843 1009 1896 κάππα
1035 1844 1094 1896 δὲ
1119 1843 1252 1895 κατὰ
1276 1845 1394 1908 μιᾶς
1422 1843 1635 1908 κεραίας

106 1926 235 1990 ἔχον
272 1924 656 1991 προςκείμενον
684 1945 742 1991 υ,
781 1925 876 1992 Κυ,
914 1928 1136 1980 κύαθον·
1176 1927 1380 1993 λάμβδα
1409 1929 1467 1981 δὲ
1501 1927 1634 1980 κατὰ

104 2010 263 2074 μέςον
291 2010 419 2075 ἔχον
445 2009 577 2064 ἰῶτα
611 2011 995 2078 προςκείμενον
1015 2054 1029 2076 ,
1065 2013 1123 2097 λ,
1164 2011 1361 2077 λίτραν.
1415 2014 1462 2067 ξῖ
1494 2012 1553 2065 δὲ
1592 2010 1635 2065 εἰ
1664 2017 1719 2058 20

103 2109 199 2174 μὲν
231 2108 339 2174 ἔχει
369 2109 753 2176 προςκείμενον
783 2128 826 2175 ε,
852 2110 923 2176 ξε,
949 2111 1151 2177 ξέςτην,
1183 2110 1227 2165 εἰ
1252 2112 1311 2164 δὲ
1337 2128 1387 2174 ο,
1414 2111 1486 2174 ξο,
1514 2109 1635 2165 ὀξύ-

106 2196 308 2260 βαφον·
352 2196 420 2259 μῦ
456 2195 516 2247 δὲ
552 2195 672 2248 κατ’
708 2194 875 2249 αὐτοῦ
911 2195 1234 2261 τεταγμένον
1284 2195 1412 2261 ἔχον
1447 2212 1508 2259 ν,
1553 2195 1635 2259 μν,

104 2280 254 2342 μνᾶν.

211 2361 258 2413 2.
283 2362 424 2425 Ἔχει
456 2363 515 2415 δὲ
544 2363 576 2427 ἡ
603 2366 707 2428 μνᾶ
738 2363 901 2417 ὁλκὰς
932 2364 1141 2429 ἑκατόν,
1168 2364 1306 2429 πρὸς
1333 2364 1391 2416 δὲ
1416 2363 1479 2415 τὸ
1509 2363 1634 2414 Ἰτα·

220 2535 287 2574 10.
329 2530 495 2582 ὀβολός
535 2532 611 2573 Mo
729 2531 1014 2585 περίςτικτοι
1053 2531 1218 2583 ἁπλαί,
1267 2522 1323 2580 Ξ
1362 2533 1438 2574 Mo
1564 2534 1632 2574 11.

106 2601 263 2654 ὀβολοὶ
300 2602 377 2643 Mo
511 2603 576 2643 12.
617 2601 864 2654 τριόβολον
902 2604 979 2644 Mo
1126 2605 1191 2644 13.
1232 2601 1518 2654 τετρόβολον
1556 2602 1634 2644 Mo

107 2674 172 2715 15.
205 2670 280 2725 <]
314 2667 359 2731 ,Ξ
390 2671 468 2712 Μο
587 2674 652 2715 17.
687 2671 835 2714 αὐτοῦ
867 2673 944 2714 Mo
1072 2673 1139 2716 18.
1171 2669 1331 2725 κερέα(
1362 2672 1440 2713 Μο
1566 2674 1632 2716 19.

107 2740 191 2796 Κυ]
227 2742 367 2784 aliam
399 2742 593 2783 formam
625 2756 648 2783 e
682 2743 840 2784 codice
875 2743 1062 2785 exhibet
1082 2743 1173 2794 Mo,
1209 2755 1343 2796 quam
1372 2742 1478 2783 vide
1511 2742 1633 2795 apud

102 2811 233 2853 illum
348 2814 416 2854 20.
451 2807 498 2882 {x}
532 2805 589 2854 λῖ’
620 2813 697 2855 Mo
813 2816 881 2857 21.
914 2808 974 2856 ξε’
1005 2817 1052 2854 et
1083 2807 1147 2856 Eo'
1176 2813 1253 2855 Mo
1369 2809 1630 2864 ὀξύβαφον]

105 2879 331 2933 ὁξόβαθον
351 2883 428 2925 Μο
515 2885 583 2925 22.
618 2883 696 2937 μῡ]
733 2878 775 2935 μ’
796 2885 872 2926 Mo
989 2886 1056 2925 23.
1091 2881 1228 2936 μνᾶν]
1265 2880 1353 2934 μνά
1373 2883 1450 2924 Μο
1566 2882 1636 2924 24.

105 2949 197 3003 μνὰ
224 2953 317 3007 Μο,
346 2954 558 3009 idemque
587 2955 712 2996 infra
