1946 3220
540 148 858 184 semproans
886 143 1142 184 ennacos.
1508 131 1611 186 135

214 289 281 329 De
310 287 524 329 Nicandri
550 287 785 340 interprete
815 300 844 328 a
873 287 1093 341 Scatz’yero
1122 288 1301 341 aliisque
1330 289 1475 329 citato.

190 375 274 421 Diu
307 375 480 435 frustra
512 373 713 421 laboravi
749 375 803 420 de
834 374 1046 422 Nicandri
1085 376 1362 436 interprete,
1397 376 1477 437 qui
1513 389 1610 423 sae·
1629 369 1695 419 83

83 448 187 508 pius
214 461 239 492 a
264 444 522 507 scaligero,
559 446 812 503 Gronovio⁷
845 446 1103 504 Pauctono,
1132 445 1390 508 Du-Cangio
1424 447 1608 505 citatur,

83 531 187 564 cum
210 517 404 578 denique
425 531 501 564 eas
520 515 700 562 tabulas
724 515 977 576 ponderum
1002 523 1049 561 et
1073 530 1390 563 mensurarum
1414 519 1609 578 cognovi

83 586 330 647 significari
368 601 484 648 quae
515 588 560 632 in
599 585 687 632 fine
724 586 912 632 Aldinae
948 582 1158 633 Nicandri
1187 587 1401 634 editionis
1431 587 1609 634 additae

83 652 249 717 sunt¹).
301 656 500 714 Quarum
539 659 687 718 prima
725 658 945 718 inscripta
978 664 1050 703 est
1077 653 1305 706 ’Έκθεεκῑ
1340 654 1463 718 περὶ
1490 670 1609 706 (τα-

83 726 232 788 θμῶν
257 724 344 776 καὶ
368 724 579 789 μέτρων
617 722 984 788 ἀκριβεετάτη,
1022 728 1218 774 secunda
1240 724 1470 777 Ἔκθεει(
1496 727 1608 778 τῶν

81 793 311 859 (ημείων
335 795 420 846 καὶ
443 794 824 860 χαρακτήρων,
852 800 986 844 tertia
1007 793 1116 846 ’Έτι
1140 794 1262 858 περὶ
1290 794 1500 858 μέτρων
1526 795 1611 847 καὶ

81 867 327 929 εταθμῶν
346 864 592 930 ἰατρικῶν
609 865 1014 929 ευντομώτατο(
1039 863 1233 918 {neeric
1258 863 1610 929 ἁπλουετάτη.

80 940 145 986 Ne
177 947 327 987 tamen
358 942 467 987 novi
504 940 750 1002 quidquam
778 941 823 985 in
850 939 920 985 his
950 938 1118 986 tabulis
1146 942 1368 1001 scriptum
1395 954 1496 987 esse
1520 943 1611 986 exi-

81 1012 263 1057 stimes:
304 1018 566 1071 congruunt
590 1024 669 1056 eae
692 1010 826 1071 plane
851 1025 952 1057 cum
982 1011 1299 1057 Charterianae
1324 1008 1611 1058 collectionis

81 1081 307 1141 capitibus
332 1081 430 1141 vn,
460 1082 540 1140 vl,
566 1081 671 1140 vm,
698 1083 786 1128 nisi
811 1082 935 1142 quod
960 1084 1006 1127 in
1030 1081 1118 1126 fine
1143 1081 1330 1128 ultimae
1356 1081 1537 1128 tabulae
1562 1083 1610 1128 in

80 1151 243 1198 Aldina
269 1152 468 1199 editione
493 1152 603 1199 haec
630 1152 803 1199 adiecta
828 1158 961 1198 sunt:
987 1147 1214 1209 γίνωεκε
1244 1149 1303 1200 δὲ
1328 1146 1411 1200 ὅτι
1434 1148 1499 1201 τὸ
1524 1165 1610 1212 (η-

82 1220 233 1282 μεῑον
257 1218 384 1271 τόδε
413 1221 646 1283 ·εκροπλ
668 1246 679 1257 ·
704 1218 809 1271 {cn
842 1218 1055 1282 κεράτια
1078 1222 1168 1271 {-
1187 1218 1387 1283 ὁμοίως
1430 1220 1490 1271 δὲ
1526 1220 1611 1271 καὶ

79 1288 346 1353 robe-Tap
373 1292 424 1357 (2²)
452 1289 572 1342 οἷον
599 1293 692 1352 {up
720 1318 730 1327 ·
754 1291 839 1349 εἳ).
902 1294 1088 1340 Praeter
1116 1293 1204 1341 hoc
1235 1301 1387 1340 autem
1419 1294 1611 1340 Aldinae

80 1362 262 1409 tabulae
298 1364 546 1410 levioribus
583 1371 758 1410 tantum
795 1366 840 1409 in
870 1364 1008 1410 rebus
1039 1379 1064 1410 a
1090 1364 1398 1411 Charterianis
1442 1365 1611 1412 discre-

80 1441 216 1494 pant,
252 1440 305 1480 ut
341 1434 436 1480 fere
468 1437 697 1481 variorum
731 1435 939 1481 codIcum
968 1437 1118 1481 variae
1148 1442 1255 1481 sunt
1279 1437 1327 1481 in
1352 1435 1513 1482 eodem
1538 1450 1610 1481 ar-

82 1511 297 1564 gumento
325 1508 594 1566 scripturae.
658 1504 820 1552 Nullus
845 1507 989 1565 igitur
1014 1508 1102 1551 iam
1129 1505 1338 1552 Nicandri
1362 1508 1608 1567 interpres,

81 1576 154 1620 cui
179 1576 422 1636 peculiaris
464 1576 682 1636 quaedam
715 1577 963 1622 auctoritas
998 1577 1241 1630 debeatur;
1277 1590 1432 1623 verum
1458 1578 1610 1623 omnia

80 1644 159 1691 illa
185 1659 300 1707 quae
336 1647 438 1692 iude
474 1647 727 1692 afferuntur
752 1647 807 1693 ad
833 1647 1008 1693 tabulas
1034 1648 1248 1693 Galeneas
1282 1662 1394 1708 quas
1419 1647 1510 1694 dixi
1538 1661 1610 1693 re-

80 1713 339 1775 iicienda³);
383 1719 493 1778 quin
519 1719 654 1763 etiam
681 1719 780 1778 ipsa
806 1716 1053 1778 appellatio
1080 1719 1346 1782 interpretis
1371 1718 1609 1764 Nicandrei

81 1881 210 1922 nulla
241 1883 421 1924 omnino
463 1882 519 1923 de
563 1882 842 1936 ponderibus
875 1887 955 1924 aut
984 1883 1211 1924 mensuris
1242 1881 1293 1922 fit
1322 1883 1518 1934 mentio;
1561 1885 1612 1923 at

81 1939 132 1978 in
160 1938 294 1979 libris
325 1939 432 1992 περὶ
462 1936 667 1989 ἰοβόλων
699 1943 746 1980 et
776 1938 884 1991 περὶ
925 1936 1243 1991 εὐπορίετων,
1282 1944 1335 1979 ut
1372 1951 1512 1992 supra
1541 1940 1610 1979 vi-

82 1994 228 2035 dimus
260 1994 301 2045 (§
331 1997 388 2035 44
420 1996 523 2036 adn.
555 1995 626 2048 9),
666 1994 844 2046 κυάμου
877 1994 1067 2046 μέγεθος
1111 1992 1390 2047 Αἰγυπτίου,
1430 1993 1610 2047 καρύου

77 2049 318 2092 Ποντικοῦ
356 2050 415 2092 τὸ
457 2050 647 2103 μέγεθος
684 2053 806 2092 inter
841 2064 1081 2093 mensuras
1114 2056 1159 2092 et
1190 2050 1354 2103 ὀρόβια
1390 2052 1609 2105 ponderis

78 2106 182 2148 loco
215 2107 493 2161 afferuntur,
535 2121 654 2161 quae
692 2109 853 2161 utique
895 2112 1096 2163 cognata
1136 2120 1237 2149 esse
1279 2112 1476 2163 apparet
1507 2121 1611 2150 cum

78 2164 140 2204 iis
171 2177 290 2216 quae
320 2165 368 2204 in
397 2164 487 2205 hac
517 2164 680 2205 tabula
710 2164 942 2218 leguntur.

196 2220 238 2272 1)
277 2221 503 2275 Princeps
540 2221 766 2263 Nicandri
805 2221 946 2262 editio
983 2221 1153 2262 Aldina
1190 2220 1364 2274 prodiit
1395 2235 1438 2262 a.
1472 2221 1606 2262 1499:

82 2289 168 2330 ego
208 2290 265 2318 ea
300 2290 411 2318 usus
450 2290 549 2319 sum
588 2291 706 2330 quae
739 2292 781 2318 a.
815 2280 925 2319 1523
962 2278 1086 2331 typis
1119 2291 1341 2330 expressa.
1372 2281 1457 2320 est.
1515 2276 1609 2317 Hic

81 2345 165 2374 eae
195 2333 386 2374 tabulae
418 2333 497 2375 fol.
527 2333 615 2375 89¹>
646 2335 924 2376 subiunctas
954 2339 1060 2375 sunt
1090 2333 1294 2375 scholiis.

192 2389 240 2443 2)
278 2390 501 2431 Extrema.
548 2391 692 2432 verba
742 2391 792 2430 in
835 2391 1002 2432 Aldina
1053 2391 1339 2443 compendiis
1390 2400 1610 2442 expressa

81 2449 201 2486 sunt.
260 2445 467 2499 Apparet
495 2448 544 2487 in
573 2458 663 2498 ταρ
693 2451 850 2487 notam
882 2447 1078 2487 alicuius
1108 2446 1325 2499 ponderis
1354 2444 1528 2497 l'atere3
1561 2447 1609 2486 et

79 2515 162 2554 pro
193 2501 286 2554 ξυρ.
317 2503 477 2543 nescio
510 2516 569 2542 an
599 2514 708 2554 κερ.,
741 2503 771 2543 i.
798 2516 837 2544 e.
861 2502 1073 2554 κεράτια,
1106 2502 1353 2556 legendum
1382 2502 1458 2543 sit.
1521 2500 1606 2543 Ce-

80 2562 229 2599 terum
262 2559 421 2599 confer
450 2558 661 2599 tabulam
691 2558 1021 2600 Oribasianam
1054 2558 1127 2610 (fr.
1160 2560 1230 2609 67,
1262 2558 1351 2610 36).

193 2613 237 2665 3)
269 2615 386 2656 Loci
426 2614 656 2668 Scaligeri
695 2614 979 2667 aliorumque
1012 2614 1061 2654 hi
1092 2618 1217 2655 sunt:
1259 2613 1436 2668 Scalig.
1469 2613 1526 2655 de
1556 2626 1607 2654 re

79 2683 246 2711 numm.
279 2685 322 2724 p.
354 2672 433 2712 35.-
481 2671 700 2712 Italicam
728 2672 901 2712 minam
933 2672 991 2711 ab
1021 2671 1181 2711 Attica
1210 2670 1457 2735 distinguit
1484 2668 1609 2711 ἀνώ-

78 2738 224 2777 νυμοί
262 2727 487 2769 Nicandri
525 2729 776 2781 interpres:
819 2721 882 2767 ‘H
911 2718 1110 2780 Ἰταλικὴ
1142 2725 1242 2780 μνᾶ
1272 2731 1319 2768 et
1349 2730 1455 2775 cet„
1487 2739 1607 2780 quae

80 2781 260 2824 habes
246 2796 295 2824 m
318 2783 480 2826 Galen.
505 2798 607 2838 cap.
631 2785 720 2826 VII
742 2785 766 2834 ἕ
790 2786 858 2824 11.
917 2785 1040 2838 Ergo
1070 2783 1219 2825 minus
1250 2786 1379 2825 recte
1399 2782 1605 2824 Boeckh.

79 2852 124 2891 p.
156 2841 238 2881 299
268 2840 378 2881 huic
406 2839 508 2882 loco
539 2841 771 2894 propriam
810 2840 1038 2893 quandam
1070 2840 1398 2881 auctoritatem
1426 2839 1606 2880 tribuit.

80 2896 294 2937 —Idem
323 2911 367 2949 p.
388 2898 465 2938 48·
497 2911 601 2939 sane
627 2899 847 2964 interpres
876 2896 1091 2939 Nicandri
1118 2898 1256 2938 dioeit·
1286 2890 1339 2937 τὸ
1372 2889 1608 2949 δηνάριον

81 2944 180 3003 ἔχει
211 2946 433 3006 δραχμὴν
463 2951 581 3007 μίαν
610 2948 852 3007 ἡμίσειαν,
885 2966 1003 3006 quae
1033 2954 1183 3007 petita
1213 2957 1320 2994 sunt
1351 2966 1375 2993 e
1399 2965 1501 3006 cap.
1518 2951 1610 2993 VII
