1946 3220
2 176 5 177 ’
51 167 257 244 [117]
507 188 631 224 noct
666 188 697 221 E
735 188 900 224 msa-o
939 189 1007 224 m·
1044 180 1226 225 PAULO.
1578 171 1645 226 81

232 296 410 365 [347“]
449 298 726 350 Sextantari
765 313 896 349 asses
933 299 982 350 in
1019 314 1110 350 usu
1149 314 1255 351 esse
1292 307 1561 366 coeperunt
1587 317 1647 352 ex

8 368 9 372 ¹
49 378 53 403 ἕ
123 397 184 434 eo
230 388 453 448 tempore
499 399 595 448 quo
640 390 843 448 propter
879 382 1061 434 bellum
1100 384 1336 435 Punicum
1376 385 1646 436 secundum

123 466 256 532 quod
302 482 415 516 cum
452 466 725 517 Hannibale
764 473 952 530 gestum
993 475 1067 519 est
1104 469 1429 519 decreverunt
1463 474 1644 535 patres,

43 571 53 584 ·
124 556 178 600 ut
214 565 271 600 ex
311 550 527 607 assibus,
569 552 651 615 qui
688 558 790 600 tum
832 559 972 601 erant
1008 551 1202 610 librari,
1243 554 1419 603 fierent
1456 559 1648 603 sextan-
1715 549 1719 555 ’

122 635 242 693 tari,
293 650 384 700 per
422 650 545 700 quos
583 651 694 685 cum
735 636 854 686 solvi
893 644 1119 702 coeptum
1160 645 1310 700 esset,
1358 644 1405 688 et
1442 636 1651 703 populus
1679 642 1705 682 5

125 733 238 768 aere
286 718 446 770 alieno
488 714 813 777 liberaretur,
864 728 910 771 et
955 723 1156 785 privati,
1207 721 1383 786 quibus
1431 721 1648 772 debitum

124 801 318 867 publice
368 803 490 854 solvi
538 804 821 868 oportebat,
873 820 971 854 non
1014 819 1191 869 magno
1230 805 1523 856 detrimento
1562 805 1650 855 ad-

34 898 38 955 ζ
123 887 403 941 ficerentur.

233 970 385 1038 [336]
414 975 642 1022 Sicilicum
669 976 865 1034 dictum,
895 978 1014 1037 quod
1042 979 1316 1024 semunciam
1345 984 1482 1024 secet.

233 1053 417 1122 [297³]
459 1057 645 1121 Stipem
693 1073 800 1108 esse
849 1073 1102 1108 nummum
1148 1059 1391 1124 signatum
1430 1059 1648 1134 testimp-
1682 1062 1734 1102 10

126 1140 207 1188 nio
255 1146 327 1189 est.
374 1146 420 1190 et
466 1141 523 1190 id·
554 1141 684 1206 quod
724 1142 865 1191 datur
903 1143 1197 1208 stipendium
1237 1142 1399 1200 militi,
1452 1148 1499 1193 et
1538 1157 1648 1192 cum

123 1224 397 1288 spondetur
436 1227 667 1288 pecunia,
710 1227 839 1291 quod
879 1226 1100 1292 stipulari
1140 1227 1334 1277 dicitur.

234 1306 414 1374 [359³]
443 1308 760 1360 Talentorum
796 1326 893 1360 non
930 1327 1080 1361 unum
1106 1326 1276 1375 genus.
1339 1312 1650 1378 Atticumoest

125 1407 213 1442 sex
251 1393 438 1443 milium
476 1393 754 1452 denarium,
795 1395 1040 1445 Rhodium
1070 1402 1115 1445 et
1141 1396 1486 1461 Cistophorum
1513 1401 1649 1460 quat·

123 1485 239 1526 tuor
265 1477 451 1527 milium
481 1486 528 1528 et
554 1480 934 1543 quingentorum
962 1480 1240 1537 denarium,
1268 1479 1650 1530 Alexandrinum
1684 1482 1736 1523 15

125 1560 212 1611 ΧΙΙ
238 1561 518 1619 denarium,
558 1562 930 1627 Neapolitanum
958 1579 1041 1614 sex
1069 1564 1349 1618 denarium,
1387 1565 1651 1628 Syracusa-

127 1661 243 1695 num
282 1648 433 1696 trium
473 1646 752 1706 denarium,
791 1648 1070 1711 Rheginum
1099 1647 1364 1698 ‘victoriati

240 1728 418 1796 [363³]
452 1730 703 1782 Trientem
742 1734 939 1782 tertium
978 1733 1142 1796 pondo
1182 1747 1414 1783 coronam
1455 1745 1651 1781 auream

30 1843 46 1886 '.
127 1814 319 1863 dedisse
367 1830 419 1866 se
457 1815 555 1864 lovi
604 1815 785 1866 donum
830 1818 1028 1881 scripsit
1065 1818 1121 1866 T.
1163 1816 1388 1875 Quintius
1426 1815 1649 1871 dictator,

129 1914 239 1948 cum
279 1915 367 1964 per
406 1914 579 1949 novem
619 1899 723 1949 dies
764 1901 963 1950 totidem
990 1900 1139 1950 urbes
1166 1907 1214 1951 et
1239 1901 1477 1950 decimam
1503 1899 1650 1949 Prae·
1683 1903 1740 1944 20

35 1994 40 2027 ἱ
128 1989 266 2033 neste
305 1986 531 2049 cepisset..
596 1984 642 2033 id
682 1986 958 2048 significare
997 1987 1060 2034 ait
1098 1986 1291 2036 Cincius
1328 1987 1375 2032 in
1413 1985 1656 2050 Mystago-

129 2069 271 2132 gicon
311 2068 340 2118 l.
380 2069 423 2118 11
462 2069 580 2118 duas
618 2069 770 2119 libras
809 2070 972 2133 pondo
1012 2077 1059 2119 et
1097 2071 1349 2126 trientem,
1400 2084 1491 2134 qua
1538 2083 1654 2118 con-

49 2175 53 2178 ·
128 2152 388 2203 suetudine
426 2153 671 2217 hodieque
710 2155 909 2212 utimur,
948 2169 1059 2203 cum
1097 2152 1283 2218 lignum
1320 2151 1410 2202 bes
1447 2152 1653 2202 alterum

0 2269 2 2274 =
38 2271 41 2273 Α
76 2234 80 2238 ’
130 2237 359 2295 dicimuS,
407 2238 456 2287 id
502 2245 575 2288 est
613 2238 788 2303 pedem
831 2244 877 2288 et
914 2238 1107 2288 bessem
1146 2236 1411 2287 latitudinis
1447 2236 1652 2294 habenS,

130 2327 179 2371 et
216 2322 520 2379 sestertium,
561 2323 606 2372 id
649 2329 720 2373 est
759 2323 882 2373 duos
921 2337 1051 2372 asses
1084 2328 1132 2372 et
1157 2323 1409 2372 semissem
1435 2322 1649 2371 tertium.
1683 2322 1739 2363 25

131 2406 246 2455 item
285 2407 325 2454 si
364 2411 462 2456 tres
500 2421 631 2456 asses
669 2413 783 2457 sunt
822 2413 868 2456 et
906 2412 1108 2471 quartus
1147 2406 1392 2471 quadrans
1433 2443 1443 2453 .
1476 2442 1486 2453 .
1519 2443 1528 2454 .
1560 2444 1569 2454 .

189 2593 216 2627 li
245 2550 285 2588 2.
320 2547 420 2602 quo]
456 2548 512 2601 qd
543 2549 636 2591 cod.
740 2546 868 2588 bellu
898 2546 1066 2600 punicfi
1092 2545 1298 2587 secunda
1328 2546 1384 2599 qd
1415 2547 1509 2587 cod.
1613 2548 1654 2588 9.

46 2655 55 2682 ς
133 2631 287 2674 Sicum
321 2632 356 2673 G
471 2632 744 2672 semuntiam
779 2632 813 2672 G
950 2634 1016 2672 10.
1048 2632 1166 2671 Festi
1194 2633 1323 2672 locum
1353 2631 1557 2684 inteyrum
1587 2643 1657 2670 re-

42 2710 51 2760 ⁷,
123 2704 239 2756 ,petit
268 2703 454 2750 Paulus;
484 2708 664 2743 ceterum
695 2702 807 2753 conf.
840 2715 882 2754 p.
920 2700 1038 2742 313b
1069 2716 1104 2744 v.
1138 2700 1299 2754 Stipem
1435 2703 1501 2745 11.
1535 2704 1579 2742 et
1610 2700 1656 2740 id

134 2773 254 2827 quod
288 2774 386 2826 Urs,
421 2777 467 2814 et
488 2773 542 2813 de
566 2786 618 2813 eo
643 2785 760 2825 quae
792 2772 901 2821 cod„
935 2772 1044 2811 boni
1076 2771 1192 2824 quod
1223 2771 1320 2811 libri
1347 2772 1476 2812 Pauli
1588 2773 1654 2813 13.

59 2862 66 2870 -’
132 2855 171 2886 υ.
202 2843 445 2885 Mommsen.
483 2858 529 2896 p.
564 2845 615 2882 69
655 2841 961 2893 (commentarii
989 2845 1030 2882 in
1060 2842 1203 2894 praef.
1236 2841 1373 2895 citati)
1520 2842 1585 2882 18.
1618 2855 1653 2881 υ.

48 2947 53 2952 ,
133 2912 234 2954 ibid.
264 2927 309 2965 p.
344 2916 399 2954 73
546 2915 610 2955 19.
644 2913 735 2951 dict
769 2944 779 2953 .
811 2944 821 2954 .
855 2941 864 2952 .
901 2911 984 2952 Urs
1106 2913 1174 2953 23.
1205 2913 1321 2954 immo
1352 2911 1657 2953 bessalterum

52 3001 59 3026 f
135 2984 203 3024 26.
239 2986 284 3022 et
315 2983 542 3036 quadrans
575 2986 760 3035 quartus
797 2981 879 3023 Urs

222 3065 400 3094 sempr.
434 3065 635 3094 mernor„
668 3065 721 3094 Π.
1372 3051 1404 3103 6
