1946 3220
0 0 6 48 μ’
106 0 146 24 3⁷5,
161 0 182 17 Ti
225 15 231 18 ⁶
271 8 277 11 .

0 102 1 107 1
13 0 110 149 g

35 173 50 226 ν·
122 153 224 225 [78]
564 169 717 206 eAv1s
755 139 822 204 Αο
857 168 1205 206 Pommnnms.
1545 150 1652 205 255

224 277 273 330 5.
311 278 388 331 Τὸ
426 277 757 344 γραμμάριον
795 277 903 344 ἔχει
941 277 1174 345 ὀβολοὺς
1213 275 1276 343 β’,
1318 277 1544 344 θέρμους
1585 276 1648 342 γ’,

18 369 22 374 ⁴
118 362 331 428 κεράτια
358 361 420 424 ς’,
446 364 680 428 χαλκοῦς
704 362 782 422 ις’.

225 446 272 499 6.
310 445 370 499 ‘O
405 445 604 512 ὀβολὸς
640 446 748 511 ἔχει
783 446 979 511 θέρμον
1006 445 1054 499 α’
1082 456 1133 510 S,
1168 446 1382 512 κεράτια
1415 443 1481 511 γ’,
1520 447 1646 511 χαλ-

117 533 246 584 κοῦς
268 529 331 596 η’.

223 614 269 666 7.
308 614 384 667 Τὸ
410 614 684 680 ἡμιβόλιον
711 613 820 679 ἔχει
843 615 1056 679 κεράτια
1081 613 1130 667 α’
1154 623 1203 678 5,
1235 615 1468 679 χαλκοῦς
1492 614 1551 667 δ’.
1676 622 1703 663 5

221 697 267 750 8.
304 699 364 751 Ὁ
390 699 583 763 θέρμος
609 698 717 764 ἔχει
741 698 953 763 κεράτια
979 697 1040 764 β’,
1066 699 1296 764 χαλκοῦς
1320 697 1386 763 γ’,
1412 699 1644 753 Ἀττικὸν

114 783 173 836 δὲ
198 783 509 849 ἡμιοβόλιον
537 782 645 849 ἔχει
669 783 891 848 τέςςαρα
922 784 1148 848 πέμπτα.

221 866 267 919 9.
306 867 383 920 Τὸ
417 868 662 932 κεράτιον
690 867 799 932 ἔχει
825 868 1089 920 Ἀττικοὺς
1116 870 1347 933 χαλκοῦς
1378 866 1436 933 β’.
1490 867 1574 921 καὶ
1612 868 1642 921 ὁ

21 936 25 937 ἶ
111 951 309 1016 χαλκὸς
336 946 380 1016 β’
403 952 629 1017 πέμπτα.

184 1035 263 1087 10.
303 1036 363 1089 Ὁ
386 1037 586 1101 χαλκὸς
612 1036 720 1102 ἔχει
744 1035 1055 1102 ἡμιοβολίου
1081 1037 1143 1089 τὸ
1171 1035 1252 1089 δ”·
1286 1036 1420 1090 ὥςτε
1443 1036 1572 1090 τοὺς
1598 1034 1643 1089 δ’
1674 1043 1728 1084 10

8 1195 12 1198 .
111 1122 343 1184 χαλκοῦς
368 1119 517 1183 ἄγειν
541 1121 868 1187 ἡμιοβόλιον.

184 1205 263 1257 11.
300 1205 360 1258 Ὁ
388 1206 579 1270 ςτατὴρ
616 1205 724 1271 ἔχει
758 1205 996 1270 δραχμὰς
1022 1204 1084 1270 δ’,
1115 1205 1407 1270 νομίςματα
1429 1203 1501 1268 γ’·
1551 1222 1641 1258 κα-

8 1334 12 1366 3
110 1291 259 1342 λοῦςι
284 1291 342 1343 δὲ
369 1289 503 1342 αὐτὸ
526 1289 940 1354 τετράδραχμον.

183 1372 262 1424 12.
303 1373 379 1425 Τὸ
415 1374 704 1439 δίδραχμον
738 1373 854 1436 ἄγει
889 1372 1113 1439 νόμιςμα
1138 1372 1186 1426 α’
1209 1383 1259 1436 5,
1299 1374 1513 1440 κεράτια
1547 1372 1639 1432 λς’.

15 1511 19 1514 .
107 1458 190 1510 καὶ
223 1457 286 1510 τὸ
320 1459 549 1512 διπλοῦν
586 1458 877 1523 δίδραχμον
913 1457 1112 1523 ὁμοίως
1148 1457 1263 1520 ἄγει
1305 1458 1541 1524 δραχμὰς
1576 1456 1638 1520 δ’,
1670 1463 1724 1503 15

106 1542 397 1607 νομίςματα
425 1541 486 1605 γ’.
532 1542 616 1596 καὶ
649 1543 711 1595 τὸ
747 1542 1010 1608 βαςιλικὸν
1045 1542 1246 1607 κάρυον
1286 1542 1485 1607 ὁμοίως
1524 1541 1640 1605 ἄγει

8 1643 26 1705 ,ᾗ
105 1626 334 1679 κοτύλας
359 1625 417 1679 δ’.

181 1710 260 1763 13.
300 1711 357 1763 Ἡ
397 1709 517 1775 χίμη
549 1711 582 1775 ἡ
614 1711 814 1776 μεγάλη
842 1710 951 1775 ἔχει
976 1709 1015 1765 <³
1040 1707 1100 1773 γ’.
1151 1711 1236 1764 καὶ
1268 1711 1301 1776 ἡ
1328 1711 1486 1777 μικρὰ
1515 1710 1636 1777 χίμη
1719 1784 1722 1787 ¹

107 1793 279 1859 ‹³:¹me
308 1798 353 1859 β.

180 1878 258 1929 14.
298 1879 374 1931 Τὸ
405 1877 623 1943 ἀςάριον
650 1878 757 1944 ἔχει
783 1878 821 1933 Φ
855 1878 912 1944 β’.
1666 1883 1722 1924 20

180 1962 258 2014 15.
298 1963 374 2015 Τὸ
400 1963 707 2028 κοχλιάριον
736 1963 844 2027 ἔχει
871 2005 880 2015 .
909 2005 918 2015 .
946 2004 956 2014 .
984 2004 993 2014 .

179 2047 257 2099 16.
296 2048 356 2100 Ὁ
383 2047 581 2101 κύαθος
606 2047 645 2102 <0
673 2046 720 2111 ι’,
746 2050 786 2102 so*
814 2049 872 2100 δὲ
899 2046 946 2099 α’
972 2043 1049 2110 δ”,
1084 2046 1383 2112 γραμμάρια
1409 2043 1471 2111 λ’,
1509 2047 1634 2113 ὀβο-

7 2180 17 2191 ..
103 2132 232 2184 λοὺς
268 2130 326 2196 ξ’,
351 2133 578 2197 θέρμους
607 2130 674 2197 ς’,
706 2133 919 2196 κεράτια
945 2133 1003 2184 δὲ
1033 2130 1135 2196 ρπ’,
1171 2133 1404 2197 χαλκοῦς
1440 2133 1499 2185 δὲ
1531 2129 1634 2195 υπ’,

9 2248 18 2256 r
102 2216 391 2281 νομίςματα
416 2214 458 2271 ζ’
482 2226 529 2269 5.

178 2301 240 2351 17
247 2342 255 2351 .
295 2301 371 2354 Τὸ
396 2301 664 2355 τάλαντον
691 2300 808 2363 ἄγει
839 2301 1016 2365 λίτρας
1044 2296 1170 2366 ρκε’,7
1202 2300 1493 2366 νομίςματα
1520 2305 1578 2371 Ιθ.
1662 2303 1718 2344 25

181 2384 254 2436 18.
293 2384 428 2437 >Ἐςτι
452 2386 511 2437 δὲ
540 2385 572 2438 ὁ
598 2386 796 2438 κύαθος
822 2370 936 2439 ιῖτό
965 2381 1036 2444 ς”.
1086 2386 1118 2450 ἡ
1153 2371 1181 2436 {2
1204 2385 1381 2452 μέτρῳ
1408 2385 1502 2448 μὲν
1524 2384 1633 2448 ἔχει

104 2469 336 2522 κυάθους
369 2467 430 2532 ς’,
470 2474 679 2538 ςταθμῷ
706 2473 766 2522 δε
794 2469 833 2523 <0
859 2468 898 2523 <0
925 2469 977 2523 ξ’.
1011 2469 1228 2531 ἄγουςιν
1260 2470 1299 2522 [ὅ
1326 2467 1367 2522 ζ’
1393 2477 1442 2530 S,
1469 2484 1631 2533 γραμ-

102 2553 259 2619 μάρια
284 2554 343 2606 δὲ
361 2549 465 2617 ρπ’,
486 2553 719 2619 ὀβολοὺς
744 2546 830 2615 τξ’,
859 2553 1023 2618 θέρμα
1048 2551 1159 2618 φμ’,
1186 2552 1399 2617 κεράτια
1425 2553 1484 2605 δὲ
1507 2549 1630 2623 ἀπ’,

9 2655 17 2706 j
102 2639 334 2702 χαλκοῦς
354 2636 525 2706 ,βωπζ
550 2637 839 2703 νομίςματα
862 2635 951 2701 με’.

217 2823 254 2862 8.
286 2820 521 2875 κεράτιον]
558 2835 659 2863 eam
690 2826 845 2862 notam
876 2834 1009 2873 quam
1032 2821 1090 2861 ad
1110 2834 1154 2874 p.
1178 2822 1261 2862 254
1290 2834 1334 2863 v.
1359 2821 1411 2863 10
1443 2821 1630 2863 exhibui

103 2891 246 2942 semel
267 2892 410 2933 habet
432 2892 529 2933 cod.
649 2895 715 2934 21.
749 2892 863 2932 adde
895 2889 933 2944 <ο
965 2885 1005 2931 α’
1039 2904 1094 2932 ex
1125 2891 1180 2933 fr.
1213 2894 1281 2944 60,
1309 2894 1360 2934 19
1476 2892 1545 2933 26.
1577 2875 1624 2945 1¹2]

8 2957 20 3004 ,”
101 2959 140 3013 <0
163 2962 306 3004 codex
334 2966 527 3014 utroque
558 2963 658 3005 loeo
775 2964 841 3003 29.
874 2955 1026 3020 ‘Bum']
1060 2954 1149 3019 ,βπ’
1182 2962 1279 3003 cod.
