1946 3220
19 100 62 133 ἰ’ῑὰ,

20 138 45 191 -2
129 139 228 210 [92]
725 158 796 193 nn
831 156 1046 194 mmms.
1551 140 1657 195 283

341 266 794 334 πενταςτάτηρον,
824 267 1057 330 γίγνεται
1080 267 1142 319 τὸ
1169 267 1367 334 πνεῦμ’
1389 267 1519 322 ἄνω.

127 368 232 421 ἔςτι
263 366 445 431 μέντοι
468 366 559 419 καὶ
596 366 816 432 νόμιςμα
845 366 1058 432 ςτατήρ,
1094 365 1170 420 ὡς
1211 365 1342 422 ὅταν
1373 366 1495 437 εἴπῃ
1521 367 1653 434 Ἀρι·
1676 379 1718 414 ⁶⁸

126 451 397 518 ςτοφάνης

338 536 576 600 ςτατῆρςι
602 536 656 588 δ’
684 534 735 588 οἱ
759 536 1083 600 Θεράποντες
1109 535 1446 601 ἀρτιάζομεν·

123 635 188 686 τὸ
212 633 314 700 γὰρ
342 634 401 688 ἐν
421 636 535 687 ταῖς
555 635 1030 698 Ἐκκληςιαζούςαις
1050 634 1653 700 ἀμφίβολονρςωτηρίας
1684 647 1710 687 5

123 719 580 785 τετραςτατήρου,’
606 717 710 772 εἴτε
734 719 910 784 ῥοπὴν
937 718 1040 772 εἴτε
1062 719 1283 784 ἀριθμὸν
1307 720 1458 781 λέγει.
1485 719 1654 773 Εὔπο-

124 804 203 855 λις
229 803 282 855 δ’
309 803 369 857 ἐν
396 805 490 867 μὲν
517 804 723 868 Δήμοις
750 804 813 856 τὸ
838 803 1060 869 νόμιςμα
1085 804 1239 868 δηλοῖ
1264 803 1440 865 λέγων

334 888 477 953 ἔχων
507 891 762 953 ςτατῆρας
787 888 1006 952 χρυςίου
1032 888 1364 953 τριςχιλίους,

123 972 183 1024 έν
210 973 270 1025 δὲ
295 972 607 1038 Ταξιάρχοις
632 973 730 1037 τὴν
758 971 932 1038 ῥοπὴν
960 973 1123 1035 λέγει·

485 1056 573 1109 ὅτ’
600 1055 666 1121 ἦν
693 1056 872 1121 μέντοι
897 1057 1188 1122 νεώτερος,
1215 1056 1408 1122 κρόκης
1687 1060 1740 1100 10

335 1141 498 1195 πέντε
523 1144 777 1206 ςτατῆρας
804 1139 938 1207 εἶχε,
969 1141 1057 1194 ναὶ
1082 1142 1151 1205 μὰ
1176 1142 1274 1194 τὸν
1300 1142 1426 1206 Δία,

334 1228 434 1279 νῦν
461 1227 519 1279 δὲ
547 1225 720 1290 ῥύπου
744 1242 806 1288 γε
833 1225 932 1278 δύο
958 1225 1192 1279 τάλαντα
1219 1225 1430 1294 ῥᾳδίως.

122 1325 206 1377 καὶ
230 1324 281 1377 οἱ
305 1325 399 1388 μὲν
419 1324 675 1389 Δαρεικοὶ
700 1323 993 1378 ἐκαλοῦντο
1021 1326 1286 1388 ςτατῆρες,
1314 1324 1365 1377 οἱ
1386 1327 1445 1379 δὲ
1470 1324 1654 1378 Φιλίπ·
1676 1337 1718 1370 ⁵⁹

121 1425 290 1472 πειοι,
326 1408 376 1460 οἱ
401 1409 459 1460 δ’
486 1408 893 1472 Ἀλεξάνδρειοι,
924 1410 1110 1473 χρυςοῑ
1135 1409 1330 1463 πάντες
1356 1408 1523 1463 ὄντες.
1570 1411 1656 1462 καὶ

122 1492 167 1547 εἰ
203 1495 296 1557 μὲν
323 1494 552 1558 χρυςοῦς
577 1492 772 1556 εἴποις,
810 1492 1272 1557 προςυπακούεται
1298 1492 1330 1546 ὁ
1354 1494 1570 1559 ςτατήρ,
1611 1494 1655 1547 εἰ
1688 1507 1740 1548 15

122 1579 181 1631 δὲ
218 1578 433 1642 ςτατήρ,
478 1577 544 1630 οὐ
569 1577 787 1630 πάντως
813 1576 844 1629 ὁ
872 1578 1114 1642 χρυςοῦς.
1164 1577 1571 1644 Ἀναξανδρίδης
1597 1581 1627 1630 δ
1644 1578 1657 1597 ’

38 1687 46 1692 -
122 1660 182 1715 εν
206 1662 416 1730 Ἀγχίςῃ
436 1662 521 1714 καὶ
545 1661 862 1726 ἡμιχρύςους
882 1662 1037 1723 λέγει.
1086 1661 1151 1714 τὰ
1177 1662 1236 1714 δὲ
1255 1664 1510 1727 ςτατῆρος
1538 1661 1654 1717 ἄξια

123 1749 424 1811 ςτατηριαῑα
444 1745 605 1810 φαίης
628 1745 712 1809 ἄν
739 1746 813 1798 ὡς
839 1745 1166 1810 Θεόπομπος
1192 1746 1251 1798 έν
1280 1746 1651 1815 Καλλαίςχρῳ

336 1831 400 1882 οὔ
427 1846 584 1895 φηςιν
612 1829 748 1883 εἶναι
773 1833 884 1882 τῶν
913 1829 1138 1894 ἑταιρῶν
1167 1830 1260 1882 τὰς
1285 1830 1440 1893 μέςας

334 1914 676 1978 ςτατηριαίας.
1683 1929 1738 1968 20

227 1999 285 2051 Ἡ
320 2001 424 2063 μνᾶ
462 2000 516 2051 δ’
543 1997 686 2063 εἶχεν
713 1998 744 2061 ἡ
774 1999 972 2063 Ἀττικὴ
1002 1998 1299 2063 δραχμὰς
1327 1998 1537 2062 ἑκατόν,
1576 1998 1651 2051 ῶς

122 2083 464 2148 ἀκριβέςτατα
490 2083 626 2135 ἕςτιν
653 2083 711 2136 ἐν
735 2084 846 2134 τοῖς
874 2083 1168 2135 Εὐπόλιδος
1203 2082 1449 2137 Κόλαξιν·

337 2170 559 2220 δεῖπνον
585 2169 671 2219 θὲς
698 2167 888 2220 ἑκατὸν
912 2166 1175 2232 δραχμάς,
1202 2166 1346 2220 ἰδού·

122 2252 237 2305 εἶτα
262 2252 506 2318 ἐπιφέρει

336 2335 491 2388 οἶνον
518 2337 604 2387 θὲς
631 2335 818 2400 ἑτέραν
842 2337 1002 2399 μνᾶν·
1166 2339 1168 2341 ’
1682 2346 1738 2387 25

123 2422 290 2484 δῆλον
318 2419 398 2472 ὅτι
422 2420 506 2471 καὶ
532 2419 626 2471 τὰς
652 2419 833 2483 ἑτέρας
861 2419 1051 2471 ἑκατὸν
1081 2419 1315 2484 δραχμὰς
1349 2420 1485 2482 μνᾶν
1511 2416 1650 2483 εἴρη-
1673 2427 1715 2461 60

122 2521 227 2558 κεν.
309 2504 341 2568 ἡ
378 2503 558 2567 μέντοι
596 2504 799 2567 δραχμὴ
837 2501 980 2567 εἶχεν
1017 2502 1251 2567 ὀβολοὺς
1287 2501 1364 2556 ἕξ·
1406 2501 1533 2555 ὅθεν
1568 2503 1652 2555 καὶ

123 2588 389 2654 ἐπωβελία
426 2587 487 2639 τὸ
525 2587 679 2639 ἕκτον
719 2588 816 2639 τοῦ
843 2587 1136 2650 τιμήματος.
1203 2586 1286 2637 καὶ
1320 2586 1381 2638 τὸ
1416 2587 1651 2651 δραχμῆς

124 2671 273 2727 ἄξιον
328 2673 667 2737 δραχμιαῑον,
721 2669 795 2723 ῶς
840 2670 898 2723 ἑν
934 2670 1348 2736 Ἀριςτοφάνους
1392 2669 1650 2724 Ὁλκάςιν.

239 2887 282 2925 2.
315 2881 493 2937 μέντοι]
535 2882 585 2925 δὲ
616 2884 673 2924 Di
786 2893 910 2924 ειποι
950 2882 1008 2923 Di
1133 2883 1201 2923 16.
1235 2880 1383 2925 εἴποις
1413 2886 1516 2937 post
1547 2891 1652 2924 ςτα-

126 2951 216 3006 τήρ
249 2953 349 2996 add.
383 2955 441 2994 Di
556 2955 624 2994 21.
659 2950 687 3003 ἡ
723 2951 912 3004 Ἀττικὴ
947 2953 1037 3003 μνᾶ
1067 2950 1159 3003 ἔχει
1190 2954 1250 2993 Di
