1946 3220
86 22 121 51 Ἰ..
131 0 229 40 “7⁴1''
255 0 268 19 τ
307 8 311 11 -
459 5 463 8 >
619 0 694 24 11⁸

32 149 51 204 3.
118 134 250 205 [ὅθ’]
597 153 748 189 GAVIS
785 153 855 189 Ac
889 154 1238 189 Pommmnus,
1548 137 1655 191 225

227 261 272 313 7.
306 261 382 315 Τὸ
408 262 468 314 δὲ
491 260 736 326 ἡμίεκτον
764 262 873 328 ἔχει
898 261 1132 328 χοίνικας
1148 259 1227 315 -δ’·
1270 262 1404 316 ὥςτε
1438 263 1536 318 τὸν
1565 263 1653 328 μέ·

0 323 1 365 j
27 334 42 378 ‘—
117 349 306 410 διμνον
332 345 472 410 ἔχειν
500 345 716 410 μοδίους
742 345 803 408 gs,
830 346 1067 411 χοίνικας
1090 345 1190 412 μη’,
1215 347 1396 402 ξέςτας
1418 343 1519 412 (ἶς’.

226 457 272 509 8.
311 457 535 510 Τούτων
570 458 630 511 δὲ
663 458 759 511 τὸν
800 458 1028 523 ςταθμὸν
1064 458 1229 512 εἰπεῖν
1270 459 1370 512 οὐκ
1402 459 1651 524 εὔκολον,

79 519 89 534 x
120 539 201 594 ὅτι
226 545 337 594 τῶν
368 543 546 606 ξηρῶν
577 541 775 594 οὐςιῶν
805 541 1025 607 ἄπειρός
1053 543 1190 596 ἐςτιν
1218 544 1251 608 ἡ
1275 544 1408 597 κατὰ
1436 545 1532 608 τὴν
1561 543 1651 609 550-
1674 560 1738 594 756
1767 590 1772 592 γ

17 629 32 691 ζ
118 627 227 690 πὴν
256 625 492 690 διαφορὰ
525 625 658 677 κατὰ
682 626 778 689 τὴν
806 629 901 690 τῆς
935 626 1162 691 ἰατρικῆς
1194 628 1384 693 τέχνης
1413 632 1653 682 διδαςκα-
1683 634 1710 675 5

6 2855 30 2883 ’ν
5 1246 38 2837 autvflmvffl&metz-*met⁶·’ffl1mfizzwrxmm**agon*
15 1183 25 1217 -’
12 1058 24 1074 *a
11 979 34 1017 r,-
13 876 29 935 m·
11 821 14 829 ·
14 768 27 787 e·

67 2187 78 2193 Ι

116 709 264 773 λίαν,
296 710 472 762 καθὼς
497 708 548 763 οἱ
571 709 679 774 πρὸ
702 709 854 774 ἡμῶν
890 712 1052 776 ςοφοὶ
1090 710 1260 776 ἰατροί
1295 729 1352 765 τε
1387 713 1472 765 καὶ
1510 713 1653 766 διδά-

117 795 299 846 ςκαλοι
330 796 496 846 ταῦτα
519 793 642 858 ἡμῖν
668 794 1044 860 διεςαφήνιςαν
1068 795 1437 864 [θαυμαςτῶς].

116 989 342 1042 56-59.
403 989 569 1041 Varia
595 991 814 1042 collecta
841 992 904 1041 de
923 991 1249 1057 ponderibus
1282 1007 1348 1043 ac
1376 994 1650 1043 mensuris,

603 1087 740 1144 (Vide
769 1090 884 1144 prol.
914 1092 939 1140 ξ
968 1090 1170 1143 54-63.)

117 1172 251 1237 Περὶ
271 1171 497 1237 ςημείων
519 1173 603 1225 καὶ
621 1175 971 1238 χαρακτήρων
988 1176 1098 1228 τῶν
1120 1174 1179 1228 ἐν
1197 1177 1310 1227 ταῖς
1331 1174 1666 1239 ςυςταθμίαις
1686 1179 1741 1219 10

457 1257 542 1309 καὶ
567 1258 687 1322 περὶ
712 1261 953 1323 ςταθμῶν
980 1258 1064 1310 καὶ
1088 1258 1312 1323 μέτρων.
1672 1271 1674 1274 ’

113 1409 216 1462 56³
251 1408 394 1480 (cap.
430 1409 506 1461 VI
510 1410 552 1480 ³)
606 1411 850 1462 Secunda
886 1412 1070 1463 tabula
1107 1413 1172 1462 de
1202 1414 1340 1463 notis
1364 1413 1655 1479 ponderum

660 1502 710 1547 et
737 1512 1114 1547 mensurarum.

229 1594 273 1646 1.
311 1594 421 1658 Τὴν
445 1597 556 1647 τῶν
582 1594 808 1659 ςημείων
832 1594 918 1647 καὶ
941 1594 1290 1660 χαρακτήρων
1317 1595 1655 1648 διδαςκαλίαν

118 1677 542 1744 ἀναγκαιοτάτην
592 1678 758 1732 οὖςαν
802 1678 869 1732 οὐ
912 1679 1187 1743 πάρεργον
1232 1679 1655 1750 ἀναγράψαςθαι,
1688 1692 1741 1733 15

63 1769 83 1777 “’
122 1761 274 1815 ὅπως
299 1762 359 1815 ἐν
387 1766 501 1816 ταῖς
525 1766 636 1816 τῶν
671 1763 970 1828 φαρμάκων
1005 1762 1295 1815 ςκευαςίαις
1329 1764 1656 1827 ςυμβολικῶς

121 1845 373 1911 εὑρόντες
418 1846 631 1910 κείμενά
673 1863 792 1899 τινα
836 1846 1021 1899 αὐτίκα
1066 1846 1408 1911 γνωρίζωμεν
1457 1846 1555 1910 τὴν
1599 1846 1656 1900 ἐξ

123 1931 304 1983 αὐτῶν
335 1931 720 1995 ςημαινομὲνην
748 1930 1074 1995 ςυςταθμίαν.

226 2014 274 2066 2.
314 2016 424 2079 Τὴν
452 2013 551 2068 οὖν
585 2016 721 2079 μνᾶν
748 2014 981 2080 ςημαίνει
1010 2014 1072 2067 τὸ
1103 2031 1137 2078 μ
1168 2015 1429 2078 ςτοιχεῑον
1466 2012 1656 2066 ἐπικεί-

126 2115 290 2163 μενον
323 2099 451 2164 ἔχον
482 2100 544 2153 τὸ
574 2116 624 2162 ν,
663 2087 709 2166 ἦ.
1683 2113 1740 2152 20

229 2183 276 2235 3.
314 2184 422 2247 Τὴν
450 2185 510 2237 δὲ
533 2183 714 2248 λίτραν
739 2183 801 2236 τὸ
827 2185 857 2235 λ
883 2182 1212 2246 ἐπικείμενον
1239 2182 1368 2247 ἔχον
1399 2181 1462 2234 τὸ
1489 2198 1529 2245 ι,
1559 2180 1620 2232 λῑ.

239 2383 280 2423 7.
310 2379 591 2433 διεςάφηςαν
626 2382 688 2421 Ne
806 2382 1080 2431 θαυμαςτῶς
1112 2395 1197 2421 om,
1231 2380 1283 2420 St

239 2453 278 2492 8.
315 2448 576 2501 Κεφάλαιον
607 2444 646 2494 ς’
670 2451 729 2491 Ch
847 2453 912 2491 10.
939 2452 1002 2490 11.
1031 2448 1151 2501 Περὶ
1180 2462 1322 2501 usque
1357 2448 1415 2488 ad
1446 2445 1652 2501 μέτρων]

126 2518 311 2562 Ἀλλως
361 2519 467 2571 περὶ
506 2517 709 2572 ςημείων
748 2519 824 2560 καὶ
864 2517 1178 2571 χαρακτήρων
1218 2521 1318 2559 τῶν
1356 2516 1406 2559 ἐν
1443 2519 1546 2559 ταῖς
1584 2529 1657 2559 cu·

84 2587 88 2598 ⁴
127 2587 364 2641 ςταθμίαις
397 2590 477 2642 Ne,
509 2587 708 2631 Ἔκθεςις
739 2591 839 2630 τῶν
870 2585 1073 2640 ςημείων
1108 2588 1182 2629 καὶ
1214 2586 1528 2639 χαρακτήρων
1559 2588 1655 2629 Nic,

128 2673 229 2713 app.
289 2661 403 2700 Post
432 2659 616 2700 titulum
655 2660 706 2700 St
744 2658 886 2699 habet
916 2669 1019 2709 κεφ.
1052 2651 1107 2709 α’,
1161 2658 1220 2698 Clz
1250 2657 1300 2699 Ἡ
1333 2655 1450 2710 ἄλλη
1482 2655 1656 2699 ἔκθεςις

131 2730 200 2770 16.
232 2727 282 2770 ἐν
313 2743 399 2770 om.
434 2730 498 2770 Ne
531 2731 732 2782 Nicapp.
880 2730 944 2769 17.
977 2738 1083 2768 τινα
1113 2741 1200 2771 om.
1234 2729 1299 2767 Ne
1419 2725 1656 2778 γνωρίςω-

131 2809 216 2849 μεν
245 2799 333 2850 Ne,
372 2797 616 2852 γνωρίζειν
657 2797 840 2850 ἔχωμεν
880 2799 1083 2850 Νἰε.αρρ.
1203 2797 1269 2839 18.
1303 2793 1526 2847 ςταθμίαν
1559 2797 1653 2836 Nic.

130 2882 233 2921 app.
350 2870 420 2913 19.
456 2869 548 2922 τὴν
589 2868 671 2920 μὲν
701 2866 787 2910 οὖν
817 2871 883 2910 Ne
1027 2870 1094 2909 21.
1127 2866 1237 2919 ἔχον
1267 2865 1559 2917 ἐπικείμενον
1591 2866 1657 2905 Ne

133 2935 187 2990 N]
220 2936 265 2984 λῑ
293 2939 352 2979 Ch

189 3021 361 3053 scmp‘r.
393 3022 593 3051 memnon.
628 3023 660 3052 1.
1337 2997 1403 3057 15
