1946 3220
127 111 356 184 [30—32]
561 129 712 164 omns
748 130 814 165 Ac
852 129 1203 166 Pommmnus.
1546 113 1653 169 209

50 247 57 293 Ῐ
125 265 353 320 30-50.
406 264 538 319 Loci
571 265 635 317 de
668 267 926 317 mensuris
961 282 1026 318 ac
1056 266 1380 332 ponderibus
1416 283 1443 318 e
1469 267 1657 319 Galem'

667 350 820 401 libris
847 352 1095 417 excerpti.

606 448 740 502 (Vide
771 448 885 502 prol.
917 451 942 500 ἓ
970 451 1042 492 45.
1073 449 1162 502 46.)

122 545 209 600 30.
258 545 306 597 Ε
342 547 475 598 libro
510 545 591 596 IV
622 546 687 596 de
718 547 946 598 sanitate
982 548 1174 597 tuenda
1208 551 1390 611 (chart.
1425 553 1508 610 VI,
1543 556 1649 599 132.

676 622 816 668 metm
849 622 927 679 VJ,
956 622 1087 681 287).
1681 632 1708 672 5

232 714 433 768 *Ἔςτω
467 716 527 768 δὲ
560 715 623 769 τὸ
661 717 756 781 μὲν
787 716 970 770 ἔλαιον
998 716 1057 770 ἓν
1082 733 1130 768 τι
1161 719 1273 769 τῶν
1303 718 1650 781 χαλαςτικῶν,

120 799 242 853 οἷόν
275 817 377 865 περ
415 800 474 854 ἐν
512 800 700 867 Ἰταλίᾳ
736 801 800 854 τὸ
831 800 1085 866 (αβῑνον,
1123 800 1460 866 ἐμβαλλέςθω
1500 802 1554 853 δ’
1579 800 1651 854 εἰς

23 878 27 879 ’
118 885 217 938 τὰς
250 883 411 938 εἴκοςι
445 885 529 937 καὶ
561 884 722 938 πέντε
747 885 975 937 κοτύλας
1002 884 1169 937 αὐτοῦ
1193 884 1378 949 μόδιος
1405 885 1652 938 Ἰταλικὸς

117 971 218 1022 τοῦ
245 970 544 1035 ςπέρματος
568 971 662 1034 τῆς
687 968 904 1033 ἐλάτης,
947 968 1125 1022 οὐςῶν
1151 970 1211 1022 δὲ
1239 970 1323 1022 καὶ
1357 971 1470 1023 τῶν
1496 985 1649 1023 κοτυ·

23 1106 34 1121 Δ,
120 1053 235 1107 λῶν
259 1053 552 1118 Ἰταλικῶν,
574 1053 642 1107 ἃς
669 1054 733 1119 δὴ
761 1053 846 1106 καὶ
873 1052 1053 1118 λίτρας
1082 1052 1418 1119 ὀνομάζουςι.
1683 1063 1735 1104 10

12 1257 27 1302 3
115 1219 206 1274 31.
275 1220 323 1273 E
360 1222 493 1274 libro
535 1221 670 1273 VIII
710 1222 831 1288 περὶ
872 1222 1165 1276 ςυνθέςεως
1201 1221 1500 1288 φαρμάκων
1535 1222 1649 1277 τῶν

693 1307 824 1360 κατὰ
847 1306 1067 1359 τόπους.

461 1406 562 1471 (ch.
585 1409 724 1470 xm,
754 1412 868 1456 573.
921 1409 977 1454 [s.
1004 1409 1150 1468 xm,
1182 1408 1310 1469 160).

228 1502 355 1572 *Τῷ
405 1501 461 1555 δ’
498 1502 843 1573 Ἀςκληπιάδῃ
889 1501 1058 1558 πλείω
1100 1502 1224 1568 περὶ
1269 1504 1363 1567 τῆς
1411 1503 1650 1568 χρήςεως

117 1586 318 1654 εἴρηται
357 1590 452 1654 τῆς
489 1589 840 1656 προκειμένης
874 1587 1170 1643 ἀντιδότου.
1236 1586 1376 1653 πρὸς
1412 1587 1508 1652 μὲν
1545 1586 1650 1652 γὰρ
1683 1595 1734 1637 15

11 1679 23 1748 ᾗ
114 1671 213 1725 τὰς
237 1671 531 1740 δυςπεψίας
550 1675 663 1728 τῶν
683 1672 1037 1737 ὑγιαινόντων
1056 1671 1259 1727 κελεύει
1276 1671 1513 1726 δίδοςθαι
1527 1671 1649 1737 μίαν

115 1756 286 1823 ὁλκὴν
322 1758 444 1824 μεθ’
481 1756 680 1812 ὕδατος
709 1759 926 1824 ψυχροῦ
960 1757 1176 1811 κυάθων
1210 1755 1271 1810 δ’.
1324 1750 1556 1824 ’ἠγοῦμαι
1589 1757 1650 1811 δὲ

119 1842 294 1904 λέγειν
315 1841 481 1896 αὐτὸν
501 1843 739 1909 δραχμὴν
766 1842 1032 1908 ἀργυρᾶν·
1056 1842 1141 1894 καὶ
1164 1841 1267 1906 γὰρ
1291 1840 1435 1894 οὕτω
1457 1840 1649 1906 ςχεδόν

0 1917 14 1932 μ’
117 1925 277 1980 ἅπαςι
311 1926 426 1981 τοῖς
458 1928 746 1992 νεωτέροις
772 1925 973 1992 ἰατροῖς
1006 1927 1130 1980 ἔθος
1161 1924 1460 1991 ὀνομάζειν.
1513 1925 1648 1978 ἄλλο

0 2008 22 2044 Ρ·
119 2011 179 2064 δὲ
209 2012 358 2066 νοεῖν
391 2011 528 2077 ἡμᾶς
556 2011 717 2066 οὐδὲν
755 2005 789 2077 ἦ
820 2014 918 2065 τοῦ
953 2010 1265 2078 πράγματος
1300 2010 1453 2077 φύςις
1486 2009 1648 2073 ἀναγ-
1678 2017 1733 2059 20

117 2095 274 2149 κάζει.
312 2096 589 2162 πρόδηλον
615 2096 672 2150 δ’
699 2096 782 2150 ὅτι
812 2098 1052 2163 δραχμὴν
1078 2095 1305 2161 λέγομεν
1331 2096 1432 2149 νῦν
1456 2094 1514 2149 ἐν
1537 2094 1651 2149 τοῖς

115 2178 384 2235 τοιούτοις
425 2179 661 2236 ἅπαντες
694 2181 830 2247 ὅπερ
871 2181 1122 2247 Ῥωμαῖοι
1157 2179 1413 2245 δηνάριον
1450 2178 1648 2245 ὀνομά-

0 2255 15 2322 ,ἷ
116 2267 312 2319 ζουςιν.

0 2397 16 2430 ‘³'
115 2402 203 2456 32.
256 2402 303 2454 Ε
333 2403 469 2457 libro
493 2404 526 2455 Ι
557 2406 679 2470 περὶ
714 2405 1006 2460 ςυνθέςεως
1042 2405 1341 2473 φαρμάκων
1374 2406 1485 2456 τῶν
1515 2401 1647 2455 κατὰ

801 2476 947 2542 γένη.
1483 2524 1487 2529 .
1674 2479 1729 2520 25

457 2575 567 2640 (οὴ.
593 2577 730 2636 XIII,
762 2581 872 2623 657.
924 2578 980 2623 K.
1006 2577 1143 2634 XIII,
1176 2574 1306 2638 415.)

225 2657 459 2720 *Γέγονε
509 2657 693 2711 τοίνυν
746 2657 922 2710 πάντα
954 2657 1149 2724 ἑφεξῆς
1190 2655 1535 2718 καταλέγοντι
1579 2655 1644 2709 τὸ

119 2741 402 2807 φάρμακον
428 2741 487 2795 ἐκ
507 2744 682 2796 τῶνδε
702 2740 1070 2806 ςυγκείμενον·
1094 2740 1416 2806 λιθαργύρου
1444 2741 1538 2805 μὲν
1563 2740 1647 2791 καὶ

118 2825 367 2890 ψιμυθίου
401 2825 581 2891 λίτρας
617 2827 870 2891 ἑκατέρου
902 2830 1139 2895 ςταθμῷ,
1181 2827 1334 2879 δυοῖν
1362 2826 1422 2878 δὲ
1450 2826 1644 2889 λιτρῶν

115 2907 298 2961 ἐλαίου
336 2910 523 2979 μέτρῳ.
574 2911 804 2965 καλεῖται
839 2910 941 2975 γὰρ
979 2909 1086 2964 ὑπὸ
1116 2909 1392 2975 Ῥωμαίων
1435 2906 1645 2972 ὁμωνύ-
1676 2914 1732 2954 30

205 3005 382 3036 sempr.
414 3008 618 3038 ammaon.
649 3008 681 3037 1.
1326 2994 1393 3045 14
