1946 3220
5 103 61 156 ἐᾷ’

4 0 180 125 w
234 0 257 4 ff

93 132 197 204 [78]
531 149 685 185 GAvxs
723 150 790 184 Αο
826 149 1176 186 ΡοιωΕιιιΒυε.
1515 133 1621 187 253

202 257 248 310 8.
287 257 469 311 Λεπτὰ
495 260 782 312 καλοῦνται
806 259 871 312 τὰ
897 259 1102 327 ἀςάρια,
1127 260 1296 324 ἤγουν
1322 261 1388 314 τὰ
1412 262 1618 326 νουμία.

97 342 355 407 ἑξήκοντα
387 343 447 396 δὲ
483 341 715 408 ἀςαρίων
752 343 957 408 ὑπῆρχε
991 344 1112 397 τότε
1152 345 1214 398 τὸ
1249 346 1516 411 δηνάριον.
1573 348 1619 411 ρ’

27 483 29 488 y
94 426 317 492 δηνάρια
343 426 373 479 ὁ
399 425 645 492 ἄργυρος.
696 428 780 479 καὶ
805 428 1071 493 πέπραται
1097 429 1126 481 ὁ
1154 429 1334 495 κύριος
1361 430 1432 484 εἰς
1456 426 1502 482 λ’
1527 429 1618 497 ἀρ-

50 570 51 573 ,
91 510 276 575 γύρια,
324 509 477 564 ἅτινα
519 510 840 574 ςυνάγονται
882 530 929 582 ’γ
964 512 1214 577 δηνάρια,
1268 514 1521 579 γινόμενα
1559 515 1619 568 ἑν

19 643 22 646 .
92 599 270 664 χρυςῷ
297 594 587 659 νομίςματα
613 593 671 660 ρ’.
1652 594 1678 635 5

200 678 247 730 9.
286 679 361 732 Τὸ
387 678 652 735 τάλαντόν
684 680 820 736 ἐςτιν
847 681 1014 746 λίτραι
1043 679 1161 746 ρκε’.

165 763 244 815 10.
285 762 359 816 Τὸ
388 763 634 829 ἀςςάριόν
663 764 766 818 ἐςτι
792 766 958 818 λεπτὰ
986 762 1038 819 ξ’.

167 846 246 899 11.
283 848 340 900 Ἡ
373 847 561 910 οὐγγία
587 848 695 913 ἔχει
727 853 983 913 ςτατῆρας
1011 847 1067 914 β’.

166 930 245 983 12.
284 931 343 984 ‘O
372 932 562 997 ςτατὴρ
589 932 697 998 ἔχει
722 932 944 998 δίδραμα
968 932 1024 998 β’.

166 1014 244 1067 13.
284 1016 340 1068 Ἡ
375 1017 578 1081 δραχμή
607 1017 710 1070 ἐςτι
735 1017 797 1070 τὸ
821 1014 883 1083 η”
909 1021 1000 1082 τῆς
1026 1017 1257 1081 οὐγγίας.
1654 1014 1707 1055 10

168 1099 246 1151 14.
283 1100 342 1153 ‘O
377 1100 672 1166 κοδράντης
709 1103 941 1155 καλεῖται
975 1101 1181 1166 ςίκλον,
1218 1102 1321 1156 ἔςτι
1354 1103 1414 1156 δὲ
1446 1103 1509 1157 τὸ
1536 1103 1619 1157 τέ-

17 1238 20 1241 .
93 1199 289 1247 ταρτον
315 1187 408 1248 τῆς
435 1184 666 1247 οὐγγίας.

168 1267 247 1320 15.
286 1269 360 1321 Τὸ
388 1269 628 1334 δινάριον
656 1269 790 1323 ἑςτὶν
817 1269 1039 1335 νόμιςμα
1066 1270 1138 1324 ἕν.

166 1351 244 1403 16.
281 1353 356 1405 Τὸ
387 1353 543 1418 νέβελ
569 1353 705 1407 ἑςτὶν
733 1355 926 1419 μέτρον
958 1357 1153 1408 Ξεςτῶν
1178 1353 1270 1420 ρν’.

166 1436 246 1488 17.
286 1437 360 1489 Τὸ
388 1437 598 1491 ςτάδιον
628 1437 735 1502 ἔχει
763 1437 977 1504 οὐργίας
1005 1437 1068 1503 ρ’,
1097 1439 1298 1504 βήματα
1317 1434 1408 1505 ςμ’,
1436 1439 1621 1504 πήχεις
1654 1434 1707 1475 15

92 1517 153 1585 τ’,
184 1519 354 1572 πόδας
380 1517 438 1586 χ’.

166 1604 245 1657 18.
285 1605 359 1658 Τὸ
397 1605 573 1669 μίλιονμ
606 1605 714 1670 ἔχει
751 1605 992 1658 ςταδίους
1019 1605 1060 1661 ζ’
1084 1616 1144 1671 5,
1182 1606 1416 1672 οὐργύας
1443 1606 1622 1678 ἢαςμ’9

93 1689 277 1754 πήχεις
303 1706 366 1758 Δγ,
394 1688 566 1741 πόδας
591 1687 710 1759 Ιδφῖ

166 1884 388 1937 78-80,
443 1884 651 1946 Quarta
678 1886 938 1950 collectio,
978 1887 1222 1936 derivata
1258 1903 1323 1937 em
1357 1887 1552 1938 tabulis

459 1969 827 2036 Cleopatranis
853 1978 899 2022 et
924 1971 1261 2037 hippiatrica.
1653 1977 1709 2016 20

635 2070 769 2119 (vide
801 2070 915 2123 prol.
949 2072 972 2122 ς
1003 2070 1091 2122 85.)

816 2166 896 2219 78.

0 2257 22 2267 ”
97 2250 178 2303 Ἐκ
206 2252 316 2303 τῶν
353 2250 696 2316 Κλεοπάτρας
723 2252 845 2316 περὶ
878 2254 1119 2316 ςταθμῶν
1159 2253 1241 2304 καὶ
1267 2253 1476 2318 μέτρων
1510 2253 1623 2317 ἐξή-

238 2350 381 2398 γηςις
407 2336 538 2387 κατὰ
564 2335 767 2388 πλάτος
792 2337 929 2400 πρὸς
958 2337 1147 2403 εὐχερῆ
1175 2336 1379 2402 ἐὕρεςιν
1407 2337 1622 2401 ἑκάςτης

239 2419 371 2483 μνᾶς
412 2419 496 2471 καὶ
541 2418 719 2484 λίτρας
753 2420 837 2472 καὶ
881 2421 1098 2483 οὐγγίας
1138 2421 1222 2473 καὶ
1264 2424 1499 2485 δραχμῆς
1541 2421 1624 2472 καὶ
1654 2425 1710 2466 25

241 2502 562 2567 γράμματος,
583 2503 783 2557 πόςους
802 2504 1011 2569 ἔχουςιν
1038 2504 1269 2569 ὀβολοὺς
1290 2505 1373 2556 καὶ
1399 2505 1624 2569 θέρμους

184 2663 225 2704 2.
256 2658 413 2712 ἐξήγια
433 2657 482 2700 δὲ
513 2659 612 2703 eod.
728 2663 768 2700 3.
793 2657 1057 2711 πέπρακται
1079 2660 1179 2700 cod.
1270 2662 1333 2702 10.
1352 2653 1426 2714 η”]
1451 2652 1488 2702 ἔ
1501 2654 1622 2702 ὀοᾱ.

103 2731 170 2774 11.
202 2729 430 2783 κοδράτης
462 2730 562 2771 cod.
680 2727 792 2782 ἔςτι]
835 2727 904 2771 ἔνι
944 2730 1042 2771 cod.
1162 2732 1227 2772 13.
1260 2729 1465 2783 δινάριον
1505 2745 1624 2773 com·

103 2800 271 2852 pendio
301 2813 387 2844 scr.
419 2801 467 2840 in
499 2800 596 2843 cod.
714 2801 781 2842 16.
811 2794 872 2852 τ’]
907 2794 947 2841 υ’
979 2800 1034 2841 fr.
1070 2802 1135 2852 16,
1158 2801 1183 2841 8
1300 2803 1364 2844 17.
1395 2800 1620 2855 οὐργύας]

102 2879 186 2921 ουρ
219 2873 266 2911 et
294 2881 523 2924 suprascr.
556 2864 618 2911 ru'
651 2869 750 2911 cod.
848 2864 981 2928 ,αςμ’]
1016 2870 1120 2924 lege
1153 2864 1239 2923 ωμ’
1270 2871 1373 2914 coll.
1407 2873 1461 2917 fr,
1482 2873 1547 2924 16,
1574 2875 1626 2914 10

17 2995 19 2998 r
103 2939 172 2980 23.
202 2938 321 2993 τῶν]
355 2942 440 2995 τῆς
471 2941 567 2983 cod.
600 2942 709 2982 2329
