1946 3220
543 155 863 190 SCRIPTORES
890 155 1147 191 GRAECOS.
1537 140 1604 193 47

78 269 217 315 menti
259 275 468 326 auctore,
516 269 594 330 qui
623 268 668 315 id
694 270 848 316 nescio
875 284 967 332 quo
994 283 1048 316 ex
1072 270 1190 317 libro
1221 272 1267 316 in
1290 270 1473 318 brevius
1501 286 1608 318 con-

80 336 336 398 traxerit²)‚
365 339 438 386 hic
463 353 593 385 error
619 339 680 385 sit
703 340 939 400 profectus
955 376 969 400 ,
998 347 1279 403 quapropter
1304 341 1472 389 codicis
1499 342 1608 388 scri-

76 416 256 471 pturam
281 409 409 456 nolui
435 411 690 456 immutare.

521 548 584 588 De
616 547 758 589 tabula
794 548 863 589 VI
892 549 1162 591 Heroniana.

180 634 398 696 Sequitur
441 642 567 682 sexta
612 636 776 682 tabula.
857 635 998 692 Quam
1049 637 1104 682 ad
1154 637 1270 682 idem
1316 626 1460 697 genus
1503 652 1606 685 cum
1625 634 1691 684 29

0 751 2 754 ,
76 707 234 767 quinta
268 706 547 753 referendam
584 720 685 753 esse
706 720 730 752 e
754 706 922 768 plethri
957 714 1002 753 et
1036 707 1168 754 stadii
1195 706 1456 754 definitione
1480 708 1609 755 colli-

74 778 214 837 gitur.
269 775 399 831 Quod
436 779 555 823 enim
590 777 786 823 stadium
825 778 978 825 decem
1017 779 1191 824 socaria
1226 778 1395 824 habere
1422 778 1605 837 dicitur,

73 847 190 893 idem
227 847 380 894 decem
416 849 679 909 orgyiarum
710 849 939 896 socarium
966 848 1039 895 hic
1065 855 1204 910 atque
1236 847 1330 895 illic
1359 848 1607 910 deprehen-

73 918 234 964 dimus.
285 917 371 964 Sed
395 918 547 964 differt
570 920 681 966 haec
705 918 857 965 tabula
887 933 968 978 eo,
1004 920 1126 981 quod
1154 926 1338 980 praeter
1362 919 1605 978 socarium‚

73 988 196 1050 quod
222 1003 275 1035 ex
299 989 486 1050 antiqua
519 990 678 1051 orgyia
701 990 983 1036 Philetaerea
1011 996 1162 1038 ortum
1197 1004 1298 1037 esse
1325 990 1606 1037 demonstra-

71 1060 216 1105 vimus
242 1059 290 1119 (S
321 1059 420 1120 25),
461 1059 573 1107 aliae
600 1075 786 1122 quoque
810 1074 1051 1112 mensurae
1077 1060 1386 1108 Philetaereae
1412 1060 1606 1107 afferun-

72 1137 162 1176 tur.
213 1129 322 1176 Nam
357 1145 458 1177 cum
483 1145 675 1178 acaenae
701 1132 962 1179 tribuantur
990 1132 1239 1193 spithamae
1268 1132 1488 1190 sedecim,
1526 1131 1606 1192 qui

72 1207 181 1247 sunt
203 1201 440 1248 duodecim
465 1202 633 1263 pedes,
666 1202 886 1261 efficitur,
914 1210 966 1249 ut
990 1217 1155 1250 acaena
1178 1201 1485 1260 Philetaerea‚
1512 1203 1605 1263 spi-

74 1272 247 1318 thamae
271 1272 496 1319 Romanae
533 1273 639 1319 sint.
691 1272 811 1334 Ergo
847 1274 980 1320 etiam
1003 1273 1234 1335 plethrum
1260 1280 1306 1320 et
1331 1273 1524 1320 stadium
1551 1273 1605 1318 ad

70 1342 394 1389 Philetaeream
422 1344 644 1390 rationem
672 1345 908 1391 referenda
934 1352 1054 1391 sunt.
1104 1345 1317 1405 Iugerum
1343 1350 1492 1391 autem
1517 1343 1606 1390 hoc

71 1413 173 1460 loco
199 1427 291 1460 non
322 1421 393 1460 est
420 1415 665 1475 quadrata,
703 1415 784 1461 sed
807 1423 1018 1476 porrecta
1047 1429 1286 1473 mensura,
1311 1414 1484 1476 duplici
1510 1414 1605 1475 ple-

73 1484 163 1530 thri
199 1482 499 1544 longitudine.
551 1486 610 1531 De
643 1486 838 1532 miliario
877 1486 1136 1546 ambigitur.
1186 1485 1361 1532 Etenim
1401 1485 1523 1545 quod
1559 1486 1606 1530 in

71 1555 226 1601 codice
250 1554 525 1602 LetronnIus
556 1559 778 1619 scriptum
810 1558 979 1603 invenit
1009 1552 1084 1605 Τὸ
1116 1551 1326 1625 μίλιον
1328 1555 1386 1606 ζ(
1409 1568 1440 1603 κ
1464 1554 1520 1614 Θ,
1559 1554 1607 1601 id

70 1626 277 1687 speciosa
319 1628 580 1674 coniectura
622 1630 668 1673 in
724 1621 795 1677 Zc'
832 1627 964 1676 cmO.
1001 1627 1217 1686 mutavit,
1267 1641 1382 1688 quae
1423 1626 1605 1687 quidem

71 1710 243 1742 summa
274 1698 458 1758 egre-oie
483 1713 585 1744 cum
613 1714 777 1745 acaena
802 1699 996 1745 sedecim
1027 1699 1353 1760 spithamarum
1380 1697 1604 1744 convenit.

71 1767 159 1813 Sed
191 1774 336 1813 tamen
364 1783 466 1815 cum
493 1769 538 1814 in
568 1770 776 1816 omnibus
801 1770 990 1830 reliquis
1017 1769 1183 1816 tabulis
1212 1769 1479 1826 stadiorum,
1512 1781 1606 1813 non

3 1855 10 1862 ·
72 1838 398 1898 spithamarum
427 1854 615 1886 numero
641 1841 883 1887 miliarium
910 1839 1174 1899 definiatur,
1200 1854 1287 1900 ego
1316 1853 1364 1885 re
1389 1839 1464 1884 diu
1491 1837 1605 1883 mul-

74 1914 261 1970 tumque
297 1911 582 1956 considerata
605 1901 648 1960 Z'
676 1916 708 1958 5
735 1907 914 1959 ετάδια
949 1910 1237 1958 scribendum
1268 1924 1368 1956 esse
1398 1908 1604 1955 iudicavi.

177 1980 233 2027 Ut
261 1979 459 2035 breviter
485 1982 654 2040 (licam,
686 1996 739 2028 ex
765 1982 952 2042 antiqua
975 1981 1305 2029 consuetudine
1330 1985 1606 2041 repetuntur

71 2052 117 2096 in
154 2051 238 2097 hac
272 2051 426 2098 tabula
463 2066 618 2098 omnes
644 2053 950 2099 Pliiletaereae
985 2066 1220 2099 mensurae
1255 2051 1312 2098 ab
1349 2065 1513 2098 acaena
1550 2049 1606 2095 ad

72 2121 345 2181 schoenum‚
384 2122 549 2183 quibus
581 2123 759 2170 additur
785 2123 894 2170 illud
927 2124 1153 2171 socarium
1184 2123 1306 2184 quod
1333 2122 1388 2168 ad
1414 2122 1450 2166 V
1479 2121 1604 2167 tabu·

70 2192 158 2238 lam
186 2189 318 2254 (prol.
347 2193 376 2252 S
398 2193 470 2252 25)
497 2193 806 2255 explicuimus.
858 2195 1141 2241 Omittuntur
1167 2200 1315 2240 autem
1342 2192 1501 2254 orgyia
1525 2205 1606 2239 cu-

70 2262 191 2309 bitus
218 2278 299 2325 pes
321 2266 612 2325 minoresque
638 2279 877 2311 mensurae
903 2273 1086 2327 praeter
1112 2265 1406 2327 sthamam,
1437 2277 1489 2309 ex
1516 2276 1605 2323 qua

72 2348 261 2381 acaenae
286 2335 447 2381 modus
472 2335 700 2382 definitur.
749 2336 872 2382 Unde
896 2337 1062 2383 collata
1087 2335 1240 2382 tabula
1264 2335 1300 2380 V
1327 2331 1373 2396 (S
1403 2333 1497 2393 12),
1526 2332 1605 2378 ubi

76 2406 259 2465 orgyiae
288 2419 499 2452 mensura
537 2407 591 2452 ad
627 2403 884 2467 (πιθαμὴν
914 2402 1176 2468 βαειλικήν
1209 2412 1475 2462 revocatur,
1510 2402 1605 2450 col·

73 2475 257 2535 ligimus
306 2475 381 2522 illa
427 2483 574 2523 aetate
625 2485 807 2539 praeter
841 2477 1047 2539 pedalem
1082 2491 1340 2523 mensuram
1378 2474 1511 2520 etiam
1548 2472 1603 2519 ad

72 2547 318 2608 spithamas
352 2547 574 2593 Romanas
618 2548 817 2595 calculos
853 2549 930 2610 qui
967 2549 1022 2595 de
1058 2545 1283 2594 mensuris
1318 2545 1605 2608 ponebantur

74 2617 321 2664 subductos
349 2632 467 2664 esse.

186 2755 234 2808 2)
265 2758 423 2798 Etiam
452 2757 652 2797 Ioannes
683 2754 996 2808 Pediasimus‚
1037 2755 1234 2822 scriptor
1273 2754 1452 2797 saeculi
1481 2753 1603 2805 XIV,

75 2813 131 2854 de
180 2826 237 2854 ea
281 2814 443 2867 orgyia
494 2816 819 2854 commemorat
858 2824 977 2865 quae
1025 2816 1095 2853 est
1132 2813 1180 2852 in
1217 2812 1313 2856 tab.
1343 2812 1518 2852 Heron.
1547 2809 1602 2852 V.

75 2869 223 2921 Quam
255 2871 437 2923 quidem
469 2871 676 2924 orgyiam
706 2868 782 2911 vel
814 2872 1030 2910 accurate
1062 2868 1226 2922 palmis
1256 2866 1377 2920 27³l4
1397 2866 1473 2908 vel
1503 2866 1605 2906 bre-

74 2927 176 2967 vius
205 2927 372 2981 palmis
403 2927 458 2968 28
488 2926 663 2968 definit.
722 2925 841 2967 Vide
871 2926 1114 2968 Letronnii
1151 2925 1301 2968 locum
1333 2928 1599 2974 extremum,

78 2985 354 3038 exscriptum
387 2997 415 3025 a
443 2983 577 3025 nobis
609 2983 733 3024 infra
762 2982 787 3033 ξ
818 2984 888 3026 37.
