1946 3220
12 787 36 844 i.

10 912 35 1021 ἕ

10 1025 27 1097 Ξ

572 159 891 198 samm-ones
927 159 1187 196 nonnos,
1573 142 1643 195 39
1699 136 1702 143 ⁴

34 371 48 396 ,¹
127 328 193 368 De
225 327 461 380 ponderum
501 333 542 368 et
571 340 853 368 mensurarum
883 327 1152 380 expositione
1183 339 1305 380 quam
1336 325 1484 368 Calvus
1514 327 1643 377 latine

769 385 1000 436 expressit.

234 469 376 531 Supra
402 469 803 516 demonstravimus
824 470 1002 517 Calvum
1023 470 1336 529 Ravennatem,
1365 472 1443 532 qui
1469 470 1641 531 primus
1661 461 1753 510 123

54 559 60 562 ·
127 541 415 602 Hippocratis
452 538 594 586 libros
618 540 756 587 latine
783 540 944 598 edidit,
981 541 1051 587 his
1077 541 1160 587 sub
1186 540 1382 587 Africani
1409 540 1542 587 titulo
1570 540 1645 587 ad·

128 611 327 658 iunxisse
372 617 608 656 tractatum
647 610 866 671 quendam
912 611 965 657 de
1010 611 1287 672 ponderibus
1329 617 1376 657 et
1421 611 1644 657 mensuris

125 679 262 743 (prol.
290 680 319 739 S
343 679 475 739 114).
526 681 614 732 lam
642 695 800 741 magna
829 682 1035 741 quaestio
1063 688 1150 739 est,
1180 694 1398 742 graecene
1424 696 1478 727 an
1505 680 1644 727 latine

127 752 346 812 scriptum
367 751 487 797 hunc
511 749 660 798 locum
682 751 902 797 invenerit
921 751 1092 798 Calvus.
1148 751 1301 797 Possis
1319 751 1467 797 dicere
1486 751 1642 808 latine,

64 868 65 871 ,
125 836 228 868 cum
265 821 421 867 eodem
459 821 559 868 loco
603 822 793 868 ediderit
828 821 1034 868 Latinum
1072 823 1351 883 scriptorem
1372 821 1554 867 Balbum
1586 821 1643 880 (v.

129 891 268 951 ibid.).
339 894 396 937 At
430 892 516 938 hoc
547 892 808 952 neutiquam
846 907 998 938 verum
1034 906 1134 939 esse
1171 892 1361 938 videtur.
1442 891 1642 938 PrImum

126 964 248 1008 enim
274 963 420 1008 omnis
446 962 539 1008 stili
568 962 747 1009 habitus
780 977 831 1009 ac
857 963 1012 1021 color,
1058 963 1204 1024 qualis
1228 976 1312 1023 per
1337 962 1458 1009 hunc
1483 964 1647 1008 tracta-

130 1039 224 1079 tum
261 1048 286 1079 a
310 1032 441 1079 Calvo
472 1033 640 1079 editum
667 1034 809 1091 valet,
846 1035 1139 1094 interpretem
1167 1033 1438 1079 recentioris
1466 1033 1643 1089 aetatis,

130 1117 221 1150 non
255 1103 462 1149 Latinum
505 1104 775 1164 scriptorem
818 1106 1111 1150 vetustiorem
1155 1103 1334 1165 prodit3
1384 1110 1476 1149 tum
1522 1110 1645 1150 certe

127 1175 221 1220 veri
260 1174 451 1219 similius
489 1181 556 1220 est
594 1174 786 1221 Graecae
826 1174 1096 1235 expositioni
1129 1188 1258 1235 quam
1296 1173 1480 1219 Latinae
1516 1187 1650 1234 prae·

128 1244 263 1290 fixum
302 1257 402 1290 esse
435 1243 658 1295 Africani,
705 1244 858 1290 Graeci
903 1244 1164 1306 scriptoris,
1213 1258 1402 1296 nomem
1451 1243 1646 1304 denique

129 1314 251 1375 quod
292 1315 389 1374 ipse
428 1313 584 1360 Calvus
630 1315 738 1360 dicit
782 1329 830 1360 se
873 1315 992 1362 hunc
1029 1322 1268 1362 tractatum
1302 1315 1402 1360 aliis
1439 1315 1647 1374 plurimis

129 1399 247 1445 quos
288 1386 332 1429 in
368 1384 571 1430 manibus
601 1385 804 1431 habuerit
828 1384 1128 1445 praetulisse,
1165 1387 1268 1446 quia
1298 1385 1440 1444 magis
1471 1391 1515 1430 et
1546 1398 1647 1430 cum

130 1455 417 1515 Hippocratis
450 1454 722 1500 medelarum
758 1455 1033 1516 ponderibus
1067 1463 1110 1501 et
1153 1457 1402 1512 mensuris,
1445 1462 1490 1501 et
1525 1468 1647 1501 cum

131 1524 355 1570 Latinis
382 1526 620 1571 convenire
646 1532 690 1571 et
716 1525 863 1571 facere
887 1525 1142 1583 videretur,
1171 1527 1273 1585 quis
1306 1531 1384 1571 est
1409 1524 1483 1585 qui
1512 1532 1649 1583 neget

131 1596 199 1641 his
229 1593 377 1640 verbis
403 1595 620 1641 Graecum
646 1595 949 1656 fragmentum
974 1596 1217 1657 significari
1252 1611 1276 1641 a
1303 1594 1434 1641 Calvo
1459 1594 1647 1656 perinde

129 1673 267 1725 atque
306 1667 454 1728 omnia
479 1665 767 1726 Hippocratis
794 1679 931 1728 opera
957 1668 1002 1712 in
1032 1667 1234 1712 Latinam
1266 1667 1518 1712 orationem
1542 1679 1649 1711 con-

131 1735 339 1790 versum?
395 1736 523 1791 Quod
556 1750 656 1782 cum
690 1737 1046 1782 demonstratum
1074 1737 1159 1795 sit,
1198 1737 1329 1783 facile
1355 1735 1409 1781 ab
1437 1735 1646 1781 omnibus

134 1808 218 1852 boc
244 1805 436 1851 alterum
463 1820 729 1852 concessum
756 1807 809 1852 iri
837 1814 966 1867 puto,
998 1807 1195 1864 Calvum,
1223 1813 1274 1852 ut
1300 1808 1378 1866 qui
1403 1805 1652 1866 Hippocra-

134 1884 252 1923 team
302 1875 466 1922 molem
511 1875 736 1923 indefesso
784 1877 1108 1937 interpretandi
1153 1876 1305 1922 studio
1349 1877 1649 1936 superaverit,

130 1948 265 1993 etiam
301 1947 419 1993 hunc
457 1947 666 2006 exiguum
701 1954 939 1994 tractatum
982 1954 1086 2007 apte
1125 1954 1170 1993 et
1208 1961 1308 1992 cum
1344 1945 1428 1992 side
1465 1959 1652 1992 conver·

134 2018 258 2063 tisse.
313 2016 448 2063 Cuius
479 2018 570 2075 rei,
609 2032 664 2063 ne
692 2032 778 2078 qua
805 2018 1028 2063 dubitatio
1059 2017 1370 2078 relinquatur,
1396 2023 1515 2063 certa
1546 2024 1651 2062 sunt

132 2095 422 2147 argumenta:
454 2087 665 2133 nimirum
691 2089 884 2149 plurima
910 2101 1022 2148 quae
1050 2088 1209 2134 Calvus
1235 2087 1367 2133 habet
1395 2089 1653 2133 etiamnunc

130 2172 294 2218 graece
330 2165 506 2204 exstant
542 2157 758 2220 illiusque
794 2158 923 2204 iidem
960 2166 1006 2203 et
1034 2158 1312 2218 diligentiam
1339 2156 1653 2218 comprobant.

131 2229 273 2286 Quam
300 2228 584 2289 paucissimis
609 2236 773 2290 potero
802 2227 1054 2275 absolvam:
1083 2228 1242 2274 Calvus
1268 2243 1350 2289 per
1374 2228 1577 2274 voculam
1600 2239 1654 2271 ve

132 2299 315 2346 Graecis
342 2299 592 2359 ponderum
618 2307 664 2346 et
688 2314 999 2346 mensurarum
1025 2298 1252 2345 vocabulis
1280 2298 1442 2344 addere
1462 2311 1656 2344 consue-

135 2370 198 2414 vit
221 2369 401 2415 Latinas
437 2369 789 2430 appellationes,
828 2378 878 2415 ut
914 2383 1050 2415 mnas
1087 2374 1301 2415 minasve
1329 2369 1403 2427 (fr.
1433 2367 1559 2424 141,
1586 2365 1652 2426 2),

134 2443 363 2498 tropaica
392 2441 485 2485 duo
513 2445 822 2500 quinariosve
851 2441 969 2485 duos
994 2439 1115 2499 (ibid.
1144 2438 1220 2501 9),
1253 2439 1319 2484 vel
1345 2438 1552 2484 Latinum
1579 2451 1654 2484 vo·
1703 2489 1711 2494 ,

133 2509 343 2556 cabulum
372 2512 604 2570 praemisit
630 2512 826 2568 Graeco,
865 2518 914 2556 ut
938 2514 1184 2555 sextarius
1209 2516 1426 2555 ,vestesve
1454 2513 1504 2554 in
1532 2508 1654 2553 duas

135 2581 301 2626 lances
338 2581 580 2626 cotulasve
615 2572 745 2640 (ibid.
780 2580 885 2640 12);
930 2581 973 2625 in
1011 2579 1197 2639 reliquis
1234 2586 1381 2626 autem
1423 2578 1533 2624 nihil
1573 2591 1653 2624 nec

135 2651 329 2698 consilio
361 2665 444 2698 nec
483 2652 738 2712 corrigendi
765 2651 915 2696 studio
943 2652 1152 2704 mutavit;
1191 2650 1385 2710 denique
1414 2648 1556 2696 sicubi
1584 2662 1655 2694 er·

137 2723 277 2779 ravit,
327 2723 425 2781 ipso
463 2721 630 2769 Graeco
672 2721 785 2767 libro
831 2735 964 2766 manu
999 2721 1168 2781 scripto
1204 2723 1248 2766 in
1287 2734 1488 2766 errorem
1527 2719 1655 2765 indu·

136 2799 239 2838 ctus
265 2798 350 2837 est.

240 2875 328 2920 lam
361 2889 467 2922 vero
499 2878 642 2922 omnis
674 2876 782 2921 haec
814 2875 1060 2935 disputat10
1089 2875 1149 2920 ita
1176 2874 1447 2921 instituenda
1475 2882 1572 2933 est,
1605 2881 1655 2919 ut

138 2951 411 3005 quaeratur,
465 2945 595 3006 quale
633 2945 849 2992 Graecum
889 2945 1138 3005 exemplum
1172 2944 1331 2991 Calvus
1371 2945 1655 3006 expresserit.
