1946 3220
277 134 349 187 24
448 167 450 169 >
798 148 1194 184 Pnonneomnua
1221 149 1278 184 m

281 265 411 312 affert
438 261 509 326 (de
537 263 610 322 fig.
640 262 669 320 S
703 260 814 320 17),
855 275 906 308 ea
937 263 1082 307 omnia
1107 261 1280 323 Didymi
1311 275 1412 310 esse
1447 262 1668 324 arbitror,
1705 279 1801 313 non

278 336 441 396 partim
467 333 683 405 Dardani?
715 338 767 377 ut
791 330 952 377 statuit
975 327 1210 390 Reiiius⁷).

615 469 682 510 De
720 468 906 510 Victorii
934 473 1178 521 aryumento
1209 470 1460 512 calculandi.

168 565 255 615 117
379 556 595 602 Pervenio
630 557 719 603 iam
759 556 814 602 ad
851 557 1122 617 scriptorem
1148 555 1378 602 Prisciano
1414 556 1508 602 sere
1544 556 1799 618 aequalem⁷

279 641 410 688 quem
439 626 758 673 calculatorem
785 625 1169 672 studiosissimum
1198 627 1446 687 imperator
1466 627 1694 684 Honorius
1720 642 1805 689 ap·

275 697 471 759 pellasse
506 696 679 755 fertur,
720 696 966 743 Victorium
1001 697 1292 756 Aquitanum.
1365 696 1502 743 Cuius
1538 697 1592 743 de
1628 697 1717 743 vita
1755 703 1801 744 et

277 768 459 828 scriptis
495 767 690 828 praefari
727 767 1027 828 supersedeo,
1066 780 1168 813 cum
1198 780 1345 828 nuper
1370 766 1602 827 copiosius
1638 767 1692 813 de
1729 767 1803 813 his

275 838 575 898 disputaverit
595 833 877 898 Christius¹).
928 836 1014 883 Sed
1036 843 1084 882 ut
1102 838 1259 898 paucis
1279 844 1482 898 repetam
1511 851 1624 898 quae
1651 838 1800 884 omitti

275 913 527 968 nequeunt,
558 914 740 968 praeter
770 905 1116 954 celeberrimum
1146 907 1272 953 illum
1299 920 1514 954 canonem
1539 907 1802 968 paschalem

275 977 500 1024 Victorius
537 979 721 1038 scripsit
756 978 911 1038 priore
944 984 1075 1038 parte
1109 977 1277 1023 saeculi
1302 978 1338 1022 V
1364 984 1680 1037 argumentum
1711 977 1800 1024 eal-

274 1047 477 1106 eulandi‚
519 1049 648 1094 cuius
687 1047 863 1093 initium
903 1047 1009 1093 olim
1050 1048 1171 1093 inter
1203 1047 1345 1094 Bedae
1379 1047 1546 1108 scripta
1589 1044 1803 1106 editum²)

273 1132 420 1179 nuper
455 1133 478 1164 a
504 1118 701 1164 Christio
737 1131 760 1163 e
802 1117 955 1164 codice
982 1116 1299 1178 Bamhergensi
1335 1119 1578 1178 repetitum
1612 1124 1682 1163 est
1712 1131 1802 1164 una

275 1202 374 1234 cum
419 1187 621 1234 Abhonis
673 1187 986 1234 commentarii
1035 1187 1242 1248 partibus
1288 1187 1556 1248 quibusdam
1603 1186 1802 1233 selectis,

272 1258 387 1303 Hine
420 1272 505 1304 nos
542 1260 848 1318 excerpsimus
885 1272 935 1304 ea
971 1270 1085 1318 quae
1122 1258 1176 1304 de
1213 1258 1329 1304 assis
1363 1257 1583 1304 divisione
1619 1258 1803 1303 tradun-

276 1323 423 1387 tur³)‚
467 1329 703 1374 omisimus
745 1334 894 1374 autem
935 1327 1110 1374 tabulas
1146 1327 1540 1390 multiplicationis
1576 1327 1744 1374 alienas
1776 1341 1801 1373 a

273 1398 530 1459 proposito.
589 1399 866 1459 Quamquam
905 1406 1104 1445 extrema
1140 1398 1274 1445 verba
1310 1397 1397 1445 loci
1435 1414 1460 1445 a
1494 1397 1629 1444 nobis
1667 1397 1801 1458 editi:

272 1472 370 1514 iam
409 1470 628 1528 reliquae
667 1472 902 1515 minutiae
933 1494 1014 1528 —,
1053 1475 1105 1514 ut
1143 1476 1254 1514 sune
1287 1469 1470 1514 sicilici
1499 1463 1721 1514 seoetulae
1757 1474 1801 1513 et

275 1546 466 1596 cetera,
505 1540 675 1585 melius
703 1552 764 1584 ecc
790 1542 944 1598 ipsius
973 1539 1156 1599 calculi
1179 1537 1479 1598 inspectione
1507 1552 1800 1599 coqnoscun-

274 1617 372 1666 tur,
400 1610 511 1655 haec
532 1609 689 1655 iisdem
714 1609 877 1655 tabulis
900 1609 1232 1669 quodammodo
1254 1609 1556 1666 illustrantur,
1579 1608 1797 1670 siquidem

272 1679 366 1725 illic
402 1679 596 1739 legimus
634 1680 778 1726 omnis
815 1679 1208 1739 multiplicationis
1239 1681 1512 1740 principium
1540 1678 1638 1724 fieri
1665 1692 1691 1724 a
1714 1679 1802 1724 di-

271 1749 405 1794 midi
423 1764 446 1794 a
474 1749 718 1795 sextula.
764 1750 881 1795 Haec
909 1749 1053 1808 igitur
1081 1756 1306 1810 tamquam
1334 1750 1519 1795 minima
1550 1763 1654 1810 pars
1684 1749 1798 1794 assis

271 1819 468 1864 addenda
498 1826 567 1865 est
593 1819 793 1865 sextulae
820 1819 991 1899 sicilico
1018 1820 1297 1881 reliquisque
1323 1821 1525 1865 minutiis
1554 1834 1577 1866 a
1596 1819 1800 1865 Victorio

271 1890 558 1935 enumeratis.

621 2026 797 2067 Carmen
829 2027 881 2067 de
909 2026 1172 2079 ponderibus
1202 2028 1483 2087 illustratur.-

163 2118 248 2167 118
375 2113 597 2159 Didactica
633 2114 936 2160 Romanorum
976 2114 1098 2160 Musa
1135 2120 1187 2160 ut
1223 2108 1396 2159 nullum
1434 2113 1529 2160 sere
1566 2113 1800 2160 doctrinae

228 2188 234 2194 ’
274 2197 418 2244 genus
447 2184 649 2243 quamvis
675 2183 871 2229 alienum
900 2198 923 2229 a
948 2186 1126 2244 poetica
1154 2183 1421 2230 tractatione
1443 2183 1627 2244 reliquit
1652 2185 1796 2228 inten-

272 2320 426 2360 drinus
467 2320 543 2372 qui
584 2320 639 2361 de
678 2321 903 2360 mensuris
942 2333 1212 2360 marmorum
1252 2333 1307 2361 ac
1346 2320 1572 2374 lignorum
1615 2320 1802 2374 scripsit

274 2380 353 2417 aut
375 2375 706 2417 Chalcenterus
739 2388 840 2417 esse
871 2376 1103 2418 videretur
1134 2380 1213 2428 aut
1245 2376 1363 2417 alius
1396 2377 1623 2430 quispiam
1655 2389 1708 2417 ex
1740 2377 1800 2416 iis

270 2432 480 2484 Didymis
520 2445 630 2485 quos
671 2432 846 2485 scripta
886 2432 1127 2485 reliquisse
1169 2433 1355 2475 aliunde
1394 2433 1616 2475 novimus.
1681 2433 1797 2473 Nam

271 2487 399 2528 nulla
432 2491 502 2529 est
531 2489 580 2528 in
613 2501 668 2530 ea
699 2501 747 2529 re
778 2488 1034 2542 probabilis
1067 2490 1361 2530 coniecturae
1385 2489 1516 2542 quasi
1539 2501 1673 2539 ansa3
1706 2489 1797 2528 nisi

272 2543 390 2583 forte
421 2543 507 2585 hoe
541 2543 762 2586 affirmari
794 2548 946 2598 potest
977 2549 1101 2586 certe
1135 2559 1162 2586 a
1186 2544 1508 2597 Chalcentero,
1541 2545 1617 2598 qui
1649 2557 1796 2598 gram-

271 2599 464 2640 maticos
494 2600 804 2641 tantummodo
827 2601 968 2643 libros
990 2601 1249 2655 scripserit,
1283 2600 1480 2643 alienam
1505 2601 1646 2641 fuisse
1667 2599 1795 2639 illam

271 2666 583 2696 mensurarum
615 2657 873 2699 scientiam.
1497 2680 1500 2682 ’

416 2710 649 2760 )Quaest.
683 2725 871 2766 gramm.
905 2727 947 2766 p.
981 2715 1021 2757 8.

273 2821 354 2861 100
386 2764 460 2860 1)1
467 2767 583 2861 {ide
615 2767 976 2823 Sitzunysbericht
1013 2771 1091 2811 der
1128 2767 1710 2812 Mzznch.Akad.1863.I
1749 2781 1793 2820 p.

357 2842 409 2848 —
442 2823 465 2861 5

383 2875 428 2927 2)
460 2876 513 2917 V.
548 2877 788 2920 Clu-istium
819 2894 861 2934 p.
897 2883 990 2925 109.

384 2931 426 2986 3)
460 2931 634 2974 Ibidem
666 2948 708 2987 p.
744 2938 823 2976 133
855 2949 891 2978 s.
