1946 3220
321 147 393 201 26
835 161 1232 198 proximonum
1270 163 1324 199 m

431 279 625 338 denique
653 276 948 336 inscriptione
972 276 1156 322 omnino
1184 281 1340 323 carent
1361 275 1588 323 Guelferb.
1611 268 1722 324 Gud.
1743 277 1841 326 132

323 353 370 396 in
397 348 455 405 4,
483 349 620 393 Paris.
655 345 819 404 7461,
850 345 988 392 editio
1018 343 1184 392 Veneta
1208 347 1419 407 princeps
1446 346 1567 406 (anni
1596 345 1763 410 1470).

429 418 546 463 llaec
584 417 637 462 de
678 415 1052 477 inscriptionibus
1097 417 1308 463 carminis
1348 431 1373 462 a
1410 418 1547 464 certis
1582 417 1844 464 auctoribus
1917 411 1934 419 ”

324 489 488 535 tradita
515 488 586 532 hic
611 486 907 548 proponenda
933 499 1033 532 esse
1057 486 1322 532 existimavi.
1375 486 1545 543 Quibus
1572 487 1844 534 testimoniis

323 557 614 619 perlustratis
654 557 824 618 primus
852 555 1144 602 Endlicherus
1174 555 1502 603 dubitationem
1534 556 1699 615 movit,
1738 571 1846 604 num

323 630 421 674 iure
451 627 677 673 Prisciano
706 627 750 672 id
778 641 893 687 opus
923 626 1213 673 tribueretur.
1265 627 1377 673 Tum
1402 627 1456 675 H.
1480 626 1651 673 Keilius
1666 622 1695 687 ¹)
1723 635 1846 674 recte
1920 628 1926 645 ³

320 698 646 744 demonstravit
686 710 768 743 nec
807 697 1030 743 librorum
1073 711 1207 743 manu
1251 699 1527 758 scriptorum
1571 699 1844 744 auctoritate

319 770 432 815 satis
463 767 642 814 defendi
669 769 766 813 eius
792 766 1073 827 grammatici
1100 781 1279 826 nomen,
1312 781 1395 813 nec
1419 781 1572 814 rerum
1598 768 1652 813 de
1679 767 1844 828 quibus

318 839 474 900 agitur
499 844 793 899 argument03
821 852 870 884 ac
895 851 1061 883 nomen
1086 839 1302 884 Prisciani
1331 845 1424 883 tum
1452 838 1630 884 demum
1658 839 1845 884 carmini

320 910 589 969 inscriptum
633 908 801 966 videri,
852 914 1094 969 postquam
1128 910 1172 954 in
1210 908 1443 954 codicibus
1484 922 1571 954 una
1610 922 1711 954 cum
1746 909 1844 954 eius

318 979 448 1025 libris
485 978 621 1025 scribi
658 985 869 1039 coeptum
904 970 991 1024 sit.
1043 978 1243 1024 Alteram
1285 985 1434 1024 autem
1482 979 1743 1039 opinionem
1790 979 1843 1023 de

320 1049 480 1096 Rufino
519 1049 587 1094 vel
624 1050 788 1095 Favino
828 1055 1014 1095 auctore
1051 1048 1147 1095 Car.
1177 1043 1518 1106 Schenkelius2)
1558 1048 1660 1094 inde
1698 1054 1843 1095 ortam

316 1133 420 1165 esse
457 1121 746 1177 existimavit,
785 1120 908 1179 quod
935 1119 1042 1165 olim
1068 1118 1178 1164 illud
1205 1132 1383 1165 carmen
1411 1119 1507 1164 sine
1536 1119 1736 1164 auctoris
1763 1133 1842 1172 no-

319 1191 437 1235 mine
472 1191 591 1235 inter
623 1191 792 1250 scripta
821 1188 966 1235 Rufini
990 1196 1036 1235 et
1060 1189 1248 1235 Remmii
1272 1189 1428 1241 Fannii
1457 1190 1738 1249 grammatici
1764 1203 1844 1249 po-

315 1261 455 1306 situm
492 1259 643 1305 suerit.
696 1260 864 1305 Contra
900 1259 950 1305 G.
982 1259 1232 1317 Christius,
1275 1262 1351 1319 qui
1392 1265 1626 1320 postremo
1667 1259 1720 1304 de
1758 1259 1844 1305 hoc
1880 1259 1885 1261 ’

314 1336 588 1390 argumento
627 1325 946 1390 disputavit3),
996 1336 1151 1376 censet
1184 1336 1415 1376 auctorem
1454 1329 1665 1375 carminis
1702 1328 1843 1375 fuisse

317 1400 567 1446 Remmium
595 1401 818 1461 quendam
842 1400 1041 1446 Flavium
1069 1402 1159 1446 sive
1187 1400 1435 1457 Flavinum,
1463 1399 1688 1445 diversum
1713 1398 1841 1445 illum

318 1471 502 1531 quidem
529 1485 553 1516 a
579 1470 780 1517 Remmio
806 1471 1074 1517 Palaemone
1101 1471 1411 1530 grammatico,
1439 1485 1463 1516 a
1490 1483 1579 1530 quo
1604 1471 1703 1530 ipso
1729 1469 1843 1514 Fan-

316 1541 381 1584 nii
407 1554 571 1586 nomen
599 1541 795 1587 alienum
822 1542 896 1585 sit.
949 1540 1039 1585 Sed
1065 1540 1111 1585 hi
1139 1553 1311 1596 omnes,
1339 1547 1390 1585 ut
1415 1554 1467 1585 ex
1494 1546 1622 1599 parte
1650 1540 1767 1584 inter
1793 1553 1842 1585 se

313 1610 605 1671 discrepant,
655 1613 715 1656 ita
763 1611 807 1656 in
847 1624 900 1656 eo
938 1616 1059 1656 recte
1098 1611 1390 1656 consentiunt
1425 1623 1515 1656 non
1551 1623 1574 1653 a
1611 1609 1839 1655 Prisciano

314 1682 609 1740 grammatico
647 1694 827 1727 carmen
863 1683 1080 1740 scriptum
1119 1694 1244 1736 esse,
1283 1693 1396 1739 quac
1431 1693 1527 1736 res,
1566 1681 1604 1724 si
1644 1681 1714 1724 cui
1740 1679 1840 1725 aliis

314 1751 505 1810 insuper
531 1752 808 1811 argumentis
841 1750 1044 1809 indigere
1075 1750 1306 1807 videatur,
1344 1751 1380 1794 is
1408 1750 1528 1810 legat
1557 1763 1608 1795 ea
1635 1762 1748 1809 quae
1773 1749 1839 1794 di-

315 1820 513 1881 ligenter
539 1820 762 1866 Christius
791 1819 1044 1881 explicavit,
1079 1834 1169 1866 non
1199 1819 1347 1865 solum
1375 1819 1616 1865 nonnullas
1645 1833 1718 1865 res
1744 1833 1840 1866 eas-

311 1905 403 1951 que
449 1892 680 1950 graviores
727 1890 858 1936 aliter
897 1905 921 1936 a
957 1890 1190 1936 Prisciano
1227 1889 1402 1935 definiri
1438 1896 1575 1950 atque
1613 1888 1667 1935 ab
1703 1890 1839 1935 huius

311 1962 527 2007 carminis
554 1962 778 2021 scriptore
791 1955 851 2020 ⁴),
885 1961 965 2007 sed
990 1962 1122 2006 etiam
1150 1960 1325 2005 dicendi
1358 1974 1500 2020 genus
1529 1959 1646 2020 apud
1669 1966 1840 2006 utrum-

311 2044 404 2090 ·que
441 2029 572 2091 plane
611 2032 835 2076 diversum
872 2045 986 2077 esse.
1067 2030 1211 2087 Quid?
1248 2044 1350 2076 cum
1387 2044 1532 2091 nuper
1564 2031 1839 2076 Priscianum

313 2101 565 2160 ponderum
597 2107 641 2147 et
668 2115 954 2147 nummorum
982 2108 1184 2146 veterum
1211 2114 1301 2146 non
1339 2102 1448 2146 satis
1475 2101 1671 2160 peritum
1697 2100 1838 2145 fuisse

311 2184 340 2215 a
368 2170 497 2216 nobis
525 2171 885 2218 demonstratum
914 2167 1032 2230 sit5),
1062 2184 1210 2217 nonne
1238 2170 1347 2215 haec
1378 2171 1511 2216 etiam
1540 2170 1764 2215 sententia
1794 2172 1837 2214 in

431 2335 470 2386 1)
503 2336 712 2377 Praefat.
747 2335 804 2376 ad
835 2336 1060 2377 Priscian.
1093 2335 1181 2376 vol.
1216 2336 1259 2376 11
1291 2350 1332 2388 p.
1365 2337 1462 2377 402.

427 2391 468 2442 2)
504 2392 590 2431 Zur
639 2391 786 2432 Kritz'k
835 2395 1037 2444 εράῗίρνετ·
1087 2394 1158 2435 lat,
1202 2393 1377 2432 Dichter
1429 2391 1754 2444 (Sitzungsber.
1796 2392 1836 2433 d.

314 2447 506 2488 Wiener
536 2447 683 2488 Akad.
719 2449 844 2497 1863)
878 2462 919 2501 p.
954 2450 1022 2490 59.

424 2503 467 2555 3)
500 2503 617 2547 Mus.
649 2503 855 2546 Rhenan.
889 2504 970 2544 XX
1003 2518 1045 2557 p.
1079 2505 1132 2545 69
1164 2516 1197 2546 S.

424 2559 467 2611 4)
501 2560 675 2600 Ibidem
707 2574 750 2614 p.
782 2561 835 2600 66
867 2573 901 2600 s.
962 2560 1023 2601 Ut
1064 2559 1225 2600 obolus
1262 2560 1310 2599 in
1350 2561 1550 2600 carmine
1581 2559 1636 2600 de
1667 2559 1836 2612 ponde-

313 2614 438 2654 ribus
472 2619 607 2668 atque
641 2616 762 2669 apud
794 2628 949 2657 omnes
981 2617 1256 2656 vetustiores
1297 2619 1509 2656 auctores
1550 2614 1737 2668 scripuli
1768 2620 1837 2655 est

319 2669 507 2711 dimidia
546 2684 678 2724 pars,
714 2685 740 2712 a
771 2673 1012 2713 Prisciano
1055 2676 1206 2712 autem
1245 2672 1364 2713 idem
1398 2683 1498 2712 cum
1528 2670 1728 2724 scripulo
1761 2684 1835 2711 ae-

309 2730 480 2777 quatur
510 2728 756 2768 secundum
788 2728 1052 2768 Dardanum
1093 2727 1165 2778 (de
1198 2727 1273 2781 fig.
1310 2727 1395 2779 10).
1455 2728 1571 2768 Tum
1601 2727 1836 2767 denarium

310 2784 529 2833 quattuor
567 2784 889 2837 scripulorum,
933 2797 1018 2837 quo
1064 2784 1258 2824 maxime
1299 2785 1462 2824 nititur
1500 2782 1724 2823 Prisciani
1766 2796 1837 2823 ar-

308 2839 620 2889 gumentatio,
671 2840 853 2892 ignorat
893 2841 1088 2893 scriptor
1128 2840 1357 2880 carminis.
1427 2840 1522 2880 Nec
1564 2839 1610 2879 in
1647 2839 1835 2892 reliquis

311 2891 410 2931 fere
445 2892 592 2933 simile
625 2906 767 2945 genus
798 2901 1159 2949 praeceptorum.

426 2946 467 2996 5)
502 2947 553 2987 In
585 2948 813 3003 Philologi
843 2951 931 2993 vol.
964 2952 1092 2992 XXII
1123 2965 1165 3005 p.
1198 2953 1279 2992 202
1311 2964 1368 2992 ss.
