1946 3220
325 173 431 225 326
922 191 1242 226 FRAGMENTA
1329 238 1336 244 ι
1721 173 1851 243 [104]

435 299 663 364 (ζταθμά,
691 299 942 365 θύρετρα,
975 299 1226 354 τάλαντα.
1896 266 1946 385 ἓ

435 384 659 449 (τατήρ,
686 384 1109 450 τετράδραχμον,
1137 383 1308 450 ἤγουν
1334 383 1483 450 ἥμιςυ
1511 383 1745 449 οὐγγίας.
1926 379 1946 406 ³⁴

433 467 658 533 (τατήρ,
686 468 1091 536 τετράδραχμος.
1905 507 1946 546 2³·

433 565 680 633 (τατῆρςι
711 567 1103 634 προςτιθέντες,
1137 568 1272 635 ὑπὲρ
1309 568 1580 634 ςτατήρων
1616 566 1852 633 ὁριζόμε-
1902 546 1930 575 ⁸

270 662 298 702 5
328 667 434 714 νοι,
487 652 745 717 ςυνθήκας
790 653 1020 707 τιθέντες
1059 654 1179 718 περὶ
1217 655 1484 719 ςτατῆρος.
1538 652 1755 715 ἐλέγετο
1793 651 1853 706 δὲ

326 735 408 788 καὶ
436 735 498 789 τὸ
525 737 743 802 χρυςίον
770 739 973 803 ςτατήρ.

433 834 732 900 Ετατιαῖον,
759 838 820 890 τὸ
852 835 1203 902 πεντάμνουν.
1253 837 1335 889 καὶ
1363 834 1634 890 διςτάτους
1660 832 1853 902 τυροὺς

327 918 454 972 τοὺς
478 919 787 985 δεκάμνους.
1910 916 1926 926 ”“

435 1003 655 1067 (τάτος.
684 1005 883 1072 ςκάφη,
914 1005 1068 1058 ἄλλοι
1095 1005 1154 1058 δὲ
1178 1005 1272 1058 τὰς
1296 1005 1456 1060 πέντε
1482 1005 1625 1071 μνᾶς.

245 1097 299 1138 10
435 1087 739 1154 Εχοίνιςμα,
772 1090 966 1156 μέτρον
993 1089 1156 1153 ὁδοῦ,
1181 1089 1213 1154 ἢ
1241 1090 1414 1156 μέρος.

431 1171 679 1226 Τάλαντα
692 1215 704 1237 ,
737 1172 897 1238 Ζυγά,
925 1174 1152 1240 ςταθμοί.

433 1256 738 1322 Τάλαντον,
776 1258 943 1325 λίτραι
977 1259 1168 1313 ἑκατὸν
1209 1258 1368 1313 εἴκοςι
1402 1258 1563 1313 πέντε
1598 1256 1727 1310 κατὰ
1756 1256 1852 1311 τὸν
1915 1252 1940 1308 τ’.

327 1339 493 1405 μέγαν
519 1341 849 1408 Ἐπιφάνιον.
1924 1334 1925 1338 ¹

434 1425 809 1490 Ταλανταίων,
839 1428 1105 1493 μεδίμνων
1129 1429 1212 1480 καὶ
1240 1427 1514 1492 ςταθμίων.
1903 1470 1937 1499 4

245 1517 297 1559 15
434 1508 738 1574 Τάλαντον,
766 1511 1016 1575 ςταθμός,
1042 1512 1215 1574 Ζυγός.
1263 1511 1391 1576 ὁλκὴ
1420 1513 1613 1576 λιτρῶν
1646 1508 1852 1573 ἑκατόν,
1919 1523 1946 1583 '¹3

326 1589 358 1655 ἢ
385 1591 574 1647 ἑκατὸν
606 1593 765 1647 εἴκοςι
793 1581 976 1657 πέντε,
1014 1596 1045 1660 ἢ
1081 1595 1271 1650 ἑκατὸν
1308 1596 1564 1660 ἑξήκοντα
1597 1595 1784 1659 πέντε,
1821 1593 1853 1659 ἢ
1918 1600 1946 1667 7}

326 1677 708 1742 τετρακοςίων,
733 1679 765 1743 ἢ
796 1679 982 1745 χιλίων
1011 1679 1201 1734 ἑκατὸν
1226 1681 1558 1744 πεντήκοντα
1588 1679 1700 1731 δύο.

433 1760 824 1828 Ταρτημόριον,
852 1765 914 1817 τὸ
939 1763 1295 1830 τριτημόριον,
1321 1764 1353 1828 ἢ
1379 1765 1441 1816 τὸ
1467 1764 1735 1830 δίχαλκον.
1806 1791 1810 1794 ·

363 1844 365 1846 ’
435 1844 886 1913 Τεταρτημόριον,
915 1847 964 1901 οἱ
988 1849 1087 1901 δύο
1116 1850 1316 1914 χαλκοῖ.

238 1942 298 1982 20
432 1928 702 1996 Τέταρτον
727 1932 897 1997 ἥμιςυ,
922 1933 984 1986 τό
1013 1933 1269 1998 τέταρτον
1297 1932 1659 1999 ἣμιςτάτηρον.

433 2012 707 2084 Τετάρτῳ,
733 2017 907 2085 μέτρῳ
930 2021 1042 2072 τῶν
1067 2017 1265 2083 ὑγρῶν.
1916 2072 1941 2091 ἶ,

378 2107 386 2117 “
433 2097 766 2164 Τετράγυον,
819 2101 1088 2167 τεςςάρων
1137 2104 1300 2164 γυῶν.
1368 2101 1498 2166 γύης
1548 2102 1608 2154 δὲ
1657 2100 1851 2166 μέτρον

327 2179 481 2235 ἕκτον
520 2183 744 2237 ςταδίου.
799 2185 882 2238 καὶ
918 2174 981 2239 ἐν
1015 2189 1091 2253 τῷ
1124 2185 1336 2253 ἀρότρῳ
1371 2186 1433 2237 τὸ
1474 2184 1719 2250 κύρτωμα
1754 2184 1851 2238 τοῦ

325 2264 610 2333 ἱςτοβοέως
636 2268 779 2334 γύης.
829 2269 960 2323 ἔνιοι
986 2269 1120 2335 γύην
1147 2271 1208 2323 τὸ
1238 2269 1514 2335 ὀργυιαῖον
1545 2269 1754 2335 μέτρον.

443 2495 480 2537 1.
513 2492 720 2548 θύρετρα
750 2496 880 2547 Mus„
912 2494 1124 2549 θήρατρα
1156 2497 1253 2538 cod.
1429 2498 1467 2539 2.
1498 2492 1851 2547 τετράδραχμον

328 2561 523 2616 Salmas„
567 2563 926 2618 τετράγραμμον
965 2566 1080 2618 cod„
1130 2566 1255 2620 vulg.
1427 2569 1468 2609 3.
1504 2563 1852 2617 τετράδραχμος

330 2631 460 2685 Seal.‚
491 2625 842 2687 τετράγραμμος
875 2636 973 2677 cod.
1090 2637 1131 2677 4.
1165 2634 1639 2688 ὁριζόμενοιΜείηεΙε.,
1674 2632 1851 2686 ὀργιζό-

330 2711 459 2750 μενοι
490 2704 605 2756 cod.,
639 2704 929 2757 ὁρκιζόμενοι
959 2704 1139 2748 SalmaS.
1313 2706 1353 2747 7.
1387 2707 1624 2747 ςτατιαῖον
1655 2704 1850 2756 Kaster„

330 2768 563 2813 ςτατίδιον
596 2775 692 2816 cod.
782 2777 1089 2827 πενταμνοῦν
1119 2776 1247 2828 Musa,
1279 2775 1571 2826 πενταμιοῠν
1603 2773 1704 2818 cod.
1790 2773 1851 2815 δι-

328 2836 525 2882 ςτάτους
558 2847 604 2883 et
633 2843 889 2895 δεκάμνους
920 2846 1118 2899 Salmas„
1167 2843 1436 2887 διαςτάτους
1469 2849 1514 2885 et
1543 2841 1850 2895 διαςτάμνους
1915 2847 1924 2904 [

330 2908 427 2950 cod.
547 2912 610 2953 14.
642 2913 942 2957 ταλανταίων
972 2917 1091 2969 Alb„
1140 2913 1420 2957 ταλαντέων
1461 2912 1558 2957 cod.
1678 2915 1745 2956 17.
1777 2925 1850 2956 τε·
1915 2943 1920 2946 -

327 2977 550 3032 τρακόςια
578 2980 608 3033 ἢ
642 2979 761 3033 χίλια
793 2984 890 3026 cod.
1008 2987 1075 3028 22.
1109 2983 1297 3039 ὀργυῶν
1328 2984 1427 3034 cod.

1920 2784 1929 2790 ·’
1911 2647 1943 2742 »Δὰιςτ
1914 2591 1938 2610 3·
1917 2572 1920 2573 ’
1912 2512 1941 2555 '2¹2‘
