1946 3220
30 0 154 71 ff,
198 3 200 5 ,
237 4 259 10 ι,

35 70 105 113 *⁵5³⁵

130 130 232 200 [58]
568 144 720 180 0AV1s
759 144 824 180 Ac
861 143 1210 181 ponnmznws.
1553 126 1657 180 231

203 254 282 307 11.
321 254 396 307 Τὸ
424 253 702 319 ὀξύβαφον
729 253 838 318 ἔχει
865 252 1084 316 οὐγγίας
1110 252 1154 319 β’
1178 253 1358 315 ςτάγια
1386 252 1442 319 β’.

201 339 280 391 12.
318 338 379 391 Ὁ
405 337 603 403 κύαμος
630 337 737 403 ἔχει
765 335 984 401 ούγγίαν
1011 336 1059 389 α’
1083 336 1248 403 ἥμιςυ.

202 424 280 476 13.
319 421 394 476 Τὸ
426 422 560 487 μέγα
589 421 828 486 Ἶιλείτρον
858 420 1079 485 οὐγγίαν
1107 421 1167 473 α’.

201 508 280 560 14.
318 508 376 559 ‘H
407 505 596 569 οὐγγία
622 505 804 568 ςτάγια
830 506 898 560 ἕξ.

202 590 281 644 15.
319 591 378 644 Ὁ
407 591 599 655 ςτατὴρ
625 591 808 653 ςτάγια
837 589 966 654 τρία.
1690 594 1715 633 5

201 675 280 727 16.
320 676 395 727 Τὸ
422 678 686 741 μνῆςτρον
714 674 898 736 ςτάγια
921 672 1051 738 τρία.

201 759 280 811 17.
319 759 395 812 Τὸ
422 758 601 812 ςίκλον
624 758 808 821 ςτάγια
831 758 960 822 τρία.

203 843 282 895 18.
321 843 397 895 Τὸ
425 843 689 907 βαςιλικὸν
715 842 916 907 κάρυον
943 841 1125 903 ςτάγια
1150 840 1278 905 τρία.

199 927 279 979 19.
317 927 393 980 Τὸ
420 927 578 981 ἕκτον
604 926 792 992 μόριον
820 925 1002 988 ςτάγια
1025 925 1155 990 τρία.

194 1010 277 1063 20.
317 1011 392 1064 Τὸ
419 1010 631 1074 ’ςτάγιον
657 1009 914 1075 δηνάριον
941 1010 1014 1063 ἕν.
1690 1014 1743 1054 10

196 1094 281 1147 21.
319 1096 378 1149 Ἡ
407 1095 542 1160 χήμη
571 1094 755 1157 ςτάγια
780 1094 879 1148 δύο
905 1094 1118 1159 κεράτια
1144 1094 1211 1148 ἕξ.

194 1179 279 1231 22.
317 1178 393 1232 Τὸ
420 1179 699 1244 ὀξύβαφον
727 1177 945 1241 οὐγγίας
973 1177 1072 1231 δύο
1100 1178 1283 1241 ςτάγια
1308 1178 1422 1231 δύο.

195 1263 278 1315 23.
317 1263 393 1316 Τὸ
417 1262 724 1328 κοχλιάριον
751 1263 932 1325 ςτάγια
958 1260 1012 1316 ζ’.

195 1347 279 1399 24.
318 1347 393 1399 Τὸ
420 1347 606 1412 μικρὸν
632 1346 810 1399 ςίκλον
839 1347 1020 1408 ςτάγια
1045 1344 1086 1399 Ζ’
1677 1361 1743 1395 764

193 1429 278 1484 25.
317 1431 393 1484 Τὸ
420 1429 632 1492 ςτάγιον
659 1430 871 1494 κεράτια
897 1428 987 1483 κδ’.
1314 1491 1324 1494 ,
1688 1436 1740 1476 15

194 1514 277 1567 26.
315 1515 391 1568 Τὸ
418 1514 660 1579 κεράτιον
691 1514 892 1579 ςιτάρια
917 1513 975 1567 δ’.

193 1599 277 1651 27.
314 1599 375 1652 Ἡ
402 1599 607 1664 δραχμὴ
641 1597 855 1664 κεράτια
879 1596 959 1663 ιη’.

192 1683 278 1736 28.
317 1684 375 1736 ‘H
404 1683 533 1747 ὁλκὴ
560 1682 773 1747 κεράτια
799 1682 876 1747 ιη’.

193 1767 278 1821 29.
315 1767 391 1821 Τὸ
416 1766 687 1820 Ποντικὸν
712 1766 915 1831 κάρυον
941 1766 1154 1831 κεράτια
1181 1766 1257 1830 ιη’.

194 1852 278 1905 30.
316 1851 392 1904 Τὸ
418 1851 628 1916 γράμμα
653 1850 867 1915 κεράτια
893 1851 961 1904 ἕξ.
1686 1856 1741 1896 20

193 1936 276 1988 31.
314 1935 373 1989 ‘O
402 1934 600 2001 ὀβολὸς
627 1934 840 2000 κεράτια
866 1933 996 1998 τρία.

194 2019 277 2072 32.
315 2020 374 2073 Ἡ
402 2019 563 2085 θέρμη
590 2019 834 2084 κεράτιον
859 2019 917 2071 ἓν
943 2018 1107 2083 ἥμιςυ.

193 2103 276 2156 33.
313 2103 372 2156 ‘H
400 2103 621 2169 παροξὶς
646 2102 890 2169 κεράτιον
916 2102 974 2155 ἓν
1004 2102 1169 2166 ἥμιςυ.

193 2187 277 2240 34.
314 2188 376 2240 Ὁ
402 2186 599 2241 κύαθος
626 2186 734 2252 ἔχει
758 2189 890 2252 μνᾶς
916 2187 1098 2252 μικρὰς
1130 2186 1247 2251 ἤτοι
1276 2184 1471 2250 μύςτρα
1498 2184 1651 2250 μικρὰ

121 2270 236 2324 δύο.
285 2272 348 2324 τὸ
383 2271 486 2335 γὰρ
530 2271 759 2337 μύςτρον
794 2271 903 2335 ἔχει
942 2270 1169 2340 ςταθμὸν
1217 2269 1444 2332 ςταγίων
1487 2271 1650 2333 τριῶν
1684 2277 1739 2316 25

121 2355 239 2419 ἤτοι
283 2353 504 2416 οὐγγίαν
547 2355 793 2419 ἡμίςειαν.
846 2355 905 2408 ἐν
949 2354 1132 2407 ἄλλοις
1167 2354 1228 2406 δέ
1263 2370 1450 2419 φαςιν,
1501 2351 1584 2405 ὅτι
1619 2350 1650 2405 ὁ

122 2439 318 2491 κύαθος
345 2438 454 2502 ἔχει
477 2439 706 2503 ςταθμὸν
733 2437 950 2500 οὐγγίας
977 2437 1026 2490 α’
1050 2438 1291 2501 ἦμιςείας.

56 2700 60 2704 ,
236 2654 276 2693 3.
315 2648 484 2702 οὐγγία
529 2643 726 2691 eadem‘
844 2650 885 2691 4.
934 2646 1026 2700 ἔχει
1066 2647 1169 2690 add.
1209 2648 1390 2690 Gronov.
1433 2646 1494 2699 (v.
1535 2647 1650 2702 prol.

0 2725 5 2733 '
121 2722 148 2771 ξ
178 2722 232 2762 83
264 2720 366 2764 adn.
397 2719 442 2774 3)
579 2720 646 2760 10.
685 2715 907 2771 δηνάριον
946 2731 1032 2758 om.
1072 2719 1271 2771 Nicapp.
1419 2718 1484 2758 11.
1526 2715 1650 2770 χύμη

125 2790 287 2832 eadem
375 2792 442 2833 13.
474 2788 752 2841 κοχλυάριον
773 2788 911 2841 vulgo
1028 2788 1095 2831 19.
1127 2786 1289 2841 καρίον
1322 2786 1401 2840 (an
1422 2784 1599 2839 καρύον
1611 2787 1647 2838 ῗ)

124 2860 327 2914 Nicapp.
443 2859 511 2901 21.
544 2859 619 2900 καὶ
651 2857 677 2899 ὁ
709 2856 875 2908 ὀβολὸς
908 2858 1106 2913 Nicapp,
1243 2859 1310 2901 26.
1340 2856 1476 2910 ἥμιςυ
1506 2856 1646 2910 vulgo

123 2930 191 2970 27.
222 2922 284 2983 α’]
318 2930 420 2982 μιᾶς
451 2930 654 2983 Niaapp.
