1946 3220
288 126 393 180 298
890 139 1212 177 FRAGMENTA
1715 121 1819 194 [94]
1875 90 1924 166 {a}

291 251 469 319 λίτρας
514 251 720 312 ἐπάγει·
776 249 836 314 (ἡ
873 250 933 303 δὲ
975 248 1124 313 λίτρα
1171 247 1391 303 δύναται
1434 248 1636 314 ὀβολὸν
1681 249 1817 314 Αἰγι-
1904 303 1907 306 .

291 339 488 399 ναῖον,’
510 336 568 388 ἐν
596 335 655 387 δὲ
676 331 943 399 Ἱμεραίων
970 332 1212 401 πολιτείᾳ
1236 333 1394 400 φηςὶν
1419 331 1494 387 ὡς
1515 333 1816 388 οἱίικελιῶ-

208 434 270 468 175
291 437 375 474 ται
408 419 535 473 τοὺς
574 419 669 483 μὲν
710 418 810 471 δύο
845 419 1079 484 χαλκοῦς
1117 418 1308 474 ἑξᾶντα
1343 419 1586 482 καλοῦςι,
1625 417 1722 473 τὸν
1757 419 1817 472 δὲ

292 503 388 558 ἕνα
417 501 664 566 οὐγιςίαν,
699 502 827 557 τοὺς
853 503 912 557 δὲ
937 505 1085 570 τρεῖς
1103 505 1349 570 τριᾶντα,
1385 503 1515 557 τοὺς
1541 504 1601 558 δὲ
1627 503 1682 557 ἓξ
1705 502 1818 568 ἡμί-

239 590 265 629 5
295 589 504 652 λιτρον,
551 586 649 642 τὸν
690 588 751 642 δὲ
787 587 990 654 ὀβολὸν
1037 587 1250 655 λίτραν,
1298 588 1395 643 τὸν
1439 589 1499 642 δὲ
1535 580 1819 654 Κορίνθιον

294 673 524 736 ςτατῆρα
549 671 879 738 δεκάλιτρον,
906 672 988 727 ὅτι
1013 673 1139 727 δέκα
1164 673 1396 740 ὀβολοὺς
1421 674 1655 728 δύναται.
1686 673 1821 728 ἔνιοι

294 755 354 810 δὲ
377 756 463 810 καὶ
488 759 600 812 τῶν
636 758 877 824 Ἀθήνηςι
907 759 1323 829 κωμῳδούντων
1350 763 1462 813 τῶν
1484 758 1632 813 νέων
1649 799 1662 822 ,
1699 757 1819 811 οἷον

294 841 548 906 Φιλήμων
585 842 644 897 ἑν
684 843 928 912 Εικελικῷ
972 844 1056 897 καὶ
1094 843 1455 898 Ποςείδιππος
1501 843 1559 897 ἐν
1599 841 1819 912 Γαλάτῃ,

295 924 473 990 λίτρας
499 927 933 993 μνημονεύουςιν.

209 1026 262 1067 10
399 1025 491 1078 Καὶ
516 1025 747 1097 ἕβδομον
771 1028 830 1081 δὲ
854 1026 1209 1092 ἡμιτάλαντον
1230 1027 1314 1080 καὶ
1332 1025 1510 1092 τρίτον
1536 1025 1819 1091 ἡμιτάλαν-

289 1125 387 1163 τον
424 1110 507 1162 καὶ
537 1110 602 1162 τὰ
637 1113 857 1164 τοιαῦτα
882 1115 1089 1179 ςτατικῇ
1117 1112 1183 1166 ἂν
1210 1111 1495 1177 προςήκοι,
1535 1109 1713 1175 ὥςπερ
1737 1109 1821 1162 καὶ

288 1193 320 1256 ἡ
346 1193 699 1258 κρεωςτάθμη.

292 1374 375 1427 94.
435 1375 735 1428 Aristotelis
765 1377 1089 1445 aliorumque
1114 1378 1408 1429 testimonia
1439 1376 1504 1427 de
1534 1376 1722 1430 talento
1751 1377 1818 1428 ab
1905 1443 1907 1445 ι

643 1461 1013 1529 interpretibus
1038 1462 1253 1514 Homeri
1277 1463 1460 1514 allata.

211 1558 263 1598 15
823 1561 955 1613 (Vide
986 1560 1102 1615 prol.
1135 1561 1160 1612 g
1190 1561 1281 1613 97.)

403 1658 446 1708 1.
486 1676 511 1710 ιι
539 1657 697 1712 Λύων
723 1657 754 1711 ὁ
779 1658 1138 1724 Ἀριςτοτέλης
1163 1658 1225 1711 τὸ
1255 1657 1523 1712 τάλαντον
1551 1657 1676 1713 οὔτε
1701 1657 1818 1710 ἰ’ςον

294 1741 420 1807 φηςὶ
452 1741 573 1795 τότε
607 1742 691 1794 καὶ
728 1745 828 1798 νῦν
869 1742 1007 1798 εἶναι
1044 1743 1168 1797 οὔτε
1208 1742 1564 1811 ἀφωριςμένῳ
1605 1744 1823 1808 χρῆςθαι

294 1828 532 1894 ςταθμῷ,
576 1825 714 1880 ἀλλὰ
739 1827 934 1893 μέτρον
961 1845 1009 1882 τι
1033 1827 1204 1894 μόνον
1243 1825 1405 1891 εἶναι,
1446 1827 1520 1881 ὡς
1545 1827 1628 1880 καὶ
1657 1826 1821 1893 φιάλη

295 1910 463 1975 ςχῆμά
488 1926 537 1964 τι
566 1911 943 1978 ἀφωριςμένον
973 1912 1070 1966 οὐκ
1094 1911 1223 1978 ἕχον
1252 1900 1738 1978 ςταθμόν,’μὲτρον
1763 1911 1824 1964 δέ

211 2006 266 2047 20
295 2011 354 2047 τι.
408 1995 492 2047 καὶ
515 1997 579 2048 τὸ
604 1996 873 2051 τάλαντον
900 1997 959 2051 δὲ
983 1996 1179 2063 μέτρον
1206 1995 1255 2050 τί
1285 1996 1416 2062 ἑςτι,
1449 1996 1620 2051 ποςόν
1646 1996 1706 2051 δὲ
1730 1994 1821 2049 οὐ-

295 2077 403 2131 κέτι
429 2078 822 2146 ἀφωριςμένον.

402 2175 449 2228 2.
490 2177 603 2231 *Τὸ
634 2178 902 2233 τάλαντον
930 2178 961 2232 ὁ
987 2180 1081 2245 μὲν
1110 2179 1468 2244 Ἀριςτοτέλης
1497 2178 1675 2231 ἄλλως
1706 2178 1819 2242 ἐξη-

294 2262 461 2324 γεῖται
495 2262 577 2315 καὶ
616 2261 849 2329 εὑρήςεις
883 2265 1046 2317 τοῦτο
1084 2263 1379 2328 ἔμπροςθεν
1417 2263 1498 2332 [ἐν
1534 2266 1609 2330 τῷ
1645 2261 1716 2331 ν’]
1752 2262 1823 2316 εἰς

295 2345 392 2400 τὸν
431 2345 605 2400 οὕτως
642 2347 839 2412 ἔχοντα
867 2347 1069 2412 ςτίχον·
1127 2348 1222 2402 (ὣς
1253 2347 1424 2413 φάτο,
1462 2346 1734 2412 Μηριόνης
1763 2347 1821 2398 δὲ

213 2438 268 2479 25
297 2433 409 2499 θοῷ
437 2430 735 2485 ἀτάλαντος
764 2432 948 2496 ”Αρηι.’
1165 2421 1167 2423 μ

411 2644 451 2684 2.
483 2643 564 2693 μὲν
595 2646 699 2697 post
729 2641 773 2685 οἱ
806 2643 926 2695 add„
959 2642 1081 2684 idem
1110 2646 1215 2697 post
1245 2642 1356 2684 τοὺς
1388 2654 1472 2684 om.
1505 2642 1563 2682 Di

385 2712 452 2750 16.
485 2711 637 2753 Sohol.
669 2714 705 2754 B
746 2713 804 2755 ad
841 2713 895 2756 ΙΙ.
928 2712 960 2754 Β
994 2715 1074 2755 169
1247 2714 1314 2755 19.
1352 2708 1677 2763 ἀφωριςμένον
1715 2709 1823 2762 ἔχον

302 2778 529 2831 ςταθμόν,
581 2780 750 2833 μέτρον
788 2782 836 2823 δ’
865 2780 1024 2824 οὐκέτι
1061 2782 1200 2837 vulgo
1240 2794 1342 2823 cum
1380 2780 1502 2831 eod.;
1555 2792 1669 2821 corr.
1708 2780 1821 2820 Rose

300 2849 441 2890 Arist.
474 2849 775 2904 Pseudepigr.
806 2867 850 2906 p.
884 2856 964 2896 155
1087 2855 1156 2896 22.
1188 2851 1336 2895 schol.
1369 2851 1448 2892 BL
1482 2849 1541 2892 ad
1569 2849 1625 2892 ΙΙ.
1654 2846 1685 2891 Ε
1717 2850 1821 2900 576;

302 2919 422 2960 conf.
455 2918 566 2959 Rose
597 2919 628 2959 1.
662 2933 695 2959 e.
811 2925 878 2964 23.
912 2922 962 2964 ἐν
992 2925 1062 2976 τῷ
1095 2917 1135 2965 ν’
1167 2935 1253 2964 om.
1284 2921 1321 2962 B
1356 2920 1444 2973 (est
1477 2917 1510 2961 Ν
1544 2918 1644 2970 295)
