1946 3220
1767 0 1802 26 Τη
1813 0 1865 23 “lt-⁶

1903 159 1932 176 Q-

1909 179 1926 203 ἱ

318 319 384 359 De
411 319 651 370 fragmento
680 314 798 367 Περὶ
829 313 1091 377 ταλάντων,
1111 316 1281 369 eiusque
1319 322 1491 357 auctore
1521 317 1838 360 Alemandrino.
1887 320 1932 363 ἦ.

321 135 422 189 158
844 149 1247 184 PROLEGOMENA
1267 150 1323 184 m

232 413 300 462 99
427 405 538 449 Orsa
574 404 627 448 ab
661 402 910 448 Aristotele
946 415 1043 450 mea
1080 402 1353 464 disputatio,
1399 418 1500 450 cum
1538 404 1856 466 interpretum.

317 474 655 520 Homericorum
688 473 816 519 locos
851 481 1231 534 persequeretur,
1272 475 1440 521 sensim
1477 473 1662 536 delapsa
1688 482 1758 521 est
1784 475 1840 521 ad
1905 474 1923 496 ⁵

318 544 566 604 scriptores
612 544 690 603 qui
738 545 950 590 extremis
997 544 1277 605 temporibus
1314 545 1618 591 Romanorum
1661 545 1839 606 imperii

314 615 535 659 vixerunt.
587 612 751 659 Verum
787 613 875 660 iam
911 614 1014 660 inde
1047 615 1282 661 redeamus
1309 616 1363 661 ad
1388 615 1684 662 vetustiorem
1720 622 1840 662 aeta·
1943 667 1946 677 1

314 690 406 729 tem
432 689 756 745 auctoremque
781 685 827 729 in
853 699 936 731 suo
962 699 1128 746 genere
1155 685 1483 745 gravissimum.
1538 686 1692 732 Exstat
1718 687 1840 731 inter
1918 683 1946 736 :³

313 754 594 800 Heronianas
629 754 846 815 reliquias
878 755 1181 816 fragmentum
1213 756 1441 818 <quoddam
1475 751 1611 816 Περὶ
1643 750 1840 804 ταλάν-

312 836 444 883 των,
481 838 571 885 quo
627 827 883 871 summatim
920 826 974 871 de
1011 826 1192 873 Graecis
1232 833 1278 873 et
1313 827 1523 873 Romanis
1557 826 1841 887 ponderibus
1923 820 1928 825 ’

314 896 569 955 exponitur.
618 896 667 940 In
693 909 782 956 quo
809 903 976 956 quanta
1003 898 1251 943 auctoritas
1277 898 1474 956 inesset,
1505 898 1680 958 primus
1705 895 1840 942 intel-

312 963 421 1011 lexit
447 964 677 1028 Scaliger,
707 965 801 1026 qui,
832 981 935 1012 cum
962 965 1015 1013 de
1042 981 1091 1013 re
1114 969 1363 1013 nummaria
1388 967 1589 1014 scrihere
1614 966 1839 1013 instituis-

313 1042 412 1094 set,
446 1035 490 1080 id
526 1037 635 1081 satis
674 1036 892 1096 explicate
926 1036 1024 1083 fieri
1050 1051 1141 1083 non
1167 1052 1303 1098 posse
1343 1038 1644 1095 existimaret,
1681 1037 1767 1083 nisi
1793 1043 1842 1082 et

311 1104 426 1152 illud
456 1106 782 1166 fragmentum,
824 1114 932 1154 tunc
960 1107 1162 1153 nondum
1194 1108 1387 1165 editum,
1425 1122 1478 1154 ex
1507 1107 1694 1167 antiquo
1721 1107 1839 1156 libro
1917 1127 1921 1132 ·

315 1175 401 1222 sibi
441 1177 762 1236 descripsisset
797 1183 842 1222 et
879 1180 1029 1224 omnIa
1071 1191 1371 1238 quaecunque
1407 1178 1460 1224 de
1496 1179 1631 1223 variis
1667 1177 1839 1238 ponde-

311 1245 439 1291 ribus
471 1254 516 1292 et
540 1249 734 1292 nummis
760 1247 820 1292 ibi
849 1247 1066 1308 leguntur
1090 1250 1136 1293 in
1162 1263 1294 1294 suum
1319 1248 1522 1294 libellum
1553 1249 1778 1308 reciperet
1790 1242 1835 1308 ¹).

309 1314 440 1363 Hunc
477 1323 661 1363 secutus
700 1324 769 1364 est
796 1314 1101 1378 Salmasius2).
1151 1319 1317 1366 Postea
1352 1326 1503 1366 autem
1529 1319 1576 1364 id
1610 1319 1837 1379 fragmen-

426 1495 468 1547 1)
508 1497 623 1537 Loci
662 1511 686 1538 e
725 1497 953 1552 Scaligeri
990 1497 1107 1539 libro
1140 1497 1195 1538 de
1235 1511 1283 1539 re
1323 1499 1579 1538 nummaria
1622 1498 1671 1538 hi
1708 1501 1836 1538 sunt:

309 1565 353 1606 p.
386 1555 463 1594 39:
507 1553 597 1595 Sed
623 1555 748 1595 Hero
779 1554 1106 1595 Alexandrinus
1135 1555 1447 1595 mathematicus
1477 1547 1714 1595 τάλαντον
1742 1554 1838 1595 Ho—

307 1610 502 1650 mericum
526 1611 642 1662 salso
671 1613 983 1663 interpretatur
1012 1608 1266 1663 Δαρεικόν.
1332 1605 1399 1652 Τὸ
1431 1604 1486 1651 δὲ
1515 1602 1838 1663 παρ’Ὁμήρῳ

308 1661 546 1708 τάλαντον
584 1670 674 1707 cet.
716 1680 832 1719 quae
863 1667 984 1720 legis
1015 1669 1038 1718 ξ
1068 1669 1111 1710 4.
1169 1667 1310 1709 Porro
1340 1681 1384 1720 p.
1415 1668 1470 1708 35
1509 1668 1679 1708 citatur
1719 1667 1838 1706 eius-

309 1721 412 1762 dem
443 1722 696 1776 fragmenti
725 1724 750 1773 ξ
772 1724 797 1764 6
820 1723 1000 1765 omissis
1034 1726 1246 1765 extremis
1277 1723 1518 1765 vocabulis
1541 1721 1587 1764 αἱ
1607 1721 1656 1763 δὲ
1677 1721 1837 1763 λοιπαὶ

309 1779 418 1828 μναῖ
447 1776 684 1831 διὰφοροις
716 1783 810 1819 tum
841 1794 886 1833 p.
917 1781 971 1820 41
1005 1785 1051 1820 et
1079 1781 1134 1821 43
1166 1781 1189 1830 ξ
1221 1782 1269 1830 23
1300 1794 1344 1833 p.
1375 1781 1431 1821 43
1461 1780 1563 1830 §13
1595 1793 1639 1832 p.
1670 1780 1726 1819 44
1753 1776 1778 1832 S
1810 1780 1836 1819 2

307 1845 451 1887 usque
484 1836 542 1876 ad
570 1837 618 1886 43
650 1849 694 1888 p.
716 1837 771 1877 46
803 1836 827 1886 ξ
859 1837 885 1877 5
908 1840 955 1876 et
975 1837 1023 1887 63
1054 1850 1100 1890 p.
1120 1837 1176 1877 48
1197 1838 1221 1887 ἓ
1242 1837 1284 1876 8.
1345 1836 1509 1877 Totum
1539 1836 1680 1889 igitur
1709 1835 1836 1889 frag—

307 1894 510 1931 mentum
543 1891 728 1933 exhibet
751 1892 964 1946 Scaliger
993 1895 1178 1946 praeter
1207 1892 1550 1946 paragraphum
1572 1892 1836 1945 septimam3

307 1959 465 1987 verum
497 1949 635 1988 etiam
668 1961 723 1988 ex
754 1948 844 1989 hac
874 1961 1026 2002 pauca
1055 1963 1099 2002 p.
1121 1950 1176 1990 35
1207 1949 1465 2002 exscripsit.
1518 1948 1649 1998 Quod
1681 1952 1836 1988 autem

306 2003 481 2045 Heroni
510 2004 822 2046 Alexandrino
855 2005 973 2046 haec
1003 2006 1192 2057 tribuit,
1222 2005 1271 2045 id
1301 2006 1476 2045 factum
1509 2017 1610 2045 esse
1642 2007 1837 2057 apparet

310 2071 365 2100 ex
398 2060 497 2111 eins
529 2060 703 2101 codicis
736 2063 1014 2102 auctoritate
1044 2061 1164 2101 unde
1189 2074 1245 2101 ea
1268 2061 1525 2114 exscripsit.
1568 2059 1690 2101 Usus
1714 2060 1836 2100 enim

310 2118 381 2156 est
412 2119 492 2156 aut
511 2116 724 2158 Parisino
756 2119 866 2159 2475
899 2121 979 2158 aut
1010 2117 1103 2158 alio
1134 2116 1300 2170 simili,
1333 2117 1497 2169 quibus
1527 2117 1575 2156 in
1605 2116 1737 2157 libris
1767 2116 1834 2156 in-

306 2175 377 2212 ter
406 2172 585 2214 medias
615 2173 909 2215 Heronianas
939 2173 1162 2226 reliquias
1192 2173 1240 2213 id
1270 2173 1580 2226 fragmentum
1609 2173 1836 2225 reperitur
1916 2206 1925 2209 -

310 2227 433 2280 (vide
464 2229 613 2282 praef.
647 2230 747 2270 crit.
781 2230 839 2270 ad
870 2230 957 2282 99).
1019 2229 1233 2270 Ceterum
1273 2242 1390 2282 quae
1422 2230 1471 2269 in
1501 2228 1835 2283 Scaligerianis

306 2297 398 2325 non
430 2285 707 2326 conveniunt
739 2299 838 2326 cum
869 2286 1119 2340 fragmenti
1140 2286 1288 2326 forma.
1312 2299 1338 2325 a
1359 2285 1491 2326 nobis
1524 2285 1670 2334 edita,
1704 2285 1835 2325 eain

309 2341 604 2383 adnotatione
634 2342 829 2395 singulis
858 2342 974 2383 locis
997 2342 1325 2395 adscripsimus
1345 2345 1531 2395 praeter
1560 2341 1647 2382 hoc
1677 2353 1833 2393 unum,

307 2397 426 2449 quod
458 2399 482 2448 ἓ
513 2399 538 2438 6
568 2412 650 2452 pro
680 2398 836 2440 verbis
874 2397 993 2451 πρό(
1031 2410 1085 2440 τε
1123 2396 1329 2449 εταθμὸν
1367 2396 1671 2449 καὶ,νόμιεμα
1713 2397 1835 2451 apud

308 2453 597 2508 Scaligerum
627 2469 670 2509 p.
704 2456 758 2497 35
788 2454 1006 2509 leguntur
1036 2453 1155 2507 πρὸ(
1186 2453 1245 2495 τὸ
1278 2452 1502 2496 Ἰταλικὸν
1533 2452 1754 2506 νόμιεμα,
1788 2456 1835 2494 et

306 2522 349 2561 p.
380 2511 434 2551 46
467 2509 585 2562 πρὸ(
614 2511 706 2562 τὴν
738 2511 966 2563 Ἰταλικὴν
997 2511 1073 2552 καὶ
1104 2510 1314 2562 νόμιεμα.
1375 2510 1464 2552 Sed
1487 2515 1644 2552 nostra
1673 2510 1831 2563 utique

304 2566 477 2606 rectius
508 2579 556 2607 se
587 2568 774 2611 habent.

420 2622 463 2671 2)
501 2622 701 2664 Primum
736 2623 894 2665 Refut.
933 2636 978 2677 p.
1012 2626 1065 2665 19
1102 2624 1221 2664 haec
1260 2622 1495 2676 leguntur:
1545 2623 1654 2663 idem
1690 2622 1829 2674 Hero,

306 2678 392 2717 sive
431 2679 467 2717 is
506 2684 569 2718 esc
606 2681 867 2734 Africanus,
916 2687 962 2721 ut
1001 2682 1169 2734 quidam
1207 2680 1306 2720 libri
1340 2679 1617 2731 praeferunt,
1668 2681 1711 2719 in
1748 2680 1831 2719 alio

303 2732 544 2785 fraymento
578 2738 690 2787 quod
718 2736 912 2790 Scaliger
943 2738 1079 2778 edidit
1106 2731 1158 2778 τὸ
1192 2728 1424 2789 δηνάριον
1453 2748 1537 2775 non
1567 2736 1694 2775 aliter
1722 2747 1829 2775 sum·

302 2789 418 2841 psit:
458 2787 516 2841 τῇ
541 2783 717 2843 Ἀττικῇ
751 2790 961 2858 δραχμῇ,
1000 2796 1158 2846 inquit,
1199 2786 1427 2844 χρηστέον
1464 2784 1581 2842 πρὸς
1611 2784 1832 2853 σταθμὸζ(

308 2841 391 2885 καὶ
431 2840 661 2898 νόμισμα,
712 2839 969 2902 ἐπειὸηπερ
1011 2845 1301 2902 ἰσοδύναμος
1341 2840 1437 2888 ἐστὶ
1478 2845 1535 2899 τῇ
1570 2839 1766 2899 Ἰταλικῇ
1797 2859 1826 2899 η

307 2901 525 2942 καλεῖται
574 2897 820 2954 δηνάριον.
880 2907 941 2944 ita
991 2907 1097 2945 enim
1133 2906 1177 2945 in
1214 2905 1367 2957 optimo
1406 2903 1550 2944 codiee
1591 2915 1707 2956 quem
1746 2902 1832 2943 vidi

309 2961 474 3010 legitur.
516 2957 620 2997 haec
647 2961 774 3010 paulo
806 2960 931 3000 aliter
961 2962 1077 3013 apud
1097 2960 1371 3014 Scaligerum.
1412 2960 1522 3000 idem
1547 2961 1677 3011 paulo
1707 2963 1829 3011 post.-
