1946 3220
314 150 416 202 342
906 165 1227 199 FRAGMENTA
1707 150 1839 221 [106]
1871 197 1891 214 ,Ἴ

1921 207 1937 307 ..nm

315 293 439 343 φηςι
475 273 812 339 πλεθριαίους
857 273 1102 340 φοίνικας
1139 273 1363 340 φύεςθαι
1401 274 1460 330 ἐν
1495 275 1771 342 Βαβυλῶνι
1804 277 1838 344 ἢ

312 361 395 412 καὶ
420 359 676 423 μείζονας.
707 389 765 396 -
794 357 1038 427 [(τάδιον
1064 361 1255 424 πηχῶν
1280 358 1364 427 υ’.]
1898 346 1927 413 3

419 442 584 495 Πούς.
623 442 654 496 6
681 443 819 496 ποὺς
851 442 959 508 ἔχει
985 443 1277 498 δακτύλους
1307 442 1385 503 ις’.
1904 434 1939 514 ξς

418 526 698 592 Πρόχους,
744 528 948 593 Ξέςτης,
994 528 1058 581 τὸ
1102 528 1310 594 μέτρον.
1355 529 1468 581 ‘mi
1503 528 1748 595 ἐμβαλὼν
1784 530 1840 584 ἐς
1900 541 1940 602 3

258 621 284 662 5
313 611 555 677 πρόχουν
593 613 831 679 ἀργυρᾶν
871 613 938 666 τὰ
982 611 1109 666 ὀςτᾶ
1153 613 1416 679 ἐξέπεμψε
1450 617 1525 683 τῷ
1565 615 1708 667 παιδὶ
1743 616 1840 668 τοῦ
1910 621 1940 642 ·²

313 695 517 761 πατρὸς
542 698 808 762 κειμήλιον
836 697 1011 763 ἔχειν.’
1936 700 1942 757 ’ῖ

419 780 604 847 Εάροι,
643 782 839 848 μέτρον
877 783 962 835 καὶ
996 782 1212 848 ἀριθμὸς
1256 783 1402 849 παρὰ
1440 782 1733 836 Χαλδαίοις.
1792 784 1844 837 οἱ
1940 783 1942 786 ’

312 864 415 930 γὰρ
442 866 516 932 ρκ’
537 867 686 932 ςάροι
711 871 953 922 ποιοῦςιν
980 867 1260 921 ἐνιαυτοὺς
1281 867 1433 942 ,βςκβ’
1453 869 1586 921 κατὰ
1608 869 1704 934 τὴν
1730 871 1841 922 τῶν

315 950 596 1005 Χαλδαίων
629 955 850 1018 ψῆφον,
887 951 1036 1018 εἴπερ
1065 953 1096 1005 ὁ
1126 952 1286 1018 ςὰρος
1312 954 1456 1006 ποιεῖ
1486 955 1653 1018 μῆνας
1693 955 1844 1018 ςελη-

233 1043 287 1086 10
315 1038 514 1090 νιακῶν
543 1035 664 1102 ςκβ’,
691 1037 745 1089 οἳ
768 1036 1010 1099 γίνονται
1038 1036 1102 1102 ιη’
1129 1037 1361 1091 ἐνιαυτοὶ
1385 1038 1469 1090 καὶ
1495 1041 1656 1102 μῆνες
1682 1036 1751 1092 ἕξ.

421 1119 583 1184 (άτα,
619 1122 813 1185 μέτρον
848 1121 1136 1188 Ἑβραϊκόν.
1186 1124 1340 1187 δηλοῖ
1374 1122 1433 1175 δὲ
1459 1121 1645 1186 μόδιον
1682 1121 1844 1187 ὑπερ-

313 1205 762 1270 πεπληρωμένον·
790 1206 865 1259 ὡς
887 1206 1026 1261 εἶναι
1047 1206 1235 1271 μόδιον
1257 1204 1351 1259 α’5.
1376 1205 1545 1271 ὑγροῦ
1567 1207 1626 1259 δὲ
1646 1206 1842 1259 Ξεςτῶν

315 1286 374 1340 ιε’
398 1288 515 1353 ἤτοι
542 1291 738 1354 λιτρῶν
764 1289 850 1344 κε’.

420 1372 634 1437 (ίκλον,
672 1374 941 1440 ἀργυρίων
979 1374 1032 1429 ε’.
1086 1375 1316 1439 Μωυςῆς
1354 1391 1511 1441 φηςιν
1548 1374 1607 1429 έν
1643 1379 1704 1444 τῇ
1743 1389 1844 1428 πα·
1900 1401 1902 1403 v

232 1467 285 1508 15
314 1457 448 1525 λαιᾷ.

420 1542 669 1606 Ετάδιον,
699 1543 730 1595 6
755 1543 925 1596 τόπος
951 1547 1049 1596 τοῦ
1087 1543 1315 1606 ἀγῶνος.
1362 1545 1447 1595 καὶ
1486 1544 1646 1608 μέρος
1672 1559 1719 1595 τι
1744 1546 1842 1595 τοῦ

313 1626 611 1690 λεγομένου
647 1628 842 1692 μιλίου·
891 1628 1024 1681 ἑπτὰ
1066 1628 1167 1692 γὰρ
1214 1627 1364 1691 ἥμιςυ
1407 1627 1586 1680 ςτάδια
1631 1629 1844 1680 ποιοῦςι

313 1709 500 1775 μίλιον.

421 1796 577 1848 *Ὅτι
601 1797 667 1848 τὰ
693 1796 827 1850 ἑπτὰ
850 1796 1001 1860 ἥμιςυ
1029 1796 1208 1849 ςτάδια
1232 1799 1443 1849 ποιοῦςι
1468 1795 1639 1860 μίλιον
1668 1795 1739 1849 ἓν.
1778 1795 1846 1850 τὰ

229 1891 285 1932 20
313 1880 373 1934 δὲ
400 1879 429 1933 ι’
454 1881 596 1945 μίλια
624 1881 803 1945 ἔχουςι
833 1880 1014 1934 ςτάδια
1039 1879 1107 1933 π’.

418 1965 539 2018 Ὅτι
572 1966 634 2019 τὸ
661 1965 874 2019 ςτάδιον
913 1965 1021 2031 ἔχει
1046 1966 1219 2017 πόδας
1244 1961 1308 2029 χ’,
1346 1967 1407 2018 τὸ
1443 1967 1502 2018 δὲ
1540 1965 1711 2029 μίλιον
1742 1963 1843 2018 πό-

314 2050 412 2102 δας
447 2048 569 2118 ,δφᾏ
605 2051 668 2103 τὸ
695 2050 755 2103 δὲ
793 2051 1030 2115 πλέθρον
1063 2050 1234 2102 πόδας
1261 2047 1321 2114 ρ’,
1357 2049 1410 2117 [ἡ
1438 2048 1645 2114 ἄρουρα
1670 2049 1843 2102 πόδας

314 2130 416 2201 ρν’]
447 2133 477 2186 ὁ
502 2135 637 2186 ποὺς
663 2134 958 2188 δακτύλους
985 2133 1065 2197 ις’,
1092 2133 1123 2186 6
1156 2136 1327 2198 πῆχυς
1351 2134 1494 2186 πόδα
1518 2133 1612 2185 α’5.

421 2217 649 2283 (τατήρ,
686 2219 748 2271 τὸ
779 2219 836 2271 ἐκ
860 2221 1060 2283 χρυςοῡ
1087 2217 1322 2282 νόμιςμα.
1364 2219 1502 2271 ττῶν
1538 2217 1839 2282 βαλαντίων
1921 2271 1925 2275 ,

427 2404 466 2443 2.
498 2401 684 2444 ςτάδιον
717 2416 823 2457 eg03
856 2402 993 2456 vulgo
1024 2399 1210 2444 ςταδίου
1242 2403 1535 2444 coniunctum
1568 2415 1668 2443 cum
1698 2398 1842 2452 μείζο-

314 2481 421 2524 νας,
462 2472 580 2526 quod
609 2486 875 2527 perversum
908 2485 1008 2514 esse
1041 2476 1248 2527 apparet.
1307 2474 1393 2513 Est
1422 2472 1539 2514 haec
1571 2471 1726 2525 glossa
1758 2470 1840 2511 ali-

318 2554 402 2582 eno
439 2542 540 2584 loco
581 2544 808 2597 apposita.
871 2542 1086 2585 Ceterum
1116 2556 1197 2597 pro
1229 2544 1397 2596 πηχῶν
1426 2542 1467 2582 V
1496 2541 1640 2583 habet
1678 2539 1840 2594 πήχεις

318 2611 385 2653 11.
417 2609 542 2654 (άτα
563 2617 650 2655 etc.
685 2627 771 2655 om.
795 2613 833 2655 A
951 2615 1016 2658 12.
1049 2607 1127 2654 02'5
1160 2626 1245 2667 ego
1278 2626 1332 2653 ex
1362 2612 1582 2653 librorum
1611 2611 1838 2665 vestigiis,

317 2676 400 2720 ἕνα
430 2681 504 2722 καὶ
533 2681 696 2734 ἥμιςυν
716 2683 854 2738 vulgo
971 2685 1038 2725 14.
1062 2679 1227 2725 (ίκλον
1250 2686 1335 2727 etc.
1359 2695 1445 2722 om.
1464 2682 1505 2723 V
1525 2680 1664 2722 Beklc.
1782 2674 1838 2733 ε’]
1919 2689 1930 2693 ⁴

315 2742 355 2788 δ’
378 2752 492 2789 coni.
518 2751 641 2793 Kust.
759 2756 828 2796 20.
861 2747 888 2795 ι’
908 2753 960 2806 A,
984 2751 1095 2795 δέκα
1113 2753 1252 2806 vulgo
1367 2753 1436 2792 22.
1469 2744 1578 2808 ,δφἹ
1603 2747 1678 2808 ,ὅς’
1700 2750 1838 2800 Med„

318 2818 439 2859 conf.
473 2831 610 2873 supra
643 2820 792 2872 μίλιον
906 2826 979 2866 23.
998 2817 1089 2877 ρν’]
1120 2817 1161 2864 ν’
1182 2823 1290 2864 libri
1311 2826 1358 2862 et
1378 2835 1436 2865 m.
1459 2820 1621 2873 scripti
1645 2823 1689 2861 et
1712 2820 1839 2873 editi,

315 2900 358 2930 v.
393 2900 530 2942 supra
561 2887 738 2943 ἄρουρα
825 2887 910 2934 αέ
941 2892 1071 2946 libri,
1103 2890 1186 2935 ἓνα
1216 2891 1291 2933 καὶ
1320 2890 1485 2943 ἥμιςυν
1514 2888 1653 2944 vulgo
1768 2891 1839 2933 24.

314 2959 418 3000 τῶν
448 2957 714 3010 βαλαντίων
746 2966 832 3003 etc.
882 2976 906 3004 e
938 2963 1122 3016 Synesii
1163 2975 1233 3017 ep.
1267 2963 1347 3003 127
1388 2960 1617 3015 (monente
1649 2959 1835 3012 Reinee.)
1880 3004 1883 3007 ,
