1946 3220
559 137 884 172 scmpwomzs
913 137 1174 174 GRAECOS.
1561 120 1628 173 57

6 304 7 312 ἶ
211 249 270 302 ‘O
303 248 475 312 πήχυε
509 247 616 312 ἔχει
651 247 943 300 δακτύλους
976 238 1061 300 κδ.
1136 246 1167 300 ὁ
1202 248 1487 312 παλαιετὴε
1523 247 1658 317 ἔχειΦ

104 321 527 396 δακτύλουςδᾞ.
573 332 604 396 ἡ
633 332 854 396 επιθαμὴ
886 332 994 397 ἔχει
1019 331 1312 386 δακτύλους
1338 322 1402 398 ι-βᾞ
1450 332 1504 401 [ὁ
1532 350 1629 385 πο-

22 405 27 419 ³
104 418 281 483 διεμὸε
318 417 426 482 ἔχει
459 417 751 470 δακτύλου(
774 407 827 470 δ.
880 417 912 481 ἡ
948 418 1170 482 επιθαμὴ
1208 416 1316 481 ἔχει
1340 417 1631 470 δακτύλου(

0 557 13 573 Χ
105 501 206 571 ιβ’]
255 502 286 555 ὁ
319 501 574 566 ποδιεμὸε
607 501 715 566 ἔχει
746 502 1039 554 δακτύλους
1061 506 1128 559 ξ.
1179 502 1241 555 τὸ
1267 502 1464 556 πλέτον
1493 502 1630 555 ἐετὶν

0 595 22 641 »ρ
104 587 366 640 δακτύλου
391 586 453 638 τὸ
481 588 525 653 Ξ

208 671 284 724 Τὸ
311 670 480 735 μίλιον
508 670 616 735 ἔχει
643 671 821 724 ετάδια
847 660 920 730 ἴς.

210 756 267 809 Ἡ
295 755 444 821 λίτρα
469 754 578 819 ἔχει
603 755 817 818 ούγκίαε
843 746 917 821 ι’β-,
943 755 1219 820 γράμματα
1232 755 1279 819 ¹²)
1310 760 1429 820 ciffi.

211 859 334 906 Hanc
352 873 511 905 novam
533 865 578 904 et
597 859 842 905 inauditam
865 873 1174 905 mensurarum
1191 860 1466 919 farraginem
1483 873 1635 905 nonne

105 929 316 976 mireris?
368 928 507 984 Quam
545 929 769 990 explicare
796 957 861 964 —
891 930 1116 991 siquidem
1148 931 1332 977 omnino
1361 931 1406 976 id
1431 929 1528 975 fieri
1554 943 1636 991 po-

105 1008 195 1047 test
214 1026 284 1034 —
305 1000 437 1046 nobis
457 1014 576 1046 nunc
602 1013 684 1046 nec
708 999 819 1047 libet
845 1015 925 1047 nec
953 1007 1092 1046 vacat.
1140 1000 1225 1047 Sed
1246 1000 1322 1047 alii
1348 1001 1541 1047 forsitan
1562 1002 1635 1047 hic

105 1073 362 1130 inveniant,
396 1085 510 1132 quae
535 1072 580 1117 in
611 1085 742 1117 suum
767 1086 899 1117 usum
926 1078 1204 1118 convertant.

153 1224 218 1264 De
248 1226 338 1265 Ioco
370 1236 428 1264 eac
465 1222 646 1264 Tac-ticio·
678 1223 944 1264 Constantini
972 1224 1409 1277 Porphyroyennetae
1437 1225 1587 1277 petito.

211 1311 258 1355 In
284 1310 630 1371 quaestionibus
656 1310 927 1357 Heronianis
957 1311 1176 1358 Martinus
1211 1312 1265 1357 de
1289 1312 1466 1358 Herone
1498 1313 1633 1358 tertio
1655 1309 1721 1359 36

14 1422 26 1429 ,,
104 1381 350 1442 Byzantino
381 1382 583 1426 scribens
610 1383 885 1428 mentionem
919 1382 1027 1428 facit
1051 1382 1142 1428 loci
1176 1378 1410 1429 cuiusdam
1435 1383 1488 1427 de
1513 1396 1636 1428 men-

106 1454 226 1498 suris
253 1454 331 1512 qui
359 1452 528 1512 legitur
563 1453 609 1496 in
638 1451 919 1498 Constantini
946 1453 1406 1514 Porphyrogennetae
1437 1453 1637 1498 Tactico-

105 1537 205 1568 rum
230 1530 357 1584 parte
391 1523 591 1568 nondum
618 1523 736 1568 edita
748 1518 796 1584 ¹).
846 1523 974 1569 Hunc
998 1538 1083 1569 nos
1109 1538 1133 1570 e
1163 1523 1341 1569 Martini
1366 1523 1482 1568 libro
1510 1537 1638 1583 repe-

105 1594 291 1640 tendum
330 1607 429 1639 esse
462 1593 695 1651 duximus,
730 1608 814 1640 nec
841 1600 990 1640 tamen
1025 1596 1081 1640 iis
1110 1609 1224 1654 quae
1251 1596 1317 1639 vir
1346 1594 1638 1640 doctissimus

95 1678 159 1709 rex
184 1678 237 1710 eo
266 1663 369 1710 loco
398 1663 629 1710 concludit
655 1678 901 1724 possumus
927 1664 1209 1726 adstipulari.
1264 1664 1372 1710 Nam
1393 1665 1463 1709 his
1489 1664 1637 1710 verbis

108 1749 284 1781 omnem
312 1748 626 1780 mensurarum
655 1736 892 1793 rationem,
920 1735 1065 1796 qualis
1092 1737 1137 1780 in
1170 1737 1360 1795 imperio
1391 1735 1637 1796 Byzantino

106 1812 203 1851 tum
231 1802 289 1864 (h.
319 1819 357 1850 e,
387 1805 569 1851 saeculo
596 1805 648 1865 X)
682 1806 886 1865 legitima
912 1806 1075 1863 fuerit,
1116 1807 1233 1851 tradi
1262 1807 1501 1851 existimat.
1549 1806 1638 1850 lam

95 1891 207 1923 ,cum
233 1876 482 1921 Romanum
519 1875 676 1931 pedem
718 1889 770 1921 ex
798 1877 988 1936 imperio
1018 1876 1264 1922 occidentis
1289 1877 1484 1936 petitum
1515 1890 1639 1920 man-

110 1949 224 1993 sisse
251 1953 458 2003 constet,
489 1946 669 1992 Martini
697 1949 922 1992 sententia
947 1961 1000 1993 eo
1028 1947 1292 2004 deducitur,
1320 1953 1371 1992 ut
1395 1946 1639 1991 miliarium

110 2047 201 2093 quo
239 2039 333 2077 tum
368 2037 608 2076 uterentur
645 2031 698 2075 IV
730 2031 762 2076 D
801 2031 902 2092 ped.
939 2031 1245 2077 Romanorum
1284 2031 1436 2077 suerit.
1512 2029 1638 2085 Quod

108 2104 373 2162 neutiquam
407 2115 491 2147 nec
514 2101 700 2162 probari
727 2117 810 2148 nec
836 2103 958 2148 credi
987 2109 1152 2163 potest.
1213 2101 1321 2147 Nam
1349 2100 1520 2146 nullum
1553 2102 1640 2146 nisi

110 2175 278 2219 iustum
315 2172 558 2218 miliarium
592 2172 626 2216 V
661 2171 835 2218 milium
870 2173 972 2233 ped.
1001 2173 1305 2220 Romanorum
1339 2173 1640 2232 imperatores

111 2245 302 2290 orientis
340 2243 611 2288 habuerunt..
676 2241 790 2298 Quid
829 2245 972 2304 igitur
1007 2258 1060 2290 ex
1095 2244 1183 2290 hoc
1218 2244 1503 2289 Constantini
1538 2241 1640 2288 loco

112 2310 410 2360 eliciendum?
435 2327 542 2358 num
562 2312 891 2360 Philetaereum
913 2315 1270 2375 pedem—nam
1296 2320 1366 2359 est
1385 2315 1473 2358 ista
1499 2314 1642 2358 omni-

111 2399 169 2430 no
206 2383 486 2429 Philetaerea
521 2385 639 2430 ratio
666 2409 735 2415 —
760 2386 994 2430 etiamtum
1034 2387 1079 2430 in
1117 2400 1203 2430 usu
1238 2383 1410 2429 fuisse?
1462 2383 1641 2428 Minime

113 2456 329 2515 gentium.
404 2453 482 2498 Est
525 2456 709 2499 omnino
756 2454 867 2500 illud
906 2454 1190 2501 Constantini
1241 2468 1355 2514 opus
1393 2467 1415 2498 e
1453 2453 1642 2498 diversis

113 2523 412 2586 scriptoribus
457 2522 696 2569 collectum
732 2532 776 2569 et
810 2522 1164 2587 compilatum2).
1228 2524 1275 2568 In
1319 2537 1410 2585 quo
1449 2523 1570 2584 quod
1605 2525 1642 2568 is

111 2594 240 2642 locus
271 2595 326 2641 de
352 2608 442 2654 quo
471 2595 645 2653 agimus
675 2594 868 2654 legitur,
895 2595 1006 2640 nihil
1031 2595 1134 2640 inde
1161 2594 1279 2641 effici
1305 2601 1459 2654 potest
1479 2595 1566 2639 nisi
1593 2600 1644 2638 ut

115 2667 290 2713 auctori
320 2666 472 2725 operis
502 2664 780 2710 Philetaerea
811 2679 1122 2710 mensurarum
1154 2667 1270 2711 ratio
1305 2679 1329 2710 e
1367 2664 1533 2710 tabulis
1559 2664 1644 2709 He·

202 2787 276 2838 11)
311 2790 345 2832 Α
378 2789 475 2830 cod.

200 2846 268 2896 12)
300 2858 389 2899 γρα
411 2875 544 2886 .....
577 2846 675 2886 eod.

230 2903 271 2953 1)
303 2905 353 2944 P.
384 2903 480 2943 280.
514 2903 611 2944 385.
644 2903 741 2945 387.

228 2960 272 3012 2)
304 2960 355 3002 V.
386 2958 573 2999 Martin.
606 2972 649 3012 p.
683 2960 764 3000 336
796 2970 831 2999 s.
863 2959 944 2999 363
975 2971 1010 3000 s.
1043 2959 1254 3001 385—87.
