1946 3220
299 116 408 171 200
668 132 988 168 FRAGMENTA
1023 132 1094 165 DE
1129 129 1391 166 MENsums
1730 113 1832 184 [16]
1883 0 1929 242 ἲ

364 249 370 251 ’
411 243 490 294 11.
527 241 692 295 >Ἐνιοι
715 241 774 293 δὲ
797 240 859 293 τὸ
887 238 1059 303 μίλιον
1086 238 1224 292 ἑπτὰ
1251 239 1335 291 καὶ
1361 238 1511 304 ἥμιςυ
1538 239 1718 294 ςτάδια
1747 241 1831 294 λέ·
1911 245 1929 265 '²

1913 255 1931 369 ,ι

302 342 485 389 γουςιν
513 325 667 389 ἔχειν.
1722 329 1754 354 ”“

409 407 491 460 12.
525 407 699 460 Πάλιν
740 407 800 459 δὲ
836 405 892 461 ἐξ
930 405 1193 471 ἱςτορικοῦ
1241 409 1340 459 τοῦ
1387 405 1711 472 Εὐτροπίου,
1765 408 1830 462 ὃν

301 491 593 556 μετέφραςε
621 490 908 555 Παιάνιος,
935 490 1148 554 ςήμαινε
1175 490 1257 543 ὅτι
1279 491 1346 544 τὰ
1370 492 1551 555 ςημεῑα
1575 490 1717 556 μίλια
1742 508 1831 544 κα-

245 594 270 633 5
302 577 450 628 λοῦςι
476 574 750 639 Ῥωμαῖον
779 575 844 628 τὰ
869 591 918 645 ἀ
941 575 1044 639 γὰρ
1070 573 1244 628 οὕτως
1269 574 1618 640 ὀνομάζουςι,
1644 575 1832 629 τοςού-

300 674 412 712 τοις
438 657 622 724 βήμαςι
647 658 1094 724 ςυμμετρούμενοι
1118 659 1181 712 τὸ
1208 660 1435 723 ςημεῖον.

410 741 490 795 13.
527 742 705 796 Ἐκτὸς
738 743 798 796 δὲ
832 745 943 797 τῶν
985 743 1451 808 προδηλωθέντων
1488 743 1697 808 μέτρων
1730 743 1834 796 ἑςτὶ

299 826 383 879 καὶ
409 826 439 879 ὁ
470 826 761 891 λεγόμενος
787 827 933 892 παρὰ
957 829 1069 880 τοῖς
1095 829 1342 880 παλαιοῖς
1370 827 1606 891 δίαυλος,
1637 828 1722 880 καὶ
1747 843 1832 891 ςη-

300 909 469 974 μαίνει
515 911 695 964 ςτὰδια
741 909 801 977 β’,
850 910 924 963 ὡς
962 910 1047 963 καὶ
1080 911 1183 963 ἀπ’
1215 911 1382 964 αὐτοῦ
1425 914 1522 963 τοῦ
1566 911 1834 976 ὀνόματος

215 1012 268 1053 10
300 996 483 1058 δῆλον.
565 995 628 1047 τὸ
674 995 778 1059 γὰρ
818 995 952 1048 αὐτὸ
993 995 1204 1049 ςτάδιον
1245 995 1323 1047 δὶς
1373 994 1756 1061 ἑπανατρέχων
1800 994 1831 1047 ὁ

301 1076 529 1143 ἀθλητὴς
552 1078 769 1142 ἐλέγετο
801 1079 1104 1144 διηνυκέναι
1127 1078 1224 1132 τὸν
1250 1078 1485 1132 δίαυλον.
1788 1140 1791 1142 μ

409 1162 489 1213 14.
531 1162 623 1215 Καὶ
647 1162 678 1215 ὁ
704 1162 935 1227 δόλιχος.
986 1161 1147 1216 οὗτος
1177 1164 1238 1216 δέ
1267 1163 1372 1216 έςτι
1400 1162 1625 1216 ςταοίων
1660 1160 1737 1228 ιβ’.

407 1244 487 1298 15.
529 1246 620 1298 Καὶ
657 1246 687 1299 ὁ
731 1245 1100 1312 παραςάγγης,
1150 1247 1344 1312 μέτρον
1382 1247 1670 1311 Περςικόν,
1725 1246 1834 1312 ἔχει

300 1328 479 1382 ςτάδια
505 1329 568 1395 λ’,
597 1330 768 1395 ἤγουν
799 1330 941 1395 μίλια
966 1329 1026 1382 δ’.

217 1431 268 1472 15
392 1412 489 1488 16.
532 1413 623 1466 Καὶ
647 1415 680 1479 ἡ
707 1414 841 1478 παρ’
867 1414 989 1478 ἡμῖν
1017 1413 1401 1479 έπινενοημένη
1428 1414 1501 1467 εἰς
1532 1412 1830 1479 ὑπουργίαν

299 1498 409 1550 τῶν
436 1499 715 1562 βαςιλικῶν
742 1497 1085 1575 προςτάξεων
1114 1498 1317 1562 ἀλλαγὴ
1354 1499 1441 1553 διὰ
1472 1500 1582 1552 τῶν
1610 1498 1832 1552 κοντού-

301 1597 413 1643 ρων
443 1580 586 1646 μίλια
611 1580 674 1646 ς’,
701 1580 870 1645 ἤγουν
898 1581 1076 1634 ςτάοια
1101 1581 1192 1646 με’.

591 1734 673 1787 16.
733 1735 935 1786 Tabula
960 1735 1160 1786 Iuliani
1182 1734 1538 1786 Ascalonitae.

842 1819 978 1871 (Vide
1009 1819 1124 1874 prol.
1159 1819 1183 1869 ξ
1214 1820 1305 1872 35.)

216 1922 269 1962 20
406 1902 689 1967 Ἐπαρχικὰ
715 1903 825 1956 ἀπὸ
850 1905 960 1957 τῶν
985 1905 1083 1956 τοῦ
1118 1901 1503 1956 Ἀςκαλωνίτου
1538 1901 1831 1955 Ἰουλιανοῡ

299 1988 396 2038 τοῦ
435 1986 807 2050 ἀρχιτέκτονος
836 1986 893 2039 ἐκ
931 1988 1042 2040 τῶν
1084 1986 1269 2052 νόμων
1302 1986 1418 2051 ἤτοι
1453 1985 1592 2039 ἐθῶν
1628 1987 1738 2040 τῶν
1773 1985 1831 2039 ἐν

299 2069 636 2138 Παλαιςτίνῃ.

306 2150 309 2153 ’
753 2154 987 2219 Πρῶτον
1014 2153 1134 2218 περὶ
1159 2154 1380 2219 μέτρων.

410 2239 453 2288 1.
492 2237 610 2289 Ὅτι
645 2237 675 2290 ὁ
706 2237 965 2291 δάκτυλος
1007 2236 1222 2303 πρῶτός
1262 2237 1399 2292 ἐςτιν
1449 2236 1626 2301 ὥςπερ
1671 2236 1755 2289 καὶ
1797 2237 1829 2300 ἡ

216 2341 269 2380 25
300 2321 466 2385 μονὰς
491 2320 578 2374 ἐπὶ
603 2322 714 2376 τῶν
740 2320 988 2386 ἀριθμῶν.

415 2493 453 2534 1.
486 2491 544 2531 ad
574 2491 718 2533 verba
747 2488 890 2532 Ἔνιοι
919 2489 970 2532 δὲ
999 2489 1056 2532 τὸ
1096 2488 1246 2541 μίλιον
1285 2489 1426 2543 ἑπτά,
1473 2502 1590 2542 quae
1631 2492 1831 2530 extremo

302 2559 382 2599 fol.
420 2562 525 2600 114ἃ
563 2560 800 2614 leguntur,
853 2561 911 2601 ab
953 2559 1049 2600 alia
1086 2573 1226 2602 manu
1261 2561 1381 2601 haee
1427 2559 1663 2612 adscripta
1700 2563 1828 2599 sunt:

303 2625 397 2668 ἀπὸ
430 2629 723 2682 Ἰερουςαλὴμ
762 2629 889 2682 μέχρι
930 2627 1144 2671 Βιθανίας
1183 2627 1343 2671 ςτάδια
1373 2622 1409 2671 ξ’
1439 2627 1587 2679 ἤγουν
1619 2626 1743 2679 μίλια
1771 2622 1830 2681 η’.

301 2695 331 2746 ἡ
366 2695 473 2737 ὁδὸς
512 2700 598 2739 τοῦ
639 2700 867 2751 ςαββατοῡ
901 2695 989 2751 μιλ’
1011 2729 1177 2741 ......
1209 2699 1347 2750 (haec
1377 2697 1472 2751 legi
1501 2711 1592 2738 non
1621 2697 1829 2752 possunt)

303 2768 347 2807 3.
377 2763 452 2816 ὃν]
488 2764 543 2806 οὒ
567 2768 666 2808 cod.
688 2770 809 2810 LeM
921 2771 964 2811 4.
996 2766 1208 2822 ςήμαινε]
1243 2761 1343 2820 ςημ’
1366 2767 1482 2818 cod„
1515 2767 1626 2808 item
1647 2769 1673 2808 8
1787 2769 1829 2810 5.

303 2834 345 2891 ,ἃ
375 2834 474 2876 cod.
594 2838 662 2879 16.
696 2838 938 2887 βαςιλικῶν
970 2838 1113 2880 codex
1145 2836 1328 2878 difficili
1358 2837 1561 2891 quidem,
1597 2836 1678 2878 sed
1706 2835 1830 2878 haud

304 2905 516 2958 ambiguo
548 2907 817 2957 compendio
848 2909 1090 2961 scriptum,
1127 2918 1190 2958 μα
1219 2906 1340 2948 LeM
