1946 3220
126 0 169 14 w„
193 14 196 15 γ

31 0 118 97 ξ’,
118 22 137 33 J,

31 53 34 64 ι

31 74 70 106 ὠ,
97 85 102 96 ¹

63 121 66 129 λ
120 119 126 123 .

74 176 89 184 -

35 185 44 219 Ἀ.
54 151 85 229 ἧς
108 199 113 201 λ

137 132 239 204 [49]
578 149 731 184 0Avxs
770 148 836 184 Ac
873 105 1223 199 yonnmzinns.
1562 131 1665 183 217

138 258 220 312 ὅτι
243 259 340 322 τὴν
366 258 603 324 Ἀττικὴν
630 258 772 320 λέγω
798 258 1028 322 κοτύλην
1053 258 1085 323 ἢ
1110 258 1208 324 τὴν
1233 257 1667 323 Ἀλεξανδρεωτι-

137 343 236 407 κὴν
261 342 294 407 ἢ
318 343 416 407 τὴν
443 341 686 408 Ἐφεςίαν
706 342 738 407 ἤ
761 358 878 396 τινα
903 342 1083 407 ἄλλην.
1111 341 1162 395 οἱ
1186 342 1281 407 μὲν
1308 340 1406 396 οὖν
1433 344 1670 395 πλεῑςτοι

137 428 247 481 τῶν
282 425 613 493 γραψάντων
647 426 769 492 περὶ
802 426 1012 491 μέτρων
1049 427 1132 480 καὶ
1168 428 1411 492 ςταθμῶν
1438 425 1483 479 θ’
1507 427 1668 492 φαςὶν

136 509 373 574 οὐγγιῶν
407 512 517 565 τῶν
554 510 611 563 ἐκ
650 514 744 575 τῆς
779 511 1073 576 Ῥωμαϊκῆς
1098 510 1275 577 λίτρας
1299 511 1396 576 τὴν
1422 510 1530 563 ὑπὸ
1556 514 1667 564 τῶν

133 593 331 659 ἰατρῶν
357 593 416 649 ἐν
442 596 557 648 ταῖς
583 594 914 661 φαρμακίτιςι
945 596 1141 662 βίβλοις
1174 595 1541 661 γεγραμμένην
1578 612 1666 648 κο-
1698 617 1726 657 5

132 678 314 743 τύλην.
386 679 541 732 ἄλλοι
585 680 644 733 δὲ
687 679 784 744 τὴν
826 682 938 735 τῶν
982 674 1047 746 ιβ’
1080 695 1241 746 φαςιν
1289 680 1525 742 οὐγγιῶν
1569 679 1668 731 ὑπ’

40 765 49 770 ’
134 762 315 818 αὐτῶν
352 763 620 827 λέγεςθαι,
654 763 893 829 καθάπερ
927 764 987 819 ἐν
1019 763 1194 833 Ῥώμῃ
1231 765 1328 829 τὴν
1362 763 1544 830 λίτραν
1571 768 1668 818 τοῦ

133 846 318 902 ἐλαίου
364 847 603 913 ςυνήθως
638 847 1007 913 ὀνομάζουςιν.
1056 847 1157 914 ἤδη
1195 848 1254 900 δέ
1286 865 1432 902 τινος
1469 848 1670 913 ἤκουςα

132 930 390 993 λέγοντος
423 933 463 986 Ιῖ
500 929 564 991 ις’
588 932 882 998 Ῥωμαϊκὰς
915 932 1057 997 ἔχειν
1090 933 1186 999 τὴν
1224 932 1284 987 ἐν
1318 934 1433 986 ταῖς
1460 948 1668 998 φαρμα-
1690 949 1754 984 894

131 1014 278 1070 κίτιςι
313 1017 510 1082 βίβλοις
533 1016 900 1083 γεγραμμένην
927 1016 1036 1070 ὑπὸ
1062 1019 1172 1071 τῶν
1197 1017 1396 1082 ἰατρῶν
1421 1017 1668 1082 κοτύλην,
1701 1023 1755 1064 10

134 1099 202 1155 οὐ
236 1101 391 1166 μικρὰ
425 1100 484 1154 δέ
522 1101 627 1155 ἐςτι
659 1101 897 1167 διαφορὰ
931 1101 1069 1167 πρὸς
1111 1103 1209 1167 τὴν
1251 1104 1349 1155 τοῦ
1385 1102 1669 1168 φαρμάκου

133 1184 359 1251 δύναμιν
393 1187 427 1251 ἢ
461 1185 693 1251 μεγάλας
727 1185 1006 1251 ἐμβάλλειν
1031 1186 1064 1251 ἢ
1090 1186 1274 1252 μικρὰς
1307 1186 1403 1241 τὰς
1427 1186 1669 1240 κοτύλας.

132 1268 243 1332 ἐγὼ
277 1271 414 1332 γοῦν
451 1269 512 1324 ἐν
544 1274 608 1339 τῇ
642 1270 817 1339 Ῥώμῃ
851 1271 948 1335 τὴν
983 1272 1081 1323 τοῦ
1118 1270 1303 1324 ἐλαίου
1335 1271 1668 1336 καλουμένην

134 1353 337 1418 λίτραν,
362 1354 428 1419 ἣν
450 1354 537 1407 διὰ
555 1357 666 1408 τῶν
687 1355 1157 1420 κατατετμημένων
1181 1355 1422 1419 κεράτων
1448 1358 1668 1420 μετροῦ-

134 1452 242 1502 ςιν,
293 1436 479 1503 ἔςτηςά
527 1454 659 1492 ποτε
711 1438 1041 1504 βουλόμενος
1085 1441 1268 1504 μαθεῖν
1311 1439 1516 1493 ὁπόςον
1561 1439 1669 1505 ἔχει
1700 1443 1754 1483 15

134 1522 362 1587 ςταθμὸν
397 1524 496 1576 τοῦ
533 1522 745 1589 βάρους.
807 1521 968 1588 εὗρον
1007 1524 1068 1577 δὲ
1103 1523 1186 1576 καὶ
1222 1525 1337 1576 ταῖς
1374 1525 1670 1588 ςταθμικαῑς

133 1605 263 1661 δέκα
295 1605 533 1671 οὐγγίαις
567 1606 683 1660 ἴςας
716 1606 812 1660 τὰς
846 1607 1090 1673 μετρικὰς
1122 1608 1221 1661 τοῦ
1248 1606 1431 1661 ἐλαίου
1458 1606 1534 1672 ιβ’.
1585 1608 1669 1661 διὸ

132 1690 362 1756 γράφειν
410 1691 574 1756 ἐχρῆν
619 1691 1024 1757 ἐπιμελέςτερον
1069 1692 1128 1746 ἐν
1175 1693 1291 1745 ταῖς
1339 1691 1671 1759 φαρμακίτιςι

135 1774 336 1842 βίβλοις
360 1775 488 1829 τοὺς
513 1774 756 1841 ἰατρούς,
793 1774 986 1828 ὁποίας
1010 1776 1159 1829 τινὰς
1183 1776 1455 1830 κελεύουςι
1481 1776 1668 1842 βάλλε-

135 1862 249 1913 ςθαι
272 1859 367 1913 τὰς
393 1858 611 1922 οὑγγίας
630 1860 662 1924 ἢ
681 1859 775 1913 τὰς
800 1858 979 1924 λίτρας
1002 1861 1112 1912 τῶν
1140 1859 1323 1925 ὑγρῶν
1350 1860 1668 1925 φαρμάκων,
1698 1862 1755 1904 20

134 1942 339 2009 πότερα
362 1944 457 1997 τὰς
482 1943 726 2010 μετρικὰς
751 1943 783 2009 ἢ
809 1943 904 1997 τὰς
931 1943 1218 2009 ςταθμικάς.
1262 1943 1539 2010 πρόδηλον
1564 1945 1668 2010 γὰρ

134 2027 216 2083 ὅτι
239 2032 351 2083 τῶν
377 2027 559 2094 ὑγρῶν
585 2027 794 2082 τούτων
823 2027 1082 2093 ςωμάτων
1110 2027 1288 2093 ὥςπερ
1312 2028 1396 2082 καὶ
1420 2031 1531 2083 τῶν
1560 2045 1669 2083 ςτε-

134 2116 276 2178 ρεῶν
312 2113 377 2166 τὰ
411 2113 508 2178 μέν
544 2113 648 2167 ἐςτι
686 2112 975 2179 βαρύτερα,
1012 2112 1078 2166 τὰ
1116 2114 1175 2166 δὲ
1215 2113 1536 2179 κουφότερα.
1585 2114 1670 2167 καὶ

132 2196 373 2251 λέλεκταί
406 2214 493 2262 μοι
527 2197 659 2251 κατὰ
693 2197 862 2260 λόγον
899 2197 1085 2261 ἕτερον
1114 2196 1332 2250 ἑκάςτου
1368 2200 1479 2252 τῶν
1507 2197 1579 2250 εἰς
1603 2198 1669 2250 τὰ

134 2280 389 2346 φάρμακα
415 2282 761 2347 βαλλομένων
788 2281 970 2347 ὑγρῶν
997 2281 1028 2335 ὁ
1057 2281 1294 2347 ςταθμός.
1696 2282 1754 2322 25

244 2405 428 2460 *Εἰκὸς
465 2407 562 2461 οὖν
599 2408 704 2461 έςτι
745 2408 842 2462 τὸν
877 2408 1241 2473 Ἀνδρόμαχον
1276 2405 1321 2459 θ’
1354 2410 1464 2460 τῶν
1501 2423 1667 2472 μετρι-
1689 2419 1755 2453 896

110 2492 246 2546 ’κῶν
282 2490 516 2554 οὐγγιῶν
553 2491 736 2546 ἀξιοῦν
773 2491 1115 2556 ἑμβάλλεςθαι
1149 2492 1212 2544 τὸ
1238 2490 1436 2545 κίκινον
1466 2491 1668 2555 ἔλαιον,

136 2575 211 2628 ῶς
236 2575 501 2638 γίγνεςθαι
535 2578 645 2628 τῶν
682 2576 736 2629 ἓξ
773 2577 1016 2629 κοτυλῶν
1053 2574 1269 2637 οὑγγίας
1301 2574 1382 2629 νδ’
1406 2575 1667 2641 μετρικάς,

136 2658 273 2724 ὅπερ
323 2660 426 2713 ἑςτὶ
475 2659 671 2712 ταύτὸν
716 2660 913 2723 λίτραις
964 2661 1223 2724 μετρικαῑς
1264 2659 1578 2724 Ῥωμαϊκαῖς
1622 2657 1668 2712 δ’

135 2743 219 2796 καὶ
242 2752 287 2796 5.
1698 2745 1754 2783 30

251 2943 293 2983 5.
323 2944 423 2984 τοῖς
454 2954 502 2994 φ.
535 2938 718 2992 βιβλίοις
749 2941 886 2995 vulgo
