1946 3220
281 142 383 196 132
806 156 1195 192 PROLEGOMENA
1218 157 1274 192 m

281 259 400 321 suris
418 272 650 334 liquorum
667 271 862 316 derivata
882 276 952 315 est
963 264 1016 328 ⁴¹).
1042 269 1219 315 Pariter
1237 269 1310 315 hic
1328 275 1464 330 atque
1477 268 1572 316 illic
1584 269 1639 316 ab
1651 269 1807 317 Italica
1903 319 1905 322 ,
1933 315 1946 330 „-

280 344 496 405 amphora
511 342 565 388 ad
584 355 769 403 parvum
789 345 1013 400 mystrum
1031 353 1271 385 mensurae
1290 336 1623 386 describuntur.
1652 339 1739 386 Sed
1757 342 1806 387 in
1917 372 1933 385 .-

280 415 364 461 hac
388 413 539 459 tabula
565 410 787 456 nonnulla
807 416 931 456 recte
951 411 1226 456 omittuntur
1247 424 1360 470 quae
1383 412 1430 456 in
1450 410 1528 456 illa
1551 417 1630 457 aut
1654 409 1804 457 alieno
1910 371 1946 504 ξ

279 485 382 530 loco
411 488 489 530 aut
512 494 751 542 perperam
775 479 925 526 addita
955 486 1076 526 sunt.
1138 479 1247 526 Nam
1272 481 1468 541 primum
1497 475 1805 541 κοχλῑάρῑον
1919 503 1946 575 f

283 553 405 614 quod
430 551 618 612 aequale
645 552 706 597 sit
735 551 914 612 cotylae
943 565 1077 611 quam
1109 551 1300 596 maxime
1325 559 1587 612 suspectum
1613 552 1807 612 videtur,

281 624 495 684 quoniam
523 629 569 668 et
597 622 749 683 ipsum
777 620 1026 668 cochlearis
1061 620 1330 667 vocabulum
1361 628 1407 667 et
1434 621 1715 683 reliquarum
1740 629 1808 669 ta·
1928 605 1938 634 t

279 693 489 740 hularum
516 694 766 741 auctoritas
794 694 1124 753 eam'exiguam
1151 691 1329 753 cotylae
1356 698 1550 753 partem,
1578 693 1810 739 minimam

278 777 566 822 mensuram,
603 777 706 809 esse
741 763 1037 809 demonstrat.
1094 762 1215 823 Ergo
1252 763 1298 809 id
1331 776 1384 808 ex
1422 762 1501 808 illa
1536 763 1690 809 tabula
1725 764 1808 809 eii-

280 834 489 881 ciendum
529 847 630 880 esse
665 834 889 879 duximus.
955 835 1069 879 Tum
1110 833 1276 880 ibidem
1321 835 1506 879 sextarii
1544 839 1590 879 et
1632 833 1809 894 cotylae

278 904 485 967 pondera
509 918 603 950 non
628 918 712 950 suo
739 904 841 950 loco
877 904 1028 966 afferri
1061 910 1107 949 et
1134 918 1186 949 ex
1210 903 1295 950 hac
1319 903 1475 950 tabula
1501 910 1547 950 et
1578 906 1636 950 iis
1661 904 1809 963 verbis

281 989 397 1036 quae
424 974 520 1022 illic
547 974 702 1036 paullo
728 981 835 1035 post
863 981 1144 1035 sequuntur:
1188 967 1232 1023 εἰ
1261 969 1320 1023 δὲ
1347 970 1567 1036 βούλοιο
1599 970 1685 1022 καὶ
1710 969 1809 1023 τὸν
1941 1007 1944 1022 ;

279 1040 510 1106 σταθμὸν
541 1043 652 1094 τῶν
680 1039 861 1105 ὑγρῶν
890 1040 1084 1094 εἰδέναι
1111 1040 1320 1106 μέτρων
1355 1059 1440 1106 pro
1475 1051 1600 1091 certo
1637 1059 1810 1106 cogno·
1928 1033 1946 1075 ἶ

282 1116 453 1174 scitur3
481 1124 762 1177 quapropter
786 1131 871 1163 nos
897 1123 1046 1162 totum
1071 1116 1200 1162 illum
1228 1115 1381 1163 locum
1407 1115 1694 1162 seclusimus.
1883 1116 1887 1121 ’

390 1185 513 1241 Quae
545 1186 592 1232 in
625 1187 773 1247 prima
810 1186 1098 1248 expositione
1132 1186 1230 1246 (IV,
1256 1186 1429 1246 9—13)
1471 1188 1518 1232 in
1550 1187 1813 1232 universum

279 1257 334 1302 de
358 1256 637 1318 ponderibus
663 1256 895 1317 liquorum
921 1257 1181 1316 traduntur,
1209 1270 1259 1303 ea
1286 1257 1360 1304 hic
1387 1257 1556 1303 omissa
1582 1263 1705 1315 sunt,
1733 1255 1813 1302 sed

279 1327 436 1374 tabula
468 1326 548 1373 illa
591 1342 679 1388 qua
716 1328 920 1388 pondera
960 1327 1226 1388 singillatim
1267 1327 1587 1375 describuntur
1622 1327 1709 1387 (IV⁷
1738 1325 1810 1386 14)

278 1398 351 1445 hic
377 1398 537 1445 eodem
559 1397 694 1460 plane
711 1399 852 1453 >modo
879 1399 1075 1460 repetita
1101 1394 1229 1459 est5).

592 1550 659 1591 De
692 1549 834 1590 tabula
863 1550 1148 1591 Dioscoridea
1179 1548 1295 1603 (cap.
1326 1548 1485 1601 XIV).

196 1634 254 1683 81
390 1634 519 1684 Nona
555 1637 691 1684 huius
731 1636 1017 1684 collectionis
1052 1638 1207 1684 tabula
1233 1637 1507 1684 Dioscoridis
1532 1637 1717 1682 nomine
1745 1638 1811 1683 in-

283 1708 456 1768 scripta
491 1713 585 1767 est,
623 1722 895 1769 quamquam
932 1723 1024 1754 non
1061 1711 1206 1768 magis
1244 1723 1401 1754 verum
1439 1721 1542 1754 eum
1579 1713 1812 1754 auctorem

283 1791 383 1824 esse
411 1785 601 1839 apparet
627 1793 762 1839 quam
789 1779 979 1824 aliarum
1010 1779 1230 1826 Galenum
1254 1786 1333 1825 aut
1351 1778 1636 1839 Cleopatram
1647 1773 1694 1837 ¹).
1733 1777 1812 1824 Ce-

285 1844 430 1894 terum
467 1848 714 1910 singularis
758 1850 1039 1910 praestantia
1081 1850 1189 1896 huic
1234 1849 1412 1896 tabulae
1449 1856 1696 1911 propterea
1731 1850 1813 1896 tri·

279 1918 456 1965 buenda
478 1926 566 1980 est,
595 1920 718 1982 quod
744 1934 796 1966 ea
818 1935 934 1981 pure
960 1927 1096 1982 atque
1121 1922 1298 1981 integre
1317 1921 1540 1966 Romanas
1559 1919 1813 1981 ponderum

285 1995 331 2036 et
358 2004 675 2036 mensurarum
700 1992 901 2037 rationes
929 1991 1124 2038 exhibet.

390 2061 523 2106 Initio
562 2063 761 2122 scriptor
793 2060 993 2107 tabulam
1033 2076 1186 2120 suam,
1234 2075 1367 2121 quam
1405 2074 1579 2106 summa
1614 2075 1723 2106 cura
1761 2074 1812 2106 ac

211 2150 217 2155 ’
283 2129 521 2190 diligentia
547 2133 845 2193 compositam
872 2146 975 2178 esse
1005 2132 1140 2190 dicit,
1168 2133 1311 2178 amico
1339 2131 1516 2178 cuidam
1540 2130 1717 2177 dedicat
1743 2144 1813 2176 se-

397 2338 442 2390 4)
473 2339 623 2379 Huius
652 2338 843 2380 tabulae
874 2340 898 2389 §
932 2341 1039 2380 1-7
1074 2341 1327 2392 congruunt
1360 2351 1461 2378 cum
1492 2351 1593 2391 cap.
1617 2338 1694 2388 IV,
1731 2339 1813 2377 1-

285 2395 327 2445 8,
360 2399 406 2435 et
436 2395 555 2436 haec
587 2397 611 2445 ξ
642 2397 670 2437 8
702 2409 804 2436 cum
834 2395 918 2436 illa
946 2397 971 2446 ς
1004 2397 1070 2436 14.
1133 2395 1265 2436 C-onf.
1302 2395 1444 2436 etiam
1482 2394 1595 2447 prol.
1629 2395 1653 2444 ξ
1684 2395 1752 2435 52.

398 2450 442 2503 5)
481 2451 725 2493 Nonnullis
763 2451 880 2493 locis
920 2452 1175 2506 appellatio
1215 2452 1465 2504 ponderum
1504 2451 1676 2501 differt,
1730 2450 1812 2491 sed

285 2518 359 2546 res
391 2508 450 2546 ad
488 2508 611 2548 idem
649 2509 785 2550 redit.
845 2509 907 2549 Ut
946 2510 994 2548 in
1034 2508 1117 2549 illa
1166 2508 1328 2548 tabula
1377 2507 1666 2560 oxybaphum
1714 2507 1812 2548 vini

286 2562 436 2603 unciis
478 2566 503 2603 2
544 2565 682 2618 scrip.
716 2567 794 2617 12,
847 2566 896 2605 in
924 2566 1015 2606 hac
1047 2565 1277 2606 drachmis
1307 2566 1362 2606 20
1401 2563 1639 2614 definitur,
1693 2575 1809 2616 quae

286 2629 615 2726 sono’l)m()31i)nrf{
646 2621 879 2731 Ἓξθὲιιλιὲἒ
914 2692 998 2732 ego
1038 2691 1061 2718 e
1099 2677 1372 2719 Dioscoride
1414 2679 1631 2729 excerpta
1670 2688 1810 2729 supra

291 2729 332 2781 (ἓ
354 2731 426 2779 44)
458 2734 686 2783 proposui.
737 2735 938 2775 Primum
968 2733 1186 2787 κεράτιον
1219 2738 1264 2775 et
1295 2733 1499 2784 χαλκοῦν
1531 2732 1653 2786 apud
1681 2733 1810 2773 illum

288 2798 379 2826 non
410 2787 582 2827 inveni.
642 2789 757 2829 Tum
795 2805 943 2844 neque
974 2789 1147 2842 ἡμίναν
1177 2803 1326 2843 neque
1356 2787 1631 2840 ἡμικόγγιον
1660 2801 1808 2842 neque

289 2839 481 2893 κόγγιον
511 2842 621 2896 legi.
662 2845 873 2899 Denique
905 2849 1096 2888 minima
1115 2859 1329 2888 mensura
1351 2845 1472 2899 apud.
1491 2845 1808 2886 Dioscoridem

291 2902 361 2939 est
392 2897 669 2950 κοχλιάριον,
704 2901 752 2940 in
781 2902 869 2942 hac
900 2904 1063 2944 tabula
1093 2902 1232 2956 χήμη.
1294 2902 1385 2943 Sed
1405 2906 1560 2942 tamen
1590 2901 1809 2942 nonnulla

291 2955 341 2996 in
370 2954 460 2996 hac
493 2955 654 2996 tabula
688 2964 885 3010 cognata
918 2973 1018 3000 esse
1050 2960 1366 3002 Dioscorideis
1397 2959 1582 2999 minime
1614 2971 1747 3011 nego.
