1946 3220
304 183 386 220 XX
903 181 1217 215 PRAEFATIO.

306 313 414 344 num
451 298 494 341 in
523 296 722 342 Gromat.
748 307 792 355 p.
822 294 940 351 339,
968 293 1063 348 27;
1090 293 1224 354 paulo
1257 294 1432 340 diversa
1459 293 1629 355 legitur
1658 294 1704 340 in
1731 294 1826 347 Mu*
1887 296 1898 332 f*

307 368 473 414 tinensi
509 365 625 410 libro
663 366 729 410 sic
768 365 862 411 fere
901 358 946 425 Z
993 364 1066 423 (fr.
1095 363 1192 411 135
1225 363 1254 422 S
1286 363 1382 424 14).
1444 365 1555 410 Tum
1592 364 1638 409 in
1668 364 1826 410 eodem
1891 386 1895 387 ⁷

306 437 546 483 Mutinensi
579 435 676 480 aliis
703 434 818 481 locis
845 449 895 480 ea
921 435 1066 480 forma
1096 441 1327 495 comparet
1353 448 1467 495 quae
1495 433 1722 480 simillima
1756 441 1827 480 est

306 508 501 553 Graecae
527 505 703 551 litterae
723 505 768 564 ζ,
797 520 930 566 quam
957 505 1182 566 expressit
1201 505 1440 561 Christius,
1469 519 1569 551 cum
1595 518 1647 550 ex
1675 504 1828 551 codice

306 575 626 634 Bambergensi
664 589 778 622 saec.
805 576 840 621 X
876 583 921 622 et
955 576 1009 621 Xl
1045 575 1290 621 Victorium
1326 583 1371 621 et
1402 567 1645 621 Abboneni'
1668 574 1826 633 edidit,

309 663 350 706 p.
368 646 467 693 136
482 659 545 692 vs.
563 646 610 704 7,
631 661 673 706 p.
693 645 788 691 141
814 641 951 705 cet.¹).
994 646 1087 706 Ego
1114 646 1280 706 ubique
1305 645 1523 692 Graecum
1548 645 1574 695 Z
1601 646 1724 700 dedi3
1751 659 1830 690 an-

312 718 486 776 tiquior
507 723 654 762 autem
676 717 820 762 forma
843 717 928 762 suit
952 711 1014 774 Z,
1039 731 1153 777 quae
1173 717 1354 777 saepius
1375 717 1603 777 reperitur
1622 718 1667 761 in
1689 716 1830 762 Fron-

310 787 394 833 tini
430 787 584 833 codice
610 787 878 833 Cassinensi.
941 787 1027 832 Iam
1056 785 1160 833 huic
1187 788 1403 832 sextantis
1430 793 1563 833 notae
1591 788 1628 832 si
1654 786 1832 832 additur

309 858 456 903 brevis
478 856 641 903 lineola
659 857 842 918 oblique
856 858 991 904 ducta
1007 857 1139 919 (quae
1159 859 1345 918 proprie
1367 864 1622 903 transversa
1642 871 1741 903 esse
1756 856 1832 902 de-

310 928 407 974 buit
433 928 499 973 sic
525 953 592 984 -‚
619 930 793 973 unciam
817 926 1081 989 sigificans),
1110 927 1159 973 fit
1183 929 1499 988 quadrans,
1530 927 1596 974 sic
1614 926 1692 977 Z‘.
1744 926 1828 972 Sed

312 998 356 1044 hi
376 998 557 1055 ductus,
584 999 706 1058 quod
728 1012 857 1044 nemo
877 999 1132 1056 mirabitur,
1158 1000 1200 1043 in
1231 997 1461 1044 codicibus
1487 1000 1533 1043 in
1559 1012 1698 1044 unum
1724 1011 1831 1044 con-

312 1070 443 1114 tracti
481 1075 611 1114 sunt:
648 1070 746 1114 vide
779 1070 1048 1116 Lachmann.
1081 1085 1124 1130 p.
1152 1069 1281 1127 339,
1323 1068 1414 1126 28,
1459 1068 1621 1114 Christ.
1651 1083 1695 1128 p.
1731 1067 1829 1114 136

311 1155 375 1185 vs.
405 1139 495 1196 13,
535 1153 579 1198 p.
613 1138 708 1184 141
738 1155 800 1185 vs.
833 1141 923 1198 16,
960 1155 1003 1200 p.
1036 1140 1133 1187 143
1161 1146 1246 1185 cet.
1271 1139 1413 1185 Porro
1443 1140 1629 1186 triens
1659 1145 1729 1183 est
1752 1137 1832 1182 du-

312 1209 474 1269 plicata
502 1210 721 1255 sextantis
748 1217 880 1268 nota,
917 1212 982 1257 sic
1006 1209 1087 1268 ζζ,
1127 1218 1220 1256 tum
1248 1210 1543 1270 quincunx
1574 1214 1754 1255 constat
1781 1222 1833 1254 cx

316 1285 519 1325 sextante
556 1286 602 1324 et
641 1281 916 1340 quadrante,
957 1283 1021 1327 sic
1047 1280 1155 1330 ZZs.
1209 1280 1326 1326 Haec
1366 1287 1572 1326 accurate
1610 1279 1833 1339 expressit

310 1350 619 1396 Lachmannus
647 1366 692 1411 p.
714 1351 832 1410 339,
863 1351 945 1408 29,
972 1367 1015 1412 p.
1046 1351 1165 1409 340,
1195 1352 1237 1396 1.
1291 1350 1343 1396 Et
1368 1353 1413 1396 in
1438 1350 1593 1396 codice
1617 1350 1832 1395 Berneusi

312 1421 470 1466 eodem
506 1421 640 1466 modo
683 1421 824 1466 triens
862 1429 1122 1468 contractus
1164 1428 1234 1467 est
1268 1435 1318 1466 ex
1353 1420 1579 1480 duplicata
1613 1420 1832 1466 sextantis

314 1496 423 1536 nota
449 1504 581 1549 quam
608 1506 744 1552 supra
774 1491 970 1551 exhibui,
1001 1494 1230 1553 quincunx
1254 1491 1407 1537 eadem
1434 1490 1660 1551 duplicata
1681 1496 1726 1535 et
1746 1489 1834 1534 vir-

310 1560 418 1621 gula
449 1560 631 1620 obliqua
663 1562 810 1607 addita
838 1570 1060 1608 exaratus.
1119 1563 1164 1607 ln
1191 1561 1435 1607 Mutinensi
1462 1568 1610 1606 autem
1638 1567 1684 1606 et
1708 1560 1834 1605 Bam·

312 1631 524 1690 bergensi
561 1632 715 1677 codice
753 1632 835 1677 hae
869 1640 1002 1678 notae
1042 1633 1245 1678 turbatae
1270 1640 1402 1689 sunt,
1443 1631 1664 1691 siquidem
1693 1631 1832 1675 triens
1919 1669 1941 1680 „

312 1701 594 1761 compositus
634 1702 790 1747 estex
827 1703 1072 1762 quadrante
1109 1710 1154 1749 et
1193 1702 1406 1761 semisse,
1443 1700 1539 1749 ZsS
1570 1698 1751 1763 (Christ.
1789 1715 1832 1760 p.
1937 1709 1942 1714 ⁴

316 1771 414 1817 143
451 1786 514 1816 vs.
552 1772 662 1831 21),
702 1773 929 1832 quincunx
965 1787 1017 1819 ex
1053 1774 1299 1833 quadrante
1336 1779 1380 1817 et
1417 1778 1664 1832 septunce,
1700 1769 1822 1819 2²5²

312 1841 496 1900 (Christ.
527 1842 635 1888 ibid.
663 1858 727 1887 vs.
756 1843 865 1902 20),
908 1857 1021 1903 quae
1059 1857 1269 1904 perversa
1307 1856 1407 1888 esse
1436 1848 1636 1902 apparet.
1661 1867 1733 1876 -—-
1757 1840 1835 1886 Sc·

314 1913 472 1972 quitur
508 1913 680 1958 semis
698 1949 711 1971 ,
748 1916 875 1959 cu1us
912 1914 1140 1974 antiquam
1166 1921 1317 1959 notam
1345 1909 1378 1959 S
1403 1914 1464 1958 ita
1490 1919 1664 1957 tantum
1690 1917 1836 1956 muta·
1917 1918 1942 1969 ‘s‘

316 1984 377 2027 vit
413 1981 626 2029 librarius
662 1984 831 2030 codicis
866 1985 1130 2043 Bernensis,
1166 1991 1217 2029 ut
1251 1997 1421 2030 cornua
1461 1997 1598 2043 supra
1638 1989 1683 2027 et
1717 1981 1834 2027 infra
1917 2018 1941 2030 -

314 2052 451 2112 paulo
502 2052 681 2100 brevius
722 2055 920 2101 duceret.
996 2055 1042 2100 In
1082 2055 1321 2100 Mutinensi
1366 2053 1519 2100 codice
1554 2053 1752 2112 itemque
1789 2051 1835 2095 in

316 2123 518 2168 Gudiano
546 2123 682 2184 (apud
707 2125 972 2171 Lachmann.
1000 2140 1043 2185 p.
1075 2126 1193 2182 339,
1221 2126 1263 2171 7.
1293 2125 1340 2171 8.
1369 2123 1486 2180 340,
1512 2123 1541 2167 2
1570 2119 1645 2183 ss.)
1672 2123 1834 2167 ductus
1919 2133 1940 2184 J

316 2200 494 2238 exstant
516 2194 752 2240 admodum
780 2195 949 2240 similes
975 2203 1106 2241 notae
1128 2200 1175 2241 5.
1229 2195 1425 2254 Denique
1453 2195 1496 2238 in
1521 2192 1835 2252 Bambergensi
1916 2205 1940 2232 ..·

316 2260 350 2310 S
382 2265 443 2309 ita
481 2272 767 2310 extenuatum
805 2273 900 2323 est,
935 2273 985 2311 ut
1019 2266 1199 2311 accedat
1240 2265 1294 2310 ad
1330 2264 1519 2310 sormam
1543 2256 1572 2312 S
1601 2262 1656 2320 (v.
1685 2263 1836 2308 Christ
1934 2270 1939 2279 '

317 2349 358 2393 p.
393 2333 521 2391 143,
554 2335 616 2380 19
645 2335 766 2394 cet.).
824 2337 932 2381 Tum
960 2335 1010 2381 fit
1036 2343 1284 2396 septunx
1312 2335 1462 2380 addito
1488 2333 1652 2378 unciali
1679 2333 1832 2388 ductu,
1933 2377 1937 2387 ,

315 2409 401 2461 5²,
431 2404 507 2464 qui
535 2405 695 2451 ductus
722 2421 877 2451 rursus
903 2408 944 2451 in
973 2421 1110 2452 unum
1137 2406 1355 2451 contracti
1387 2411 1492 2450 sunt
1519 2404 1560 2448 in
1589 2402 1834 2449 codicibus.
1915 2456 1927 2463 ⁴

319 2475 421 2520 Bes
449 2478 731 2535 compositus
761 2485 831 2522 est
855 2491 914 2522 ⁴ex
943 2477 1131 2522 semisse
1160 2483 1204 2522 et
1231 2482 1451 2531 sextante,
1486 2473 1565 2531 ΞΖ,
1592 2473 1831 2519 dodrans

319 2558 370 2588 ex
418 2547 605 2591 semisse
639 2554 683 2592 et
721 2548 994 2607 quadrante,
1038 2546 1152 2604 fils,
1201 2547 1441 2591 dextans
1483 2559 1533 2590 ex
1568 2545 1755 2589 semisse
1790 2549 1835 2588 et

321 2616 511 2673 triente,
554 2615 674 2676 SZZ,
723 2618 913 2678 denique
952 2618 1135 2663 deunx
1180 2631 1230 2663 ex
1265 2618 1447 2662 semisse
1485 2621 1530 2659 et
1566 2614 1832 2674 quincunce,
1928 2663 1935 2682 ἵ

319 2682 459 2732 5173.
538 2686 652 2733 Haec
693 2689 839 2733 omnia
876 2689 984 2733 satis
1023 2688 1261 2750 perspicue
1299 2692 1476 2731 exarata
1511 2690 1616 2730 sunt
1653 2685 1698 2729 in
1730 2682 1835 2728 Ber·
1912 2693 1934 2722 γε’

1909 2736 1935 2747 .-

1895 410 1946 980 ..Eam-mfflfvffalfmugss·
1915 350 1946 390 q<
1889 227 1946 329 5qu
1937 200 1942 202 Ι
1885 157 1909 181 ,ρ
1892 131 1905 139 .,
1894 103 1897 105 ,
1886 61 1930 83 3

1899 1417 1946 1444 sb*
1916 1154 1946 1377 ΔαᾺλνμαἿῡ
1917 982 1946 1131 ιῳὶᾸ-’.ΛόκῐἸ

1912 2616 1935 2624 ⁴*

435 2807 480 2862 1)
511 2809 796 2863 Ubicumque
835 2811 957 2850 infra
996 2811 1050 2851 de
1087 2810 1160 2850 his
1200 2810 1318 2850 notis
1356 2808 1556 2849 breviter
1586 2805 1835 2846 Christium
1919 2790 1933 2804 ‘¹

322 2863 502 2914 citabo,
539 2865 653 2906 scito
686 2866 893 2919 intellegi
926 2867 1022 2907 eius
1054 2864 1422 2907 commentarium
1454 2864 1509 2903 de
1541 2862 1734 2902 Victorii
1766 2874 1837 2901 ar·
1903 2853 1933 2923 ζ

312 2923 535 2971 ⁴gumento
568 2921 826 2962 calculandi
859 2922 1259 2976 (Sitzunysberz‘chte
1291 2923 1368 2962 der
1399 2919 1661 2960 Miinrhener
1690 2919 1833 2958 Akad.
1904 2957 1922 2967 Α,

326 2976 444 3016 1863.
476 2976 511 3015 Ι.
543 2989 585 3028 p.
618 2979 697 3018 100
728 2978 821 3029 ss.).
