1946 3220
268 137 375 191 334
861 150 1182 186 FRAGMENTA
1665 134 1798 204 [106]

270 264 545 329 Ἰώςηπος·
574 259 1004 324 εςυνωνούμενος
1030 259 1089 312 δὲ
1117 260 1214 313 τοῦ
1234 259 1430 325 Τυρίου
1459 260 1794 327 νομίςματος,

270 348 301 401 ὃ
327 348 579 410 τέςςαρας
603 344 834 397 Ἀττικὰς
858 343 1096 408 δύναται,
1121 343 1374 408 τέςςαρας
1398 343 1677 410 ἀμφορεῖς,
1701 347 1799 410 τῆς

269 430 429 494 αὐτῆς
482 429 768 494 ἐπίπραςκε
826 431 974 493 τιμῆς
1033 427 1393 494 ἡμιαμφόριον
1458 430 1543 482 καὶ
1590 430 1797 494 πλῆθος

269 517 458 579 ςυνῆγε
484 513 803 579 χρημάτων.’
832 514 916 565 καὶ
947 513 1330 580 Ἀριστοφάνης
1363 512 1627 579 ἀμφορεῖς
1653 513 1799 575 λέγει

213 611 238 651 5
266 599 331 652 τὰ
355 598 541 663 μέτρα·
569 597 825 662 Εχυτρίδια
846 597 930 650 καὶ
955 597 1158 651 ςανίδια
1182 597 1567 664 κάμφορείδια.’
1595 599 1679 651 καὶ
1702 597 1796 663 ἀμ-

269 684 456 748 φορεῖς
485 682 826 748 νενηςμένοι,
863 682 1082 747 κέραμοι
1116 681 1511 747 ςεςωρευμένοι.
1565 682 1801 749 Ἀριςτο-

267 766 468 833 φάνης·
514 765 582 819 ετί
608 766 828 832 κάθηςθ’
853 766 1127 832 ἀβέλτεροι
1154 766 1388 833 πρόβατ’
1413 766 1594 820 ἄλλως
1620 766 1796 832 ἀμφο-

258 851 758 919 Αρεῖςζνενηςμένοιῇ
798 851 881 904 καὶ
916 851 1294 918 ἀμφιφορῆας,
1335 851 1420 904 καὶ
1460 850 1801 918 ἀμφορείδια,

265 935 331 988 τὰ
357 934 589 1012 κεράμια.

184 1030 237 1071 10
371 1020 703 1085 Ἀργύρειος,
741 1021 945 1086 ςτατήρ,
996 1019 1305 1085 ἀργυρίδιον
1333 1021 1392 1073 δὲ
1420 1019 1494 1073 ὡς
1527 1021 1673 1085 ἡμεῖς
1702 1019 1800 1073 Εὔ-

266 1105 421 1157 πολις
447 1104 677 1168 Δήμοις·
717 1104 843 1168 ’ἐγὼ
871 1106 931 1157 δὲ
957 1102 1265 1170 ςυμψήςαςα
1291 1104 1664 1170 τάργυρίδιον.’
1704 1105 1797 1169 ἀρ-Ι

264 1187 454 1253 γῦριον
482 1189 541 1241 δὲ
567 1189 629 1241 τὸ
655 1189 855 1243 λεπτόν
887 1189 1113 1255 νόμιςμα
1145 1190 1419 1254 καλοῦςιν,
1458 1188 1532 1242 ὡς
1569 1189 1799 1253 Ἀριςτο-

266 1271 445 1338 φάνης
472 1272 748 1327 Δαναίςιν.

374 1357 492 1410 Ὅτι
515 1357 547 1421 ἡ
576 1357 786 1423 ἄρουρα
809 1357 982 1410 πόδας
1007 1357 1116 1423 ἔχει
1142 1356 1235 1423 ρν’.

183 1451 238 1491 15
373 1441 613 1507 Ἀρτάβη,
635 1442 829 1506 μέτρον
847 1442 1087 1507 Μηδικὸν
1113 1443 1272 1505 ςίτου,
1286 1441 1516 1494 Ἀττικὸς
1536 1442 1800 1507 μέδιμνος.

374 1539 632 1603 Ἀςςάρια,
660 1539 711 1591 οἱ
737 1539 938 1605 ὀβολοί.
981 1540 1230 1605 Νούμμας
1256 1539 1287 1592 ὁ
1314 1542 1530 1605 πρῶτος
1558 1541 1799 1606 βαςιλεὺς

266 1623 393 1687 μετὰ
429 1623 706 1688 Ῥωμύλον
743 1623 1021 1688 Ῥωμαίων
1052 1624 1296 1687 γεγονὼς
1331 1622 1440 1676 ἀπὸ
1475 1623 1690 1690 ςιδήρου
1715 1625 1800 1678 καὶ

266 1707 469 1771 χαλκοῦ
519 1708 855 1772 πεποιημένα
903 1710 1122 1773 πρῶτος
1172 1707 1452 1773 έχαρίςατο
1502 1707 1799 1774 Ῥωμαίοις,

264 1795 376 1845 τῶν
405 1791 511 1856 πρὸ
540 1791 707 1845 αὐτοῦ
727 1792 951 1847 πάντων
970 1793 1057 1846 διὰ
1083 1793 1339 1847 ςκυτίνων
1364 1791 1447 1845 καὶ
1470 1792 1800 1857 όςτράκίνων

181 1884 235 1925 20
265 1876 361 1940 τὴν
387 1875 571 1942 χρείαν
595 1877 975 1942 πληρούντων·
1014 1875 1150 1942 ἅπερ
1173 1876 1451 1942 ὠνόμαςεν
1471 1876 1529 1929 ἐκ
1545 1880 1643 1930 τοῦ
1663 1877 1804 1931 ἰδίου

267 1959 537 2025 ὀνόματος
563 1961 823 2028 νουμμία,
859 1961 935 2015 ὥς
965 1978 1092 2028 φηςι
1117 1961 1458 2034 Τραγκύλιος.

372 2044 567 2110 Ἀχάνη
605 2045 800 2112 μέτρον
836 2046 941 2099 ἐςτὶ
973 2046 1259 2112 Περςικόν·
1311 2044 1488 2109 ὥςπερ
1527 2045 1560 2110 ἡ
1597 2045 1797 2112 ἀρτάβη

197 2148 203 2153 ’
266 2129 413 2194 παρὰ
435 2129 747 2192 Αἰγυπτίοις.
799 2130 991 2196 ἐχώρει
1016 2130 1075 2183 δὲ
1099 2129 1380 2195 μεδίμνους
1412 2129 1674 2182 Ἀττικοὺς
1702 2129 1798 2194 με’,

267 2212 342 2266 ὡς
367 2215 619 2293 μαρτυρεῖ
637 2214 1009 2280 Αριςτοτέλης.
1038 2213 1087 2266 οἱ
1107 2213 1166 2267 δέ
1187 2229 1348 2279 φαςιν
1370 2212 1450 2266 ὅτι
1474 2212 1613 2278 κίςτη
1641 2212 1798 2278 ἐςτίν,

183 2308 236 2349 25
269 2296 341 2351 εἰς
371 2299 438 2363 ἣν
464 2289 797 2352 κατετίθεντο
823 2300 951 2352 τοὺς
977 2298 1323 2363 ἐπιςιτιςμοὺς
1354 2314 1406 2351 οι
1435 2297 1520 2351 ἐπι
1545 2297 1639 2350 τὰς
1665 2301 1803 2351 Oenu-

268 2382 382 2447 ρίας
408 2382 762 2447 ςτελλόμενοι.
1153 2427 1156 2430 ,
1725 2401 1731 2406 ·

377 2467 514 2519 Βοῦς
541 2466 626 2520 ἐπὶ
659 2466 913 2531 γλώττης.
966 2466 1053 2520 ἐπὶ
1077 2469 1189 2520 τῶν
1220 2467 1286 2531 μὴ
1316 2466 1632 2530 δυναμένων
1662 2481 1797 2530 παρ-

271 2551 615 2613 ρηςιάζεςθαι·
646 2553 678 2616 ἢ
705 2551 791 2605 διὰ
814 2552 912 2616 τὴν
939 2550 1086 2616 ἰςχὺν
1111 2553 1209 2604 τοῦ
1236 2552 1402 2618 Ζῴου·
1428 2550 1459 2614 ἢ
1486 2549 1571 2602 διὰ
1595 2549 1658 2602 τὸ
1685 2551 1796 2602 τῶν

386 2735 425 2772 2.
465 2735 550 2784 τῆς
590 2734 736 2787 αὐτῆς
779 2748 866 2779 om.
906 2736 954 2775 in
1002 2734 1136 2775 libris
1186 2733 1355 2774 Suidae
1406 2733 1511 2774 add,
1550 2733 1736 2774 Belclcer.
1771 2744 1803 2773 e

272 2801 453 2853 Ioseph.
487 2802 542 2842 de
573 2804 617 2844 b.
641 2806 739 2848 Iud.
773 2807 815 2857 2,
838 2807 905 2854 21,
930 2807 954 2844 2
1075 2805 1142 2845 14.
1174 2798 1244 2856 pv'
1274 2816 1355 2857 pro
1387 2796 1428 2843 ν’
1459 2815 1571 2843 corr.
1602 2803 1793 2843 Iomard.

271 2872 321 2912 in
359 2871 575 2922 Descript.
615 2875 667 2913 de
707 2875 877 2927 z'Eypte
918 2875 1016 2916 e'dit.
1057 2873 1340 2916 Panckoueke
1378 2871 1469 2916 vol.
1500 2872 1587 2914 VII
1624 2886 1668 2926 p.
1699 2872 1796 2913 527.

274 2942 342 2983 18.
372 2937 633 2995 ἑχαρίςατο]
667 2942 771 2995 lege
803 2943 1018 2998 έχάραςςε
1048 2942 1163 2988 τότε
