1946 3220
2 3123 40 3220 {aa
5 3069 31 3112 ιη
4 2852 39 3059 ‹ww-*J*
6 2782 27 2838 w·
9 2735 34 2755 τ-

53 143 86 201 ’).
122 135 225 206 [82]
567 153 717 188 0Av1s
754 154 823 189 Ao
858 144 1210 191 PONDERIBUS'.
1553 138 1658 192 259

230 261 275 313 7.
314 261 375 314 ‘O
402 262 534 326 χοῦς
560 261 623 315 τὸ
646 261 922 316 ἑξάξεςτον
951 263 1144 328 μέτρον
1162 263 1225 317 τὸ
1254 264 1349 327 μὲν
1375 267 1473 318 τοῦ
1501 263 1657 319 οἴνου

121 349 328 415 ςταθμῷ
357 346 497 399 ἑςτὶν
521 346 564 400 A
586 344 635 410 ι’,
670 346 734 399 τὸ
768 347 826 401 δὲ
862 349 960 399 τοῦ
999 347 1183 401 ἐλαίου
1209 349 1250 403 A
1274 346 1335 413 θ’,
1375 349 1438 402 τὸ
1474 350 1533 403 δὲ
1558 352 1656 403 τοῦ

119 430 327 496 μέλιτος
361 430 403 484 A
428 428 500 484 ιε’.
551 430 636 483 καὶ
660 429 828 495 πάςης
857 430 983 496 ὕλης
1013 433 1238 497 ςταθμὸς
1268 431 1548 499 διάφορος.

227 514 272 566 8.
311 515 369 567 Ἡ
403 513 593 577 οὐγγία
618 516 717 567 τοῦ
753 515 1018 580 πεπέρεος
1055 517 1279 570 κόκκους
1310 517 1418 582 ἔχει
1446 518 1508 583 ω’,
1533 518 1566 583 ἡ
1597 519 1656 572 δὲ

119 599 272 664 λίτρα
302 597 403 663 ὑφ’
430 598 489 652 ἓν
513 616 568 669 Ιε.
643 606 647 618 “
1683 609 1710 649 5

118 781 200 834 82.
263 780 537 847 Excerpta
584 798 650 833 ex
692 781 983 848 Epiphanii
1026 782 1159 834 libro
1210 783 1274 834 de
1312 786 1570 835 mensuris
1610 775 1659 837 εἰ

716 866 1056 932 ponderibus,

658 964 794 1018 (Vide
825 965 939 1019 prol.
973 966 997 1016 ξ
1028 967 1117 1018 87.)

865 1049 894 1080 θΞέ

764 1085 789 1114 =i=
968 1086 993 1113 ³3:
1611 1108 1738 1144 Petav.

225 1150 269 1202 1.
308 1149 446 1202 Ἕως
501 1147 757 1211 ἐνταῦθα,
813 1148 1249 1213 φιλοκαλώτατε,
1311 1149 1653 1214 ἀρκεςθέντες
1675 1167 1739 1199 1⁷⁷

115 1235 228 1288 τοῖς
255 1232 661 1298 προειρημένοις
690 1231 850 1285 ἅπαςι
878 1233 975 1296 τὴν
1002 1235 1113 1287 τῶν
1147 1234 1487 1298 ἑρμηνευτῶν
1520 1235 1652 1289 ὑπό·
1686 1250 1740 1290 10

114 1323 254 1372 θεςιν
284 1317 648 1382 ἑδηλώςαμεν·
683 1315 788 1370 εἶθ’
814 1317 932 1381 ἑξῆς
959 1315 1033 1370 εἰς
1064 1318 1130 1370 τὰ
1161 1317 1443 1383 ἐπίλοιπα,
1478 1322 1654 1374 καθὼς

113 1402 482 1467 ὑπευχόμεθα,
528 1403 641 1454 ςαῑς
678 1400 885 1466 εὐχαῖς,
933 1400 1186 1465 ἄνθρωπε
1216 1405 1314 1455 τοῦ
1351 1407 1506 1469 θεοῦ,
1555 1405 1652 1459 τὸν

114 1489 250 1542 νοῦν
279 1486 547 1550 ἑπιδῶμεν
574 1485 694 1549 περὶ
726 1488 837 1538 τῶν
863 1484 923 1544 ἐν
949 1487 1061 1538 ταῖς
1088 1485 1249 1539 θείαις
1273 1490 1510 1553 γραφαῖς
1536 1505 1654 1542 ςτα-

99 1573 267 1637 ’θμῶν
294 1587 351 1624 τε
377 1571 461 1623 καὶ
487 1569 697 1635 μέτρων
723 1569 808 1622 καὶ
837 1569 1076 1634 ἀριθμῶν
1103 1570 1457 1636 δηλώςοντεε,
1485 1573 1652 1627 πόθεν

115 1655 339 1710 ἕκαςτον
382 1653 681 1719 ὠνόμαςται
716 1653 801 1706 καὶ
830 1653 977 1707 τίνος
1006 1654 1164 1708 ἕνεκα
1199 1654 1375 1708 οὕτως
1412 1656 1655 1722 κέκληται
1684 1668 1737 1709 15

114 1741 199 1793 καὶ
229 1739 408 1793 ’πόθεν
446 1739 546 1804 τὴν
583 1738 855 1804 πρόφαςιν
891 1740 984 1802 τῆς
1022 1737 1534 1806 ὀνομαςίαςεῖληφε
1569 1742 1656 1794 καὶ

113 1823 191 1879 τίς
229 1823 451 1877 ἑκάςτου
487 1822 702 1876 τούτων
730 1822 762 1886 ἡ
788 1821 1010 1887 ποιότης
1043 1823 1128 1876 καὶ
1153 1823 1184 1886 ἡ
1212 1823 1342 1888 ὁλκὴ
1378 1825 1463 1877 καὶ
1496 1825 1528 1888 ἡ
1562 1825 1653 1877 δύ-

114 1925 279 1975 ναμις.

133 1987 140 1993 ’
181 1988 194 1999 ’
222 1991 270 2044 2.
312 1992 529 2058 Μέτρον
556 1989 656 2044 οὗν
694 1990 799 2043 ἐςτι
824 1989 1012 2055 κόρος,
1048 1991 1214 2044 κεῖται
1240 1992 1299 2045 δὲ
1325 1991 1385 2045 ἐν
1411 1997 1488 2062 τῷ
1520 1994 1654 2046 κατὰ

116 2078 330 2131 Λουκᾶν
355 2074 687 2143 Εὐαγγελίῳ,
726 2073 852 2129 ὅθεν
881 2074 912 2126 ὁ
938 2073 1122 2140 (ωτὴρ
1156 2075 1363 2130 ἐπαινεῖ
1392 2077 1491 2131 τὸν
1517 2077 1652 2143 φρό-
1683 2089 1738 2129 20

115 2178 274 2227 νιμον
301 2160 590 2225 οἰκονόμον
616 2160 730 2213 τοῖς
758 2159 1173 2224 χρεωφειλέταις
1206 2160 1324 2214 ἀντὶ
1357 2161 1537 2226 κόρων
1563 2177 1652 2215 το-

117 2246 326 2300 ςούτων
354 2245 413 2300 ἐν
438 2246 552 2298 τοῖς
579 2246 734 2310 ςφῶν
755 2242 935 2297 αὐτῶν
955 2244 1338 2311 χειρογράφοις
1362 2245 1653 2299 τοςούτους

118 2329 629 2396 μεταγραψάμενον,
674 2327 792 2381 ἀντὶ
830 2328 890 2382 δὲ
926 2328 1201 2382 τοςούτων
1243 2330 1424 2394 βάθων
1468 2329 1652 2383 ἐλαίου

116 2416 350 2468 τοςαῦτα
372 2413 680 2477 ποιήςαντα.

234 2600 274 2641 1.
314 2596 372 2639 τὸ
411 2592 672 2647 ἑξάξεςτον]
716 2592 774 2635 τὸ
813 2592 915 2636 ἐξαξ
952 2593 1032 2647 Pb,
1084 2593 1141 2635 τὸ
1172 2593 1250 2636 ἐξα
1280 2594 1304 2644 ξ
1334 2595 1444 2648 VM,
1478 2595 1535 2638 τὸ
1567 2595 1651 2648 μὲν

118 2666 216 2712 ἐξά’
250 2668 272 2711 ξ
301 2668 343 2710 N
486 2668 528 2709 2.
559 2664 779 2714 ςταθμῶν
811 2663 1056 2716 (ςταθμῑον
1085 2661 1167 2715 Pb)
1198 2662 1323 2706 ἐςτίν
1358 2659 1479 2721 ᾏθζ
1510 2666 1569 2709 τὸ
1600 2666 1651 2709 δὲ

117 2739 207 2781 τοῦ
240 2737 347 2791 (om.
369 2734 430 2790 N)
463 2734 644 2789 μέλιτος
681 2727 798 2788 ’ἦρέ
828 2732 938 2774 libri
1053 2735 1094 2775 4.
1127 2733 1369 2788 πεπέρεως
1399 2737 1441 2779 N
1555 2736 1649 2789 ἔχει

118 2806 322 2852 κόκκους
351 2807 394 2849 N
509 2804 710 2847 κόννους
738 2803 800 2845 Pb

238 2879 303 2920 12.
342 2873 663 2929 ὑπευχόμεθα]
717 2875 843 2916 ‘fort.
893 2873 1206 2926 ὑπεςχόμεθα’
1239 2877 1320 2919 Pet
1355 2878 1404 2919 in
1441 2879 1649 2932 margine

122 2948 192 2991 22.
222 2944 499 3000 τοςούτους]
532 2943 778 2988 τοεούτων
808 2943 947 2998 vulgo
1062 2947 1131 2988 23.
1166 2944 1324 2997 βάδων
1352 2949 1477 2990 LeM

1286 3015 1395 3068 17*
