1946 3220
566 151 884 186 sempronns
910 128 1166 186 euneos·
1371 151 1374 162 ·
1563 132 1631 185 41

19 264 29 273 ⁴
105 268 225 314 niam
260 267 392 313 tertia
426 279 533 327 pars
558 265 706 326 iugeri
739 265 850 323 suit,
888 265 1022 312 binos
1048 264 1188 312 tritici
1214 265 1390 312 modios
1415 266 1460 311 in
1488 280 1538 312 se
1563 279 1636 312 re-

106 339 296 400 cepisse.
343 337 433 383 lam
458 336 546 384 hoc
571 350 712 382 unum
743 342 852 397 peto
880 342 932 382 ut
959 336 1068 382 mihi
1091 336 1392 395 concedatur,
1427 351 1529 383 cum
1555 335 1634 382 illa

19 461 23 471 ‚
105 408 298 469 agrestis
338 421 551 454 mensura
596 407 735 453 modii
774 420 938 454 nomen
989 407 1240 468 acceperit,
1279 406 1494 454 habuisse
1535 421 1635 454 eam

0 490 7 528 Ξ
37 539 41 542 Δ
103 494 235 526 suum
258 478 457 525 modium
483 478 713 536 frumenti,
743 476 828 536 vel,
853 492 909 523 ne
933 492 1017 539 per
1046 477 1256 539 ambages
1280 477 1460 539 loquar,
1489 478 1634 525 fuisse

0 540 18 571 '⁷
105 550 326 611 quendam
350 549 565 596 frumenti
597 549 798 595 modium
828 549 980 608 talem,
1013 548 1160 609 qualis
1189 548 1256 595 illi
1281 549 1455 595 satorio
1480 549 1632 595 modio

102 620 377 668 conveniret.
449 618 712 680 Colligimus
754 621 898 680 igitur
942 626 1038 665 tum
1081 621 1127 665 in
1159 619 1368 680 Aegypto
1416 620 1633 666 frumenti

104 691 327 752 quandam
374 705 631 737 mensuram
678 692 723 736 in
777 705 863 736 usu
911 690 1051 736 fuisse
1090 703 1205 751 quae
1240 690 1372 736 binos
1405 691 1632 737 Romanos

101 762 278 808 modios
314 767 554 822 aequaret:
603 774 717 822 quae
752 761 932 821 quidem
966 774 1177 806 mensura
1207 774 1315 805 num
1354 769 1548 821 cognata
1573 762 1633 806 sit

103 832 323 879 castrensi
358 832 534 889 modio,
572 833 702 879 culus
728 832 844 877 idem
871 831 958 876 suit
985 831 1172 889 modus,
1207 831 1414 891 equidem
1442 846 1499 878 ne
1526 846 1634 878 con-

99 903 271 950 iectura
299 903 478 963 quidem
507 902 752 948 diiudicare
784 898 984 961 ausim5).

207 973 406 1034 Denique
433 979 599 1031 restat,
636 980 688 1019 ut
710 973 764 1018 de
795 972 1151 1034 quadragenaria
1177 971 1314 1019 modii
1342 973 1499 1018 satorii
1527 973 1634 1018 divi·

101 1043 229 1090 sione
256 1045 471 1090 dicamus.
523 1044 661 1090 Docet
683 1042 854 1089 Plinius
881 1043 1170 1089 Alexandrini
1196 1043 1411 1089 frumenti
1433 1043 1632 1089 modium

98 1115 369 1175 pependisse
401 1115 577 1161 vicenas
618 1115 761 1160 libras
795 1129 897 1161 cum
933 1110 1202 1173 dextante⁶).
1253 1113 1347 1169 Qua
1379 1127 1431 1160 ex
1455 1115 1632 1160 ratione

101 1199 338 1232 mensurae
363 1185 500 1231 modii
527 1185 687 1232 satorii
714 1185 990 1232 conveniunt
1019 1185 1233 1231 frumenti
1260 1184 1412 1245 pondo
1431 1185 1500 1230 XL
1529 1199 1633 1231 cum

99 1255 174 1301 XX
207 1256 367 1302 unciis.
418 1256 508 1302 lam
549 1256 592 1300 iu
627 1263 844 1316 promptu
880 1262 950 1302 est
992 1256 1140 1302 dicere
1180 1256 1407 1301 Romanos
1446 1255 1632 1302 abiectis

97 1326 244 1372 unciis
284 1339 399 1387 quae
437 1326 734 1372 excurrebant
769 1327 890 1387 ipsas
925 1326 1224 1386 quadraginta
1251 1326 1390 1372 libras
1420 1326 1632 1372 tribuisse

99 1397 252 1442 modio
287 1396 530 1458 Aegyptio.
609 1397 773 1443 Verum
807 1403 850 1442 et
891 1398 1034 1442 maius
1070 1402 1140 1442 est
1174 1397 1366 1457 vinginti
1399 1398 1632 1442 unciarum

97 1467 303 1528 pondus,
344 1482 478 1527 quam
513 1473 564 1512 ut
599 1474 769 1514 temere
793 1468 839 1512 in
866 1467 1158 1528 ponderando
1187 1467 1416 1513 frumento
1450 1466 1632 1527 neglegi

98 1538 328 1599 potuerit,
370 1544 415 1584 et
444 1537 547 1583 illae
572 1533 741 1598 λίτραι
770 1552 884 1598 quae
908 1539 955 1582 in
984 1537 1136 1584 tabula
1161 1537 1413 1584 Heroniana
1438 1551 1633 1583 comme-

97 1614 336 1655 morantur
370 1623 463 1654 non
493 1615 582 1654 tam
616 1610 671 1654 ad
700 1609 880 1670 pondus
908 1623 1042 1669 quam
1067 1609 1121 1654 ad
1149 1623 1365 1669 agrorum
1391 1608 1634 1654 dimensio-

98 1692 180 1724 nes
218 1685 438 1740 spectant.
491 1680 682 1726 Omnino
718 1686 867 1725 autem
893 1686 1017 1725 certa
1047 1685 1092 1724 et
1119 1686 1271 1725 exacta
1294 1693 1506 1725 mensura
1534 1679 1633 1739 agri

99 1748 277 1795 definiri
310 1749 472 1810 nequit
506 1764 529 1796 e
561 1750 763 1811 pondere
797 1751 1013 1795 frumenti
1051 1751 1172 1810 quod
1207 1752 1253 1795 in
1290 1749 1399 1811 agro
1438 1757 1631 1796 seratur.

216 1901 262 1951 5)
292 1902 362 1941 De
397 1902 625 1941 castrensi
655 1901 806 1942 modio
839 1901 999 1942 confer
1019 1901 1354 1944 Eisenschmid.
1378 1904 1424 1941 et
1442 1901 1633 1941 Momm-

99 1969 198 2001 sen.
252 1958 419 1998 citatos
469 1958 517 1998 in
560 1957 741 1998 MetroL
774 1971 816 2011 p.
851 1959 906 1998 94
938 1957 1040 1999 adn.
1073 1958 1143 1998 25.
1202 1957 1331 1998 Addo
1362 1957 1514 1998 locum
1544 1957 1634 1998 Ab·

99 2015 215 2065 syrti
264 2014 499 2067 Hippiatr.
548 2013 630 2057 lib.
661 2014 708 2054 II
740 2027 842 2067 cap.
877 2015 981 2066 129,
1016 2027 1043 2055 a
1072 2013 1364 2067 Du-Oangio
1416 2013 1630 2054 allatum:

99 2067 228 2111 δίδου
259 2068 508 2122 ἡμιμόδιον
539 2068 799 2122 καετρίειον
839 2068 1032 2122 ἑεπέραε
1074 2069 1149 2111 καὶ
1187 2068 1434 2121 ήμιμόδιον
1465 2068 1631 2122 ἕωθεν,

98 2123 179 2167 ἵνα
200 2126 311 2167 καθ’
327 2125 506 2179 ἡμέραν
529 2125 690 2178 μόδιον
711 2124 972 2179 καετρίειον
993 2123 1128 2168 ἐεθίει
1148 2125 1206 2167 τὸ
1229 2129 1401 2179 κτῆνος
1425 2124 1632 2180 (equus).

103 2182 287 2235 Polybii
311 2187 468 2224 aetate
493 2184 551 2234 (6,
575 2186 641 2233 39,
673 2184 742 2233 13)
777 2184 920 2236 equiti
943 2184 999 2224 ad
1024 2183 1128 2236 equi
1149 2184 1320 2224 vietum
1352 2188 1634 2223 menstruum

99 2239 446 2292 praebebantur
475 2240 501 2280 8
532 2240 672 2280 modii
702 2240 847 2280 tritici
880 2243 926 2280 et
954 2242 1008 2280 42
1040 2240 1181 2280 modii
1217 2240 1400 2290 hordei,
1450 2240 1633 2280 omnino

101 2295 243 2349 igitur
282 2299 337 2338 50
374 2296 538 2348 modii,
579 2297 697 2336 unde
737 2295 850 2336 fiunt
887 2297 935 2336 in
973 2295 1178 2350 singulos
1217 2297 1316 2337 dies
1353 2296 1494 2336 modii
1527 2293 1630 2349 1²s3,

103 2352 181 2403 qui
221 2364 312 2392 non
361 2352 502 2405 plane
554 2352 740 2405 explent
776 2353 974 2392 modium
1015 2357 1298 2393 castrensem
1340 2352 1397 2392 ab
1436 2352 1632 2403 Absyrto

102 2413 519 2450 commemoratum.
578 2409 743 2451 Verum
782 2409 1044 2450 memineris
1074 2409 1121 2448 in
1152 2409 1407 2460 Polybiano
1444 2419 1633 2448 numero

101 2465 255 2504 inesse
288 2468 466 2504 sextam
497 2469 675 2517 partem
704 2466 873 2512 tritici,
909 2466 1026 2518 quod
1059 2466 1268 2518 gravius,
1299 2468 1349 2503 ut
1379 2465 1445 2503 ita
1467 2464 1629 2514 dicam,

104 2523 175 2561 est
207 2519 474 2560 alimentum
506 2520 692 2563 hordeo.
752 2521 918 2561 Facile
956 2522 1100 2574 igitur
1137 2520 1249 2560 mihi
1279 2520 1558 2572 persuadeo,
1593 2521 1634 2560 si

103 2576 222 2617 nihil
267 2576 356 2617 nisi
395 2576 632 2616 hordeum.
665 2589 779 2629 equo
818 2578 1139 2630 praeberetur,
1192 2576 1325 2616 binos
1374 2576 1548 2617 modios
1584 2576 1631 2615 in

103 2632 310 2685 singulos
343 2633 442 2674 dies
474 2636 763 2685 computatos
796 2645 920 2683 esse,
960 2633 1135 2685 hosque
1166 2632 1292 2685 ipsos
1325 2645 1426 2673 esse
1457 2632 1631 2673 modios

107 2693 384 2732 castrenses.

218 2745 262 2797 6)
295 2746 349 2786 N.
381 2745 423 2786 h.
460 2746 511 2786 18
543 2746 567 2795 ἓ
599 2746 674 2785 66:
715 2746 959 2786 levissimum
990 2744 1302 2794 (frumentum)
1335 2750 1398 2785 est
1431 2745 1631 2786 Gallicum

104 2806 231 2855 atque
264 2815 286 2843 e
319 2802 580 2843 Chersoneso
611 2803 846 2848 advectum,
881 2802 1036 2854 quippe
1066 2815 1149 2843 non
1179 2805 1393 2844 excedunt
1421 2802 1550 2842 modii
1576 2802 1633 2841 vi-

106 2870 235 2899 cenas
265 2859 415 2906 libras,
455 2860 494 2898 si
524 2859 596 2912 qui
628 2871 805 2910 ymnum
842 2859 975 2909 ipsum
1005 2859 1228 2910 ponderet.
1289 2856 1471 2898 Sardum
1502 2858 1646 2898 adicit·

104 2914 308 2964 selibras,
342 2916 683 2955 Alexandrinum
714 2920 755 2954 et
788 2915 969 2955 trientis.
1019 2914 1243 2955 Exactam
1277 2925 1379 2955 esse
1408 2913 1530 2954 hanc
1560 2925 1633 2953 ra-

103 2970 274 3011 tionem
306 2971 586 3012 demonstrat
617 2970 796 3024 Queipo
826 2971 849 3011 Ι
879 2983 922 3023 p.
956 2971 1039 3013 220
1070 2984 1106 3011 s.
