1946 3220
255 157 355 210 148
461 164 466 168 ’
515 217 517 219 ,
727 172 976 207 ADDENDA
1012 171 1081 203 AD
1106 171 1223 205 von.
1250 171 1285 202 1.

252 283 539 339 παλαιςτὰς
591 280 881 334 εἰκοςιεπτὰ
927 280 1011 331 καὶ
1059 278 1339 332 κόνδυλον,
1402 279 1654 344 παλαιςτὴ
1707 280 1766 332 δέ

253 356 388 409 ἐςτιν
418 354 447 405 ὁ
473 351 727 416 γρόνθος·
761 350 990 415 γρόνθος
1025 350 1083 402 δέ
1116 349 1220 401 ἐςτι
1244 352 1354 402 τῶν
1380 349 1645 414 τεςςάρων
1674 353 1766 402 δα-

255 425 461 478 κτύλων
496 422 926 486 ςυνεςφιγμένων
953 421 1015 472 τὸ
1049 419 1322 484 διάςτημα,
1359 419 1619 472 κόνδυλος
1648 421 1707 472 δὲ
1734 419 1766 483 ἦ

250 498 347 547 τοῦ
384 492 677 556 ἀντίχειρος
725 491 936 543 ἕκταςις.
990 491 1084 553 τὴν
1126 491 1219 554 μὲν
1257 489 1354 543 οὖν
1395 490 1650 555 ςπορίμην
1685 490 1769 541 καὶ

249 564 566 628 ὑπάμπελον
601 565 701 626 γῆν
741 562 799 614 ἐν
838 563 931 625 μὲν
964 563 1078 613 ταῖς
1115 562 1392 625 βαςιλικαῖς
1427 560 1768 626 ἀπογραφαῖς

256 634 419 701 ταύτῃ
446 638 507 701 τῇ
541 632 729 700 ὀργυιᾷ
754 631 1123 695 παραδιδόαςι,
1163 631 1243 683 διὸ
1272 631 1355 682 καὶ
1382 632 1607 695 βαςιλικὴ
1637 630 1767 695 αὕτη

248 706 506 765 καλεῖται,
532 703 563 766 ἡ
592 702 1033 766 ἑνδεκαςπίθαμος
1059 702 1283 766 δηλαδή·
1322 701 1379 754 ἐν
1409 702 1468 753 δὲ
1491 703 1606 753 ταῖς
1636 700 1768 765 πρά-

251 792 385 827 ςεςιν
429 774 669 826 ἐλάττονι
707 773 894 840 ὀργυιᾷ
938 775 1195 836 ποιοῦμεν
1240 773 1335 836 τὴν
1375 771 1767 835 καταμέτρηςιν,

252 846 327 897 ὡς
351 846 436 896 καὶ
463 845 519 897 ἐν
546 846 659 896 τοῖς
686 843 872 908 νόμοις
908 843 1222 907 διείληπται,
1257 841 1337 894 ἀεὶ
1361 844 1452 905 τῆς
1478 845 1587 894 τῶν
1615 859 1769 895 πενε-

252 915 456 980 ςτέρων
486 916 997 978 καταςτοχαζόμενοι
1023 912 1287 979 βοηθείας·
1313 915 1457 964 δοκεῖ
1479 913 1579 977 γὰρ
1606 911 1635 964 ὁ
1656 930 1769 964 πω-

251 989 383 1050 λῶν,
409 986 540 1038 καθὸ
568 987 754 1047 πωλεῖ,
781 988 877 1037 τοῦ
899 983 1260 1049 ἀγοράζοντος
1279 982 1416 1036 εἶναι
1436 983 1769 1047 πενὲςτερος,

252 1056 295 1109 εἰ
324 1057 408 1108 καὶ
436 1057 501 1119 μὴ
531 1056 611 1107 ἀεὶ
636 1058 797 1107 τοῦτο
826 1055 1102 1119 ςυμβαίνει.
1154 1053 1289 1105 ἀλλὰ
1329 1055 1391 1118 δὴ
1429 1054 1512 1120 καὶ
1538 1053 1675 1118 πρὸς
1706 1053 1769 1105 τὸ

250 1127 408 1191 μέρος
445 1129 541 1178 τοῦ
578 1125 1259 1189 δημοςίοαςυγκρινόμενοι
1302 1124 1351 1175 οἱ
1386 1123 1797 1189 ἀπογραφικῶς-

250 1196 758 1261 παραλαμβάνοντες
792 1197 857 1248 τὰ
889 1196 1043 1259 γήδια
1077 1195 1245 1263 μυρίῳ
1278 1195 1368 1247 εἰςὶ
1391 1195 1771 1258 ταπεινότεροι.

251 1267 385 1331 ὁτὲῧ)
414 1267 507 1330 μὲν
536 1266 634 1320 οὖν
655 1266 1159 1332 παραλαμβάνουςιν
1180 1265 1238 1318 ἐν
1259 1270 1319 1333 τῇ
1349 1265 1640 1333 ἀπογραφῇ
1667 1264 1771 1329 μεί-

252 1342 384 1392 ζονα
401 1337 606 1390 δικαίαν
617 1338 650 1401 ⁴)
676 1336 811 1390 εἶναι
836 1339 931 1402 τὴν
960 1336 1197 1401 ὀργυιάν,
1230 1335 1319 1388 ὁτὲ
1344 1337 1403 1388 δὲ
1427 1338 1773 1399 παραδιδοῦςι

252 1407 635 1473 πιπράςκοντες
671 1407 941 1460 ἐλάττονα.
990 1409 1086 1472 τὴν
1119 1408 1177 1459 δὲ
1215 1406 1487 1472 λιβαοαίαν
1525 1406 1608 1458 καὶ
1635 1405 1772 1470 ὀρει·

253 1480 353 1543 νὴν
397 1478 471 1530 ὡς
509 1477 671 1541 ἧττον
717 1478 1005 1543 εὔχρηςτον
1050 1478 1246 1543 μείζονι
1280 1477 1310 1540 ἢ
1348 1477 1771 1544 ἑνδεκαςπιθάμῳ

255 1548 444 1615 ὀργυιᾷ
474 1551 765 1612 μετροῦμεν
781 1550 830 1612 ⁵).

269 1625 271 1627 ’
364 1623 426 1669 69
454 1638 517 1669 vs.
545 1624 589 1669 3.
640 1623 748 1668 Vide
785 1637 835 1668 ea
875 1638 989 1683 quae
1025 1623 1076 1668 ad
1113 1638 1156 1682 p.
1185 1622 1312 1680 208,
1342 1623 1407 1669 10
1443 1637 1478 1667 s.
1514 1622 1673 1668 addidi.
1704 1649 1771 1658 ——

253 1693 361 1739 Ibid.
382 1708 443 1738 vs.
469 1694 497 1739 7
521 1694 574 1738 ab
602 1692 685 1739 ult.
711 1689 979 1752 Ἑλληνικὴ
1006 1689 1226 1752 κοτύλη,
1256 1696 1325 1738 cui
1352 1693 1467 1738 libra
1495 1708 1583 1738 una
1613 1692 1773 1738 tribui-

258 1771 352 1820 tur,
396 1763 590 1809 Christio
616 1779 662 1823 p.
690 1763 791 1810 458
830 1764 914 1810 alia
952 1778 1051 1809 esse
1085 1764 1233 1823 cotyla
1267 1778 1318 1809 ae
1352 1762 1548 1823 vulgaris
1580 1763 1771 1820 videtur,

256 1844 371 1893 quae
399 1836 529 1879 tertia
554 1841 686 1894 parte
716 1836 860 1880 maior
885 1835 1023 1879 fuerit
1050 1836 1195 1879 Attica
1225 1839 1268 1879 et
1292 1834 1488 1880 Romana
1515 1834 1678 1894 cotyla.
1709 1859 1770 1866 -

255 1904 457 2019 Ildidls'.
489 1905 517 1950 2
545 1904 599 1949 ab
627 1905 710 1950 ult.
736 1905 791 1950 de
816 1905 1113 1950 Alexandrina
1141 1904 1287 1964 cotyla
1314 1905 1431 1951 cons.
1456 1904 1492 1949 II
1511 1919 1555 1964 p.
1574 1904 1639 1949 42
1668 1918 1770 1950 cum

255 1988 277 2018 a
310 1989 354 2019 n.
416 2010 426 2019 .
481 1988 484 1990 ·

365 2045 466 2098 100
491 2060 553 2090 vs.
584 2044 648 2089 14
672 2059 755 2105 pro
785 2045 813 2103 S
842 2043 906 2091 55
940 2045 1038 2104 lege
1071 2046 1099 2103 S
1129 2044 1209 2091 52.

363 2114 462 2159 144
489 2115 587 2160 adn.
614 2115 660 2161 4.
698 2115 865 2161 Locum
903 2116 955 2161 de
992 2116 1137 2161 folle
1174 2130 1196 2161 e
1230 2115 1326 2161 cod.
1351 2115 1491 2160 Paris.
1520 2114 1654 2161 2665
1689 2129 1771 2159 nu-

261 2199 343 2245 per
369 2199 393 2229 a
424 2185 618 2236 Christio
647 2185 816 2231 editum
844 2186 1022 2231 exhibui
1054 2186 1169 2231 infra
1197 2186 1251 2231 ad
1276 2201 1320 2245 p.
1350 2185 1448 2232 267
1481 2201 1543 2230 vs.
1572 2184 1617 2229 4.

366 2255 463 2301 145
491 2256 589 2300 adn.
615 2271 678 2302 vs.
707 2255 738 2300 4
766 2255 867 2316 lege
894 2251 1147 2316 ἑξήκοντα
1180 2250 1450 2315 ἀςςάρια
1484 2255 1583 2317 (pro
1611 2248 1768 2314 δηνά-

258 2322 357 2387 ρια)
387 2320 635 2386 ὑπῆρχεν.

365 2396 463 2442 182
485 2411 548 2441 vs.
564 2395 593 2442 5
621 2390 783 2444 ἄκενα
807 2397 1041 2442 delendum
1065 2391 1340 2458 essescenset
1360 2396 1577 2442 Christius
1598 2395 1771 2456 p.451.

257 2490 325 2499 --
344 2466 450 2511 lbid.
479 2481 540 2511 vs.
562 2467 624 2513 13
653 2467 784 2512 verba
811 2463 894 2514 καὶ
921 2462 1275 2526 Φιλεταίρειος
1302 2462 1589 2527 λεγόμενος
1615 2480 1772 2526 suspe-

261 2542 329 2580 cta
362 2537 569 2582 videntur
594 2538 753 2583 eidem.

372 2742 414 2792 3)
447 2741 527 2783 ὅτε
560 2745 673 2796 eod„
703 2745 812 2786 item
842 2757 943 2785 mox
974 2743 1054 2786 ὅτε
1086 2743 1148 2787 δέ.

371 2797 415 2848 4)
449 2796 623 2840 δίκαιον
656 2800 752 2840 cod.

372 2853 418 2906 5)
448 2855 558 2894 Post
590 2857 848 2906 μετροῦμεν
878 2857 1208 2897 interciderunt
1237 2854 1450 2896 nonnulla
1482 2855 1530 2894 in
1564 2854 1771 2895 Gudiano

264 2908 437 2950 codice.
497 2911 802 2952 Friedleinius
843 2926 897 2952 ex
933 2913 1200 2953 Monacensi
1246 2912 1392 2953 addit:
1442 2910 1516 2952 καὶ
1566 2910 1772 2952 καλεῖται

262 2963 380 3016 αὕτη
413 2967 510 3006 τῶν
541 2963 792 3015 ὑποβόλων
823 2967 850 3018 ἡ
886 2967 1060 3020 ὀργυιά.

1936 1932 1942 1950 ἲ

1934 1960 1943 1972 τ,

1919 2126 1922 2128 .
1938 2122 1942 2129 ρ

1936 2134 1943 2147 Ι

1923 2178 1943 2196 ’ἑ

1939 2208 1943 2219 ι’

1926 2228 1943 2256 -J

1923 2279 1943 2298 ἢ

1924 2297 1939 2330 [z.

1920 2336 1941 2353 z*

1922 2354 1942 2370 1:

1928 2369 1942 2383 ος

1923 2396 1940 2429 ’,ἑ

1923 2443 1941 2453 ιι

1936 2468 1941 2486 ,”

1901 2482 1941 2512 σέ,

1906 2539 1907 2542 ’
1923 2528 1939 2558 ⁴4

1920 2579 1940 2619 ’ἑ

1914 2622 1939 2635 s·-

1905 2634 1939 2712 ἐ

1907 2715 1939 2735 ⁴⁶2!

1917 2733 1928 2746 *x

1923 2757 1926 2764 ·

1912 2798 1929 2820 'A
