1946 3220
8 1421 22 1483 ζ,

5 1486 20 1619 Ξ

6 1623 19 1644 3

2 1745 14 1800 ξ

0 2636 4 2646 ’
0 2346 20 2602 ΤἺΨντ-ψν-ῥντνκ
0 2116 13 2330 “’·-·“πν“*ᾞ“«
0 2072 12 2085 ,Ρ
4 2052 6 2054 <
0 2030 2 2034 ’
1 1959 13 1985 ιι
2 1918 6 1939 -·
2 1875 14 1901 ἀ

20 162 21 168 ’
78 128 242 217 [³{[106]
603 163 634 195 Ε
677 163 831 199 smnA
869 163 1157 199 ExcERPTA.
1531 145 1634 199 341

215 269 480 337 Ὀργυιαί,
516 271 583 325 τὰ
617 272 747 337 μετὰ
780 274 890 327 τῶν
919 271 1069 328 ἰδίων
1101 275 1298 339 χειρῶν
1330 272 1504 339 μέτρα.
1551 272 1638 326 καὶ

58 342 62 363 ³
110 355 410 424 ὀργυιαῖος,
438 356 469 409 6
499 356 677 421 μέγας.

209 440 539 504 ’Παλαιςτάς,
566 442 820 506 ςπιθαμάς
847 443 901 511 [ἢ
927 443 987 498 ἑν
1013 442 1195 513 πάλῃ]

213 525 595 591 Παραςάγγης,
623 524 767 580 εἶδος
789 527 983 592 μέτρου
1001 528 1280 592 Περςικοῦ,
1307 526 1339 579 ὅ
1361 527 1465 580 ἐςτι
1490 525 1632 591 τριά-

105 626 272 664 κοντα
302 609 498 664 ςτάδια.
537 610 836 678 Ξενοφῶν·
877 612 929 666 ‘6
955 613 1014 666 δὲ
1043 613 1231 678 Κῦρος,
1257 612 1480 676 ὁπόςον,
1505 611 1629 677 ἔφη,
1660 626 1690 669 5

34 708 44 758 ῐζ
105 693 290 749 ἅπεςτι
344 694 407 748 τὸ
452 695 766 762 ςτράτευμα;
821 697 871 750 οἱ
912 698 971 753 δὲ
1019 697 1095 750 ὡς
1143 697 1243 750 δύο
1287 695 1631 761 παραςάγγας

103 778 297 835 εἶπον]

209 878 472 948 Πέλανοι]
500 899 524 932 ιι
545 879 755 943 λέγεται
780 880 839 934 δὲ
865 880 1099 935 πέλανος
1125 920 1137 933 .
1159 922 1168 933 ,
1191 921 1201 932 .
1226 880 1310 933 καὶ
1339 879 1370 933 ὁ
1396 883 1472 949 τῷ
1501 878 1630 943 μάν-

102 979 178 1017 τει
204 962 484 1028 διδόμενος
511 966 690 1030 μιςθός
717 963 928 1031 ὀβολός.

208 1062 471 1128 Πέλεθρα,
499 1063 715 1130 πλέθρα.
743 1063 849 1117 ἔςτι
873 1065 932 1118 δὲ
956 1064 1152 1130 μέτρον
1172 1066 1270 1128 γῆς
1288 1063 1351 1117 τὸ
1376 1064 1629 1128 πλέθρον,
1662 1076 1716 1118 10

100 1145 314 1200 ςταδίου
342 1147 512 1203 ἕκτον.

207 1245 574 1312 Πεντώβολον
612 1247 927 1312 ἡλιάςαςθαι.
976 1247 1259 1312 νικήςαντα
1292 1245 1629 1300 τοὺςΠελο-

98 1320 423 1394 ποννηςίους
476 1331 677 1385 δικάςαι
730 1333 910 1397 μέχρις
963 1331 1238 1397 Ἀρκαδίας
1287 1330 1631 1397 λαμβάνοντα

96 1414 281 1480 μιςθὸν
308 1416 677 1481 πεντώβολον,
705 1415 829 1469 ἀλλ’
856 1416 921 1469 οὐ
945 1416 1261 1482 τριώβολον.
1299 1415 1384 1468 καὶ
1409 1414 1626 1480 πεμπώ-

97 1498 265 1563 βολον
298 1498 514 1563 ὁμοίως.
1660 1513 1713 1554 15

202 1596 417 1662 Πῆχυς,
444 1599 684 1664 πήχεως,
714 1600 776 1652 τὸ
804 1599 913 1652 ἀπὸ
938 1602 1037 1652 τοῦ
1065 1598 1311 1661 ἀγκῶνος
1337 1598 1486 1664 μέχρι
1517 1599 1627 1650 τῶν

93 1682 374 1735 δακτύλων
410 1684 503 1747 τῆς
543 1684 722 1748 χειρὸς
761 1683 970 1748 ἕκταμα.
1011 1714 1072 1723 -
1106 1683 1225 1736 Ὅτι
1256 1682 1287 1736 ὁ
1314 1685 1485 1750 πῆχυς
1521 1681 1628 1746 ἔχει

93 1765 268 1818 πόδας
296 1764 396 1830 α’β,
422 1766 453 1819 6
479 1768 538 1821 δὲ
564 1769 702 1822 ποὺς
731 1768 839 1833 ἔχει
863 1767 1157 1820 δακτύλους
1183 1765 1262 1827 ις’.

200 1864 443 1930 Πλέθρα,
473 1865 634 1930 μέτρα
656 1868 781 1931 γῆς,
806 1866 976 1931 ἤγουν
1009 1865 1249 1931 ἄρουραι.
1297 1865 1329 1929 ἢ
1356 1863 1484 1918 τοὺς
1517 1862 1627 1918 διύ·

93 1963 259 2013 γρους
282 1949 486 2002 τόπους
520 1951 605 2003 καὶ
648 1951 986 2016 βοτανώδεις.
1032 1949 1139 2015 ἔχει
1177 1950 1237 2003 δὲ
1281 1949 1344 2002 τὸ
1387 1947 1624 2012 πλέθρον
1655 1962 1713 2003 20

93 2032 280 2099 πήχεις
310 2033 385 2092 ξς’
410 2034 666 2100 δίμοιρον.

200 2132 468 2197 Πλέθρον,
500 2133 564 2187 τὸ
593 2136 690 2187 τοῦ
718 2133 931 2187 ςταδίου
959 2133 1113 2187 ἕκτον
1142 2132 1327 2198 μέρος,
1360 2131 1497 2196 ὅπερ
1523 2130 1626 2184 ἐςτὶ

92 2218 284 2282 πηχῶν
318 2220 382 2276 ξς
415 2212 511 2271 μί’.
563 2217 697 2272 ὅλον
732 2218 836 2283 γὰρ
873 2217 1083 2272 ςτάδιόν
1120 2217 1224 2271 ἐςτι
1258 2215 1625 2281 τετρακοςίων.

91 2298 126 2365 ἢ
154 2300 495 2368 πανταχόθεν
532 2301 661 2369 ἔχον
694 2303 866 2356 πόδας
901 2309 948 2355 ᾶ.
995 2303 1028 2367 ἢ
1055 2302 1139 2354 καὶ
1159 2301 1480 2365 Ἱπλεθριαῖον
1515 2297 1625 2350 διά-

92 2397 270 2450 ςτημα.
301 2415 362 2425 -
390 2385 511 2441 Ὅτι
542 2388 605 2441 τὸ
631 2387 867 2453 πλέθρον
904 2387 1014 2451 ἔχει
1044 2386 1217 2439 πόδας
1244 2384 1301 2449 ρ’.
1350 2383 1623 2447 Ξενοφῶν
1652 2395 1710 2438 25

205 2613 248 2654 3.
276 2610 558 2655 Παλαιςτάς.
597 2610 824 2664 ςπιθαμάς
861 2612 1004 2653 habet
1033 2611 1071 2651 A
1108 2611 1157 2650 in
1194 2610 1403 2663 margine
1441 2607 1623 2650 omissis

90 2677 120 2732 ἢ
151 2678 204 2723 ἐν
234 2680 385 2737 πάλῃ,
416 2695 499 2737 pro
531 2683 694 2737 quibus
717 2681 855 2724 Bekk.
887 2680 916 2733 ἢ
938 2679 1140 2732 ἔμπαλιν
1162 2679 1266 2722 coll.
1288 2678 1456 2721 Photio
1552 2677 1620 2721 18.

91 2744 190 2804 α’β]
224 2751 270 2793 ιῖι
299 2752 359 2805 A,
394 2754 455 2796 (HJ
483 2753 537 2806 B,
575 2751 657 2794 ἕνα
687 2751 762 2793 καὶ
792 2751 928 2803 ἥμιςυ
958 2750 1122 2791 Ber-nh.
1146 2749 1285 2792 Bekk.
1401 2746 1496 2800 ἔχει
1523 2746 1620 2799 AB,

89 2819 230 2874 vulgo
261 2834 345 2864 om.
463 2825 532 2867 21.
563 2817 629 2867 ξς’
659 2834 772 2865 corr.
795 2822 921 2863 Kust.
953 2833 1036 2874 pro
1068 2814 1135 2873 ξη’
1251 2823 1319 2862 23.
1351 2812 1502 2865 ξςύΥ”
1524 2830 1623 2859 eor-

0 2882 4 2936 ἷ
90 2890 187 2932 rexi
215 2903 298 2945 pro
328 2891 457 2947 vulg.·
485 2886 568 2946 ξη’,
601 2886 667 2937 ξς’
696 2889 904 2944 διμοίρου
933 2891 1184 2933 Perizonius
1297 2891 1366 2932 24.
1400 2891 1441 2932 ἂ.
1471 2888 1501 2941 ἢ
1535 2901 1624 2941 ego

46 3004 55 3010 ἢ
89 2970 173 3012 pro
201 2960 326 3016 vulg.
357 2956 431 3016 λη’
462 2961 522 3015 (v.
555 2961 671 3015 prol.
703 2962 728 3012 ἓ
761 2962 842 3003 106
874 2959 1005 3013 extr.)
