1946 3220
609 825 1171 918 PRAEFATIO.

71 1090 109 1101 ,7
230 1051 478 1114 Postquam
514 1052 567 1098 ad
603 1053 731 1113 prius
769 1054 979 1099 volumen
1017 1055 1346 1115 praefationem
1384 1058 1575 1117 scripsi,
1610 1059 1653 1104 in

72 1122 103 1185 ζ
125 1137 215 1184 qua
242 1124 294 1170 ea
321 1136 506 1184 quoque
531 1122 730 1169 subsidia
758 1127 1017 1170 enumeravi
1048 1139 1163 1186 quae
1192 1127 1279 1171 iam
1309 1126 1363 1172 ad
1397 1128 1511 1173 hanc
1545 1127 1656 1173 alte-

74 1187 103 1258 j
122 1206 218 1240 ram
265 1199 440 1254 partem
491 1193 707 1239 edendam
752 1194 1051 1254 collegeram,
1099 1196 1201 1242 auxi
1245 1210 1345 1242 eum
1389 1204 1652 1258 apparatum

75 1259 99 1293 ³—
123 1263 503 1324 Guell‘erbytanae
539 1263 843 1311 bibliothecae
880 1265 1022 1325 copiis
1057 1280 1168 1326 quas
1194 1273 1366 1312 aestate
1403 1268 1653 1328 superioris

122 1335 226 1380 anni
253 1334 354 1379 adii.
413 1333 650 1379 Praeterea
679 1332 1013 1382 GUILIELMUS
1042 1334 1269 1394 Cnms‘r,
1302 1338 1370 1382 vir
1396 1338 1651 1383 studiorum

83 1404 421 1467 &similitudine
476 1404 587 1449 mihi
637 1404 1061 1463 coniunctissimus,
1120 1407 1265 1452 tribus
1316 1409 1652 1454 commentariis

0 1468 1 1512 ἶ
64 1468 239 1535 ssj³²quos
275 1474 393 1519 infra
428 1488 511 1519 suo
542 1487 765 1534 quemque
789 1474 891 1521 loeo
918 1475 1111 1522 laudabo
1146 1476 1289 1522 multa
1314 1483 1358 1521 et
1386 1478 1570 1538 egregia
1598 1478 1651 1522 ad

0 1570 1 1583 κ
71 1547 98 1570 ³
116 1543 364 1591 nonnullas
398 1558 471 1590 res
508 1543 790 1590 difficiliores
828 1544 1120 1593 illustrandas
1155 1546 1365 1592 contulit.
1430 1546 1518 1593 Sed
1562 1547 1647 1593 iam

123 1614 304 1675 singula
332 1627 538 1675 quaeque
566 1628 832 1675 persequar.

66 1737 71 1742 ,
123 1738 125 1740 ,
227 1685 344 1732 108.
364 1684 482 1731 109.
522 1684 734 1731 Varronis
754 1685 975 1732 librorum
997 1686 1050 1731 de
1074 1686 1229 1746 lingua
1250 1686 1407 1733 Latina
1433 1687 1650 1747 reliquias

14 1748 16 1752 ’
67 1763 75 1773 '
99 1767 235 1816 quae
261 1768 381 1800 nunc
415 1760 593 1800 exstant
629 1768 785 1801 omnes
821 1763 1000 1802 constat
1028 1756 1208 1802 fluxisse
1237 1771 1261 1802 e
1286 1749 1441 1802 codice
1466 1756 1651 1803 Floren-

0 1837 1 1854 ¹
117 1826 215 1871 tino
250 1824 330 1870 illo
360 1824 527 1871 saeculi
552 1825 607 1870 XI
637 1822 734 1887 (F),
771 1839 903 1886 quem
944 1826 1052 1871 olim
1088 1826 1282 1872 contulit
1306 1826 1470 1872 Petrus
1499 1825 1649 1872 Victo·

47 1903 97 1955 ῥ’
115 1897 223 1942 rius.
283 1894 485 1942 Eundem
523 1908 624 1941 cum
668 1909 813 1955 nuper
847 1896 1166 1956 descripsisset
1209 1896 1259 1942 H.
1295 1895 1467 1942 Keilius
1514 1896 1648 1955 idque

68 1964 94 2030 J
115 1966 430 2027 apographum
460 1967 766 2012 concessisset
791 1965 839 2013 L.
862 1966 1133 2027 Spengelio,
1162 1966 1282 2012 hunc
1306 1966 1517 2026 precibus
1543 1966 1646 2022 adii,

73 2051 97 2086 τ
115 2041 168 2085 ut
192 2035 248 2082 ad
274 2049 355 2082 eos
383 2036 513 2082 locos
544 2049 659 2096 quos
686 2037 730 2081 in
764 2036 886 2083 hunc
910 2036 1076 2082 librum
1103 2044 1371 2097 recepturus
1398 2050 1545 2082 essem
1575 2050 1648 2080 va-

75 2105 228 2152 *riam
252 2105 506 2152 Florentini
532 2106 805 2166 scripturam
837 2121 890 2152 ex
925 2106 1003 2152 illo
1031 2108 1294 2167 apographo
1322 2108 1430 2152 mibi
1461 2106 1647 2152 adnota-

46 2180 200 2222 ''-1·et.
264 2176 517 2237 Respondit
558 2177 733 2236 petenti
783 2177 850 2221 vir
895 2178 1109 2236 egregius
1158 2177 1451 2238 paratiss1mo
1496 2176 1645 2222 animo

113 2247 331 2307 misitque
366 2247 473 2292 mihi
510 2247 564 2292 ad
599 2245 751 2293 locum
778 2247 832 2292 de
860 2246 1117 2307 agrestibus
1143 2247 1367 2293 mensuris
1394 2246 1463 2304 (V,
1492 2246 1557 2292 34
1589 2261 1645 2302 s.,

116 2315 248 2366 nobis
285 2317 345 2363 fr.
376 2313 492 2379 109)
541 2319 685 2378 ipsius
722 2316 975 2364 Florentini
1020 2318 1315 2378 scripturam3
1357 2317 1410 2361 ad
1454 2315 1645 2360 alterum

67 2380 97 2429 ⁵
113 2392 263 2433 autem
290 2387 442 2433 locum
474 2383 541 2448 (V,
572 2388 671 2434 169
697 2402 776 2446 ss.,
806 2388 861 2434 fr.
890 2386 1025 2446 108),
1053 2389 1129 2447 qui
1155 2389 1199 2432 in
1227 2386 1493 2432 Florentino
1523 2398 1645 2430 nunc

74 2456 395 2514 §desideratur
427 2456 658 2504 nonnullis
694 2456 816 2503 soliis
852 2457 1062 2503 abscissis
1090 2464 1387 2517 posteaquam
1415 2454 1644 2501 Victorius

71 2522 168 2584 [fiseo
193 2541 308 2574 usus
335 2534 431 2583 est,
470 2528 703 2573 adnotavit
732 2529 991 2573 varietatem
1018 2527 1133 2572 alius
1163 2526 1394 2571 cuiusdam
1423 2524 1592 2571 codicis
1620 2539 1642 2570 a

69 2643 90 2662 ·.
110 2594 258 2651 Keilio
288 2598 462 2656 collati,
488 2599 567 2658 qui
594 2598 930 2646 accuratissime
957 2611 1009 2642 ex
1037 2598 1136 2656 ipso
1164 2597 1352 2655 antiquo
1379 2595 1643 2640 Florentino

27 2671 32 2675 '
87 2664 369 2730 ‘descriptus
406 2674 476 2714 est
503 2664 597 2729 (N).
662 2669 812 2727 Atque
846 2668 955 2713 haec
984 2666 1162 2726 quidem
1189 2680 1271 2726 per
1297 2665 1475 2711 litteras
1500 2664 1644 2724 Spen-

76 2736 260 2800 ..gelius
303 2752 480 2785 mecum
523 2739 894 2790 com1nunicavit;
950 2742 1186 2797 praeterea
1233 2735 1458 2781 rationem
1504 2734 1641 2780 habui

70 2800 76 2803 ’
98 2807 210 2857 eius
234 2809 548 2855 commentarii
577 2821 710 2869 quem
738 2807 852 2852 idem
880 2807 934 2851 de
960 2805 1089 2851 libris
1112 2806 1325 2851 Varronis
1353 2804 1642 2851 emendandis

59 2870 96 2910 rs
81 2870 322 2940 „scripsiu
379 2878 530 2925 Ueber
557 2879 638 2924 die
664 2876 823 2923 Krita'lc
851 2878 939 2922 der
976 2876 1336 2922 Varrom‘scken
1362 2874 1556 2921 Bt’c'cher
1583 2875 1642 2919 dc

71 2945 278 3007 *hayna
303 2948 496 2995 Latina.
552 2947 869 2994 Abkandl.d.
894 2947 1065 3006 Bayer.
1096 2946 1255 2992 Alma.
1289 2946 1403 2993 161.
1442 2944 1528 2991 V11
1551 2943 1639 2988 Bd.

1318 3028 1382 3075 a*
