1946 3220
306 161 410 213 272
697 173 1021 210 FRAGMENTA
1057 174 1127 206 m:
1164 171 1427 207 MENsums
1727 155 1829 226 [84]

305 286 394 340 διὰ
418 285 480 338 τὸ
511 283 782 348 τέμνεςθαι
814 280 885 334 εἰς
916 280 1069 344 μικρὰ
1101 279 1164 332 τὸ
1192 279 1380 344 μόδιον
1415 278 1588 332 οὕτως
1620 279 1831 345 ῶνομά-

307 374 413 434 ςθη.
469 368 613 431 παρὰ
641 366 701 418 δέ
732 365 971 429 Ἕλληςιν
997 364 1184 429 ἐλέχθη
1211 363 1373 428 κάβος
1400 363 1486 416 διὰ
1513 364 1610 429 τὴν
1637 362 1829 427 τρανό-

306 468 446 517 τητα.

410 561 458 613 9.
497 562 674 614 Χοῖνιξ
701 559 785 612 καὶ
808 559 934 626 ὑφεὶ
957 560 1016 612 ἓν
1045 559 1141 624 μέν
1176 558 1280 613 ἐςτι
1306 559 1527 625 μέτρον,
1563 559 1741 612 διττὸν
1773 560 1834 612 δὲ

246 648 277 688 5
307 645 482 710 ὄνομα
505 646 777 710 κέκληται,
809 645 867 698 ἐν
893 644 987 709 μὲν
1011 648 1072 711 τῇ
1099 643 1324 709 Ἑβραίδι
1349 644 1661 708 ἀρςενικῶς,
1689 643 1747 697 ἐν
1774 643 1834 696 δὲ
1899 653 1923 686 ·’-

308 733 370 799 τῇ
404 729 663 794 Ἑλληνίδι
687 730 941 794 θηλυκῶς.
999 728 1106 781 ἔςτι
1131 731 1161 781 δ
1191 726 1258 792 η”
1283 731 1380 780 τοῦ
1409 728 1556 792 παρὰ
1585 726 1834 794 Κυπρίοις

303 813 526 878 μοδίου,
571 813 633 866 ὅς
680 813 784 866 ἐςτι
826 813 1009 877 μόδιος
1050 813 1185 877 παρ’
1213 811 1393 865 αὐτῶν
1433 814 1629 866 ξεςτῶν
1662 808 1721 865 ιζ’
1751 810 1835 862 καὶ

307 897 614 962 ἐποτηρίου.
667 897 729 950 τὸ
755 898 814 950 δέ
841 897 966 963 ὑφεὶ
998 896 1053 951 ἐξ
1081 895 1242 959 αὐτῆς
1267 899 1361 960 τῆς
1390 896 1662 961 Ἑβραίδος
1688 895 1835 957 λέγε-

307 998 392 1034 ται
416 981 568 1048 ὀφεί,
595 981 626 1033 ὅ
654 981 758 1034 ἐςτι
782 984 892 1035 τῶν
916 980 960 1047 β’
981 983 1193 1045 δρακῶν
1218 983 1311 1044 τῆς
1338 979 1515 1046 χειρὸς
1537 979 1600 1032 τὸ
1625 979 1836 1044 μέτρον.
1912 1036 1914 1038 ,

226 1094 279 1134 10
384 1093 462 1146 10.
501 1093 653 1158 Δρὰξ
677 1093 740 1146 τὸ
761 1094 1106 1158 χειρόπληθες
1129 1095 1221 1157 τῆς
1247 1094 1364 1157 μιᾶς
1389 1092 1581 1157 χειρός.

383 1206 462 1257 11.
501 1206 720 1271 Ἀρτάβη
747 1205 883 1271 παρ’
906 1204 1161 1271 Ἑβραίοις
1185 1208 1382 1259 Ξεςτῶν
1411 1202 1504 1269 οβ’.
1554 1202 1754 1267 ὁμοίως
1778 1203 1838 1256 δὲ

308 1289 392 1341 καὶ
433 1289 464 1342 ὁ
500 1290 754 1355 μετρητὴς
792 1284 872 1355 οβ’
908 1290 1012 1342 ἐςτὶ
1052 1293 1273 1343 Ξεςτῶν·
1330 1289 1414 1342 καὶ
1451 1288 1513 1341 τὸ
1547 1288 1743 1353 μέτρον
1774 1288 1836 1340 τὸ
1917 1322 1924 1326 -

310 1371 481 1437 ἅγιον,
510 1373 541 1426 ὅ
563 1391 622 1427 τε
645 1373 810 1439 ὑγρὸς
834 1375 1089 1439 μετρητὴς
1121 1375 1204 1426 καὶ
1230 1374 1261 1438 ἡ
1294 1372 1494 1438 ἀρτάβη
1521 1374 1618 1424 τοῦ
1645 1371 1834 1436 γεννή-

311 1472 496 1520 ματος·
540 1457 738 1523 ἀρτάβη
775 1459 834 1511 δέ
869 1458 1057 1523 ἐκλήθη
1094 1457 1203 1511 ἀπὸ
1238 1461 1335 1510 τοῦ
1372 1457 1508 1521 παρ’
1540 1455 1838 1518 Αἰγυπτίοις

229 1546 282 1585 15
313 1539 503 1606 ὀρτόβ,
540 1540 570 1592 ὅ
597 1541 700 1594 ἐςτι
729 1544 905 1594 καλῶς
932 1542 1284 1606 ςυγκείμενον.

387 1666 465 1719 12.
505 1667 690 1732 Μέτρα
711 1667 760 1730 γ’
784 1669 846 1720 τὸ
874 1669 1056 1733 μικρὸν
1091 1668 1288 1733 γομόρ,
1329 1667 1360 1719 ὅ
1398 1667 1503 1719 ἐςτι
1537 1669 1731 1720 Ξεςτῶν
1765 1662 1838 1724 ς’·

313 1750 445 1804 ὥςτε
473 1750 609 1804 εἶναι
636 1752 699 1804 τὸ
726 1751 771 1804 ι”
794 1756 888 1816 τῆς
915 1751 1160 1818 ἀρτάβης.

385 1877 465 1930 13.
498 1877 628 1943 Τρία
651 1878 816 1944 μέτρα
841 1879 1173 1944 ςεμιδάλεως.
1224 1880 1390 1930 ταῦτα
1425 1877 1491 1930 τὰ
1526 1877 1643 1942 τρία
1676 1877 1841 1942 μέτρα

315 1961 533 2015 ἕκαςτον
558 1962 730 2027 γομὸρ
758 1963 962 2028 ἐχώρει.
1014 1963 1076 2016 τὸ
1113 1964 1172 2016 δέ
1196 1962 1369 2027 γομόρ
1395 1962 1618 2015 δέκατον
1644 1961 1710 2026 ἦν
1739 1964 1838 2014 τοῦ

229 2054 283 2096 20
312 2045 544 2110 μεγάλου
569 2046 791 2112 μέτρου,
825 2047 1059 2100 τουτέςτι
1097 2051 1190 2111 τῆς
1218 2046 1472 2111 ἀρτάβης·
1511 2046 1542 2098 ὃ
1571 2045 1771 2108 γίνεται
1795 2044 1841 2100 ζ’

313 2129 481 2183 Ξέςται
506 2130 589 2181 καὶ
615 2129 695 2182 ε”·
735 2131 867 2185 ὥςτε
897 2129 1033 2184 εἶναι
1062 2132 1124 2183 τὸ
1151 2131 1281 2183 αὐτὸ
1308 2130 1502 2195 μέτρον
1528 2133 1625 2183 τοῦ
1650 2130 1838 2195 γομόρ.
1920 2151 1934 2175 ,·

311 2213 429 2278 τρία
455 2214 618 2279 μέτρα
645 2215 804 2268 πάλιν
831 2215 1097 2279 ὑπῆρχεν,
1137 2214 1171 2267 ἃ
1208 2214 1454 2277 ἐγίνοντο
1496 2214 1604 2267 ἀπὸ
1640 2216 1836 2268 Ξεςτῶν

314 2296 381 2363 β’·
422 2297 507 2350 καὶ
546 2298 786 2360 γίνονται
821 2298 893 2352 ιε’.
943 2299 1026 2351 καὶ
1056 2299 1117 2352 τὸ
1145 2300 1239 2363 μὲν
1274 2298 1467 2364 μέτρον
1497 2301 1692 2352 τοῦτον
1728 2298 1838 2363 ἔχει

311 2381 406 2435 τὸν
432 2381 654 2446 τρόπον.

429 2608 466 2647 1.
497 2605 673 2660 οὕτως]
707 2606 763 2650 οὗ
794 2607 853 2650 Ρῑ
969 2611 1009 2653 2.
1042 2607 1185 2660 κάμος
1215 2607 1266 2649 Ρ1
1435 2611 1475 2650 4.
1508 2607 1602 2662 καὶ]
1645 2607 1702 2651 κὰ
1732 2608 1840 2650 libri

315 2670 483 2726 ὑφεῑον
504 2674 553 2715 Ρι
639 2675 774 2719 δίττα
793 2677 843 2720 Pi
938 2682 977 2720 5.
1011 2677 1082 2732 ἐν]
1114 2676 1166 2721 ἓν
1188 2678 1236 2719 Ρι
1267 2681 1457 2732 utroque
1488 2678 1592 2720 loco
1689 2681 1730 2720 6.
1755 2676 1839 2719 Κυ-
1916 2646 1946 2699 ’Ᾰ

317 2740 471 2793 πρίων
502 2743 656 2794 μόδιος
687 2745 738 2787 Pl
834 2751 872 2789 7.
905 2748 1048 2790 ξεςτῶ
1080 2749 1148 2790 sic
1179 2749 1349 2790 desinit
1372 2745 1423 2788 Ρι
1510 2749 1549 2790 8.
1584 2745 1834 2801 ποτηρίου]

315 2811 420 2865 lege
451 2812 767 2867 ποςτημορίου
799 2818 906 2859 coll.
938 2819 990 2860 fr.
1021 2820 1165 2872 82,12
1281 2819 1321 2858 9.
1353 2814 1470 2869 ὀφέν
1500 2815 1551 2859 Ρἰ
1638 2812 1695 2871 β’]
1727 2819 1756 2858 κ
1786 2816 1838 2860 Pi
1918 2856 1923 2879 3

318 2882 383 2922 10.
417 2884 715 2936 χειροπληθές
745 2884 795 2926 Pi
912 2890 977 2931 12.
1000 2887 1234 2942 μετρήτης
1254 2886 1303 2930 Pi
1327 2887 1455 2940 (item
1479 2886 1548 2939 13)
1667 2889 1733 2930 13.
1763 2899 1838 2939 γε·

318 2949 525 3003 νήματος
556 2950 605 2994 Pi
721 2956 787 2996 23.
825 2954 1052 3011 γίνονται]
1085 2970 1144 3012 γγ
1174 2956 1225 3000 Pi
