1946 3220
321 145 425 199 174
833 159 1234 195 PROLEGOMENA
1270 160 1328 195 m
1862 132 1866 133 ⁷
1886 130 1929 187 {i

320 277 434 322 duae
459 266 697 330 lineolae''‚
726 287 837 334 quas
868 286 953 332 ego
981 273 1142 332 omisi,
1170 275 1383 334 quoniam
1411 280 1584 320 certum
1609 281 1679 321 est
1701 280 1734 323 5
1761 290 1844 337 per
1903 266 1935 315 »ἷέ

320 360 368 392 se
394 344 645 406 significare
674 343 899 389 dimidiam
931 349 1122 404 partem.
1180 344 1230 388 In
1256 344 1482 405 scriptura
1512 335 1586 392 ξω
1610 345 1737 391 video
1767 360 1844 392 ve·
1901 335 1946 401 ⁷13³&

319 417 455 475 stigia
489 416 609 459 vocis
635 407 798 472 ἥμῑευ.

427 484 698 544 Saepissime
732 483 933 530 occurrit
970 485 1015 528 in
1059 483 1190 529 libris
1235 483 1501 530 Heronianis
1544 491 1652 531 nota
1698 485 1845 532 bessis
1910 486 1921 498 ³

320 557 411 600 sive
438 548 677 614 διμοίρου
705 547 859 613 mist),
893 567 1007 614 quae
1033 554 1153 599 unde
1181 561 1281 600 orta
1307 555 1394 614 sit⁷
1432 569 1481 600 re
1513 555 1707 601 multum
1741 570 1846 616 per·
1914 573 1938 625 {j

321 624 488 686 quisita
525 638 610 685 pro
648 630 736 680 cep‘
808 625 975 669 inveni.
1045 624 1262 670 Nimirum
1291 625 1446 671 Graeci
1484 625 1754 687 plerumque
1788 627 1846 672 iis
1916 622 1939 658 -ἶ

320 694 534 740 fracturis
568 700 761 740 utuntur
797 709 909 754 quas
937 693 1164 754 simplices
1191 709 1351 740 vocare
1378 695 1513 754 licet,
1544 709 1735 756 quarum
1760 709 1845 741 nu-
1919 735 1941 759 a

318 771 519 810 merator
544 771 613 811 est
638 765 677 820 13
705 758 944 824 δίμοιρον
972 770 1121 810 autem
1147 765 1265 810 idem
1292 772 1361 811 est
1388 780 1439 811 ac
1464 767 1599 811 semis
1620 780 1720 812 cum
1749 779 1847 812 sex·
1912 758 1918 806 Ῐ

317 841 469 893 tante,
506 835 597 881 sive
623 829 737 894 (ς”,
774 835 892 880 unde
917 841 1202 880 contractum
1231 842 1300 881 est
1326 829 1422 882 w''.
1470 836 1710 882 Praeterea
1745 835 1847 882 aliis

319 906 366 950 in
394 905 652 964 codicibus,
679 905 839 965 utique
864 905 1214 964 recentioribus,
1240 906 1387 952 hessis
1412 913 1519 952 nota
1548 914 1618 952 est
1644 905 1671 966 β
1697 912 1847 952 trans-

319 989 448 1021 versa
477 975 645 1022 lineola
670 976 960 1035 distinctum,
995 991 1082 1037 qua
1119 976 1365 1037 significari
1392 983 1580 1038 apparet
1604 977 1715 1022 duas
1742 990 1847 1038 par-

320 1052 417 1104 tes,
445 1047 489 1091 h.
520 1060 559 1091 e.
585 1048 733 1107 ipsum
760 1041 1014 1107 δίμοιρον.

425 1110 640 1177 Reliquae
679 1117 931 1175 fracturae,
976 1119 1139 1175 tertia7
1185 1124 1343 1177 quarta
1379 1124 1646 1178 ceteraeque
1673 1123 1847 1177 parteS‚

323 1189 367 1232 in
398 1187 627 1232 codicibus
655 1186 967 1246 significantur
993 1187 1199 1233 orbiculo
1228 1188 1419 1248 quodam
1455 1188 1508 1233 ad
1539 1187 1739 1233 litteram
1764 1201 1848 1233 nu-

321 1257 534 1302 meralem
566 1257 745 1317 appicto
775 1257 1041 1318 duabusque
1073 1257 1272 1319 obliquis
1299 1257 1479 1304 lineolis
1506 1258 1682 1303 additis.
1722 1258 1848 1318 lpsas

320 1327 490 1373 formas
515 1327 726 1372 exhibent
749 1327 1096 1374 Montfauconus
1122 1326 1183 1389 (p.
1209 1327 1310 1388 319)
1338 1335 1382 1373 et
1408 1329 1549 1374 Maius
1576 1328 1620 1373 in
1645 1328 1846 1388 Didymo.

320 1397 444 1443 Unde
471 1404 621 1444 autem
644 1398 687 1443 id
714 1400 775 1443 sit
802 1405 952 1444 ortum
980 1398 1301 1458 quaerentibus
1330 1401 1373 1444 in
1397 1405 1613 1459 promptu
1642 1405 1712 1444 est
1740 1397 1851 1459 quid

322 1468 635 1528 respondeam.
688 1468 861 1514 Etenim
890 1469 1114 1515 interdum
1151 1469 1198 1514 in
1234 1469 1465 1515 codicibus
1505 1475 1706 1515 servatae
1741 1475 1850 1514 sunt

321 1580 406 1627 hae
438 1580 611 1627 formae
650 1546 709 1640 (iz
761 1546 884 1642 335),
935 1581 979 1626 h.
1015 1595 1053 1626 e.
1099 1575 1307 1641 τρίτον,
1363 1575 1847 1642 τεεεαρεεκαιδέκα-

319 1662 431 1699 τον.
487 1651 566 1697 Est
595 1651 738 1711 igitur
765 1652 808 1699 id
842 1652 1156 1712 compendium
1193 1653 1315 1713 quod
1347 1653 1480 1698 modo
1516 1653 1738 1713 descripsi
1775 1665 1850 1698 or-

320 1755 419 1796 tum
451 1763 502 1795 ex
527 1760 610 1809 ον,
643 1750 831 1811 perinde
859 1765 911 1797 ac
938 1719 981 1796 ’χῖχ
1007 1749 1144 1796 scribi
1182 1750 1298 1796 solet
1333 1764 1416 1810 pro
1455 1745 1609 1809 T6v5).
1670 1750 1763 1811 Ego
1802 1748 1849 1794 in

322 1821 550 1880 scriptura
584 1822 704 1881 typis
742 1834 953 1881 expressa
980 1820 1154 1867 abiecto
1183 1821 1387 1866 orbiculo
1415 1820 1524 1880 illo,
1567 1823 1643 1882 qui
1670 1820 1851 1881 quidem
1928 1842 1937 1845 ·

322 1890 457 1936 etiam
492 1893 539 1936 in
574 1891 804 1937 codicibus
845 1905 937 1938 non
975 1905 1079 1937 raro
1116 1891 1371 1951 omittitur,
1418 1891 1587 1937 fractos
1634 1903 1850 1936 numeros

320 1960 440 2006 binis
479 1960 659 2007 lineolis
698 1961 970 2021 significavi,
1014 1967 1066 2007 ut
1091 1956 1153 2020 's''
1179 1955 1239 2009 δ”
1267 1968 1352 2007 etc.
1411 1962 1543 2022 Apud
1575 1961 1850 2022 Hesychium

324 2030 372 2088 (S
402 2030 500 2090 103)
527 2032 710 2077 restitui
736 2026 813 2096 “3''
838 2039 884 2079 et
907 2025 1000 2098 ,γ”,
1045 2032 1091 2077 h.
1119 2045 1158 2078 e.
1186 2038 1363 2093 partem
1391 2032 1535 2077 sexies
1565 2031 1849 2077 millesimam

323 2108 369 2146 et
393 2108 464 2147 ter
490 2101 787 2148 millesimam.

426 2168 590 2218 Notum
618 2178 687 2217 est
716 2172 911 2218 Graecos
939 2172 1035 2218 fere
1069 2184 1246 2233 semper
1282 2172 1345 2217 ita
1378 2172 1654 2233 expressisse
1680 2172 1850 2216 fractos

322 2255 565 2301 numeros⁷
614 2249 666 2288 ut
704 2243 933 2303 simplices
974 2247 1129 2303 partes
1175 2249 1507 2288 enumerarem.
1563 2241 1693 2287 Velut
1738 2255 1850 2302 quas

323 2326 409 2358 nos
433 2312 607 2358 dicimis
635 2313 933 2374 quadraginta
957 2320 1049 2359 tres
1080 2319 1233 2373 partes
1262 2312 1591 2358 ducentesimus
1616 2311 1850 2358 vicesimas

328 2391 510 2443 quartas
545 2379 710 2448 (ἐξῆ),
751 2398 826 2430 eas
854 2383 1011 2430 Graeci
1051 2383 1287 2429 solverunt
1319 2383 1364 2429 in
1391 2377 1448 2432 Z''
1472 2377 1564 2442 κη”
1595 2375 1706 2443 ριβ”
1733 2374 1852 2429 (κδ’

441 2561 484 2612 3)
526 2563 655 2604 Haec
695 2563 842 2604 forma
881 2563 1125 2616 desumpta
1163 2566 1235 2604 est
1266 2576 1290 2603 e
1320 2561 1468 2604 Paris.
1502 2563 1632 2614 1670,
1670 2561 1851 2604 Mona&

330 2617 431 2667 165,
462 2618 656 2659 vindob.
690 2622 793 2671 309,
836 2619 1117 2673 eandemque
1158 2619 1344 2660 exhibet
1381 2617 1631 2659 Montfauc.
1665 2631 1709 2670 p.
1744 2618 1854 2666 3193
1931 2650 1934 2653 ,

328 2672 483 2724 paullo
515 2674 653 2715 aliam
684 2676 858 2716 habent
886 2677 1032 2717 Paris.
1064 2677 1175 2716 2475
1208 2679 1254 2715 et
1282 2674 1609 2715 Ambrosianus
1643 2673 1791 2713 editus
1823 2685 1851 2713 a

328 2729 450 2768 Maio
498 2728 647 2780 (quem
685 2730 833 2783 vide);
885 2745 1039 2773 rursus
1079 2732 1163 2772 alii
1201 2732 1359 2772 duetus
1401 2733 1583 2771 exstant
1619 2729 1667 2768 in
1703 2728 1850 2771 Paris,

329 2785 439 2824 2013
480 2784 697 2837 aliisque,
736 2787 812 2826 ubi
853 2794 962 2830 nota
1001 2789 1165 2830 similis
1205 2788 1249 2827 ei
1279 2788 1452 2828 formae
1494 2785 1764 2839 diphthongi
1794 2795 1850 2824 ου

331 2852 447 2892 quae
480 2840 588 2878 olim
618 2842 808 2893 vulgata
841 2849 953 2887 erat.

441 2895 486 2945 4)
519 2896 719 2936 Enotavi
750 2898 864 2938 haee
897 2913 919 2939 e
952 2901 1047 2941 cod.
1081 2900 1227 2941 Paris.
1259 2899 1369 2940 2438
1402 2897 1481 2938 fol.
1514 2895 1612 2937 991³.
1648 2897 1773 2937 111³.

443 2952 486 3001 5)
519 2950 650 2991 Conf.
683 2953 945 3007 Mefflhorn,
982 2957 1152 2997 (irieclz.
1177 2957 1353 2997 Gramm.
1386 2956 1433 2995 in
1463 2953 1624 2994 tabula
1655 2952 1713 2992 ad
1743 2964 1785 3004 p.
1808 2952 1848 2992 9.
