1946 3220
245 166 259 179 ²
288 138 396 201 230
683 159 1002 198 FRAGMENTA
1038 159 1110 192 DE
1147 159 1406 194 MENSURIS
1715 141 1818 212 [58]
1897 158 1933 192 :2

295 271 588 334 ἀναλογίαν
624 269 843 322 ἑκάςτου
883 266 1059 321 εἴδους
1087 267 1120 332 ἢ
1146 267 1482 333 προςτιθέναι
1508 269 1540 334 ἢ
1567 268 1815 334 ἀφαιρεῖν

295 357 406 410 ἀπὸ
430 358 525 408 τοῦ
556 356 727 406 ποςοῦ
753 354 863 406 τῶν
890 351 1374 418 ἀναγεγραμμένων
1408 356 1676 418 ςταθμῶν,
1704 354 1818 408 ἐπεὶ

209 455 271 487 762
295 440 381 492 ἐπὶ
409 438 562 493 οἴνου
588 439 672 491 καὶ
695 436 916 501 ὕδατος,
943 437 1018 490 ὡς
1045 437 1267 504 ἔφαμεν,
1294 437 1712 505 κατεγράφηςαν.
1737 438 1817 491 οἷς

293 523 375 575 καὶ
401 525 481 584 δεῖ
503 523 781 588 προςέχειν
808 522 1095 587 ἐπιμελῶς,
1118 522 1210 577 ἵνα
1235 522 1302 589 μὴ
1331 522 1496 590 βλάβη
1525 521 1731 588 μεγίςτη
1758 523 1815 575 ἐν

236 619 263 657 5
292 608 404 660 ταῖς
436 606 721 660 ςκευαςίαις
751 607 1116 673 προςγένηται.
1181 676 1188 686 ⁸

345 802 450 871 [22.
488 804 547 857 Ἡ
575 804 774 869 μεγάλη
801 804 996 868 κοτύλη
1023 802 1104 869 ἴςη
1129 808 1204 872 τῷ
1232 803 1527 873 ὀξυβάφῳ]

361 886 444 940 23.
483 888 543 940 Ὅ
571 890 739 953 χοῖνιξ
764 887 873 953 ἔχει
897 887 1123 941 κοτύλας
1149 891 1301 953 τρεῖς.

362 971 445 1024 24.
484 973 543 1025 Ὅ
572 972 848 1039 ἀμφορεὺς
876 973 1055 1028 ξέςτας
1082 973 1364 1039 τριάκοντα
1390 973 1457 1027 ἕξ.

361 1056 445 1109 25.
483 1057 543 1110 Ὁ
570 1059 825 1122 μετρητὴς
850 1058 1029 1112 ξέςτας
1057 1058 1418 1124 ἑβδομήκοντα
1442 1058 1567 1122 δύο,
1602 1059 1734 1112 κατὰ
1760 1061 1818 1112 δὲ

210 1150 264 1190 10
294 1141 495 1206 Εύρους
526 1141 716 1195 ἑκατὸν
743 1141 949 1196 εἴκοςιν.

363 1225 446 1277 26.
485 1226 544 1278 Ὁ
571 1225 817 1290 μέδιμνος
843 1226 1022 1281 ξέςτας
1047 1227 1238 1281 ἑκατὸν
1266 1226 1379 1280 δύο.

342 1407 411 1460 58
453 1408 595 1478 (cap.
637 1407 811 1478 VIII).
894 1409 1067 1461 Tertia
1104 1410 1287 1462 tabula
1320 1426 1678 1462 mensurarum
1716 1417 1764 1462 et

895 1494 1202 1560 ponderum.

291 1590 398 1644 ’Έτι
416 1591 536 1656 περὶ
555 1590 763 1656 μέτρων
777 1591 860 1644 καὶ
877 1594 1119 1657 ςταθμῶν
1139 1593 1386 1658 ἰατρικῶν
1401 1593 1816 1658 ςυντομωτάτως

211 1682 262 1722 15
769 1676 963 1729 ἔκθεςις
989 1675 1337 1741 ἁπλουςτάτη.

399 1774 441 1825 1.
480 1773 540 1825 Ὁ
567 1773 815 1838 μέδιμνος
839 1773 948 1839 ἔχει
976 1773 1152 1838 λίτρας
1179 1773 1276 1839 μη’.

434 1898 445 1910 .
483 1858 559 1910 Τὸ
584 1858 924 1923 ἡμιμέδιμνον
953 1858 1061 1923 ἔχει
1083 1858 1259 1925 λίτρας
1286 1858 1375 1912 κδ’.

434 1982 445 1994 .
483 1942 544 1995 Ὁ
571 1945 702 2006 χοῦς
728 1942 837 2006 ἔχει
862 1942 1040 2009 λίτρας
1066 1943 1205 1996 δέκα.

433 2066 442 2077 .
481 2026 541 2078 Ὁ
566 2029 734 2091 χοῖνιξ
762 2026 869 2090 ἔχει
897 2026 1074 2092 λίτρας
1100 2027 1167 2082 ἕξ.

435 2109 542 2161 ..Ὁ
572 2110 749 2174 ξέςτης
777 2111 885 2177 ἔχει
909 2111 1090 2176 λίτραν
1118 2109 1166 2162 α’
1189 2111 1354 2176 ἥμιςυ.

435 2233 444 2244 .
485 2193 542 2245 Ἡ
571 2196 675 2258 μνᾶ
699 2194 808 2258 ἔχει
831 2194 1011 2259 λίτραν
1038 2194 1086 2247 α’
1118 2195 1334 2258 οὐγγίας
1360 2195 1416 2248 δ’.

435 2317 446 2328 .
483 2277 541 2330 Ἡ
570 2277 719 2343 λίτρα
744 2278 854 2342 ἔχει
880 2278 1099 2341 οὐγγίας
1125 2276 1200 2344 ιβ’.

437 2401 446 2414 .
485 2362 543 2414 Ἡ
570 2362 764 2428 κοτύλη
790 2362 899 2428 ἔχει
925 2362 1142 2426 οὐγγίας
1159 2361 1225 2426 ,ΘΖ

435 2486 445 2496 .
483 2446 559 2498 Τὸ
585 2445 832 2512 τρυβλίον
861 2446 1078 2510 οὐγγίας
1105 2445 1162 2500 θ’.

436 2570 445 2580 .
485 2530 542 2583 Ἡ
571 2532 676 2595 μνᾶ
702 2530 809 2596 ἔχει
835 2530 1016 2596 λίτραν
1046 2532 1093 2584 α’
1118 2532 1281 2596 ἥμιςυ.

396 1855 432 2076 1·th

202 2115 263 2155 20

397 2107 433 2580 ocem-⁴02&

207 2505 234 2543 N.)

238 2504 263 2542 0¹

367 2530 394 2578 μ

205 2556 271 2588 763

408 2726 449 2764 3.
481 2722 660 2777 ἔφημεν
691 2729 895 2782 Nic.app.
1012 2731 1052 2772 6.
1085 2728 1335 2782 ὀξυγράφψ
1360 2730 1560 2783 Νίωιρρ.
1651 2731 1690 2771 7.
1721 2727 1815 2781 ἔχει

227 2801 232 2804 ·
297 2805 381 2832 om.
417 2792 577 2833 eadem

293 2931 352 2970 N
408 2863 476 2903 12.
510 2860 771 2915 Κεφάλαιον
800 2861 843 2920 η’
867 2868 925 2909 ΟΙι
1012 2870 1079 2911 25.
1112 2866 1275 2922 λίτραν
1306 2862 1346 2910 α’
1375 2866 1530 2922 ἥμιςυ]
1566 2866 1755 2920 οὐγγίας
1788 2869 1814 2909 θ

337 2945 493 2985 ιααρρ.
