1946 3220
0 0 166 116 Ἡμιχ
218 23 225 29 -γ

165 167 292 235 [101]
558 166 563 170 ’
736 127 740 133 Ι
782 184 852 217 DE
890 182 1105 219 numus.
1588 165 1693 219 309

165 294 356 358 μένων.
420 294 529 360 ἔχει
558 293 618 346 δὲ
658 292 879 348 ἕκαςτον
912 296 1025 348 τῶν
1056 295 1321 349 τοιούτων
1357 295 1570 347 λεπτῶν
1600 294 1693 359 ἀρ-

162 379 364 443 γυρίων
407 380 652 444 κεράτιον
693 380 751 432 ἓν
795 379 945 444 ἥμιςυ
987 379 1272 444 τέταρτον,
1319 378 1351 432 ὁ
1396 380 1456 432 δὲ
1499 379 1692 444 φόλλις

163 463 388 530 ἀργύρια
402 466 621 516 τοιαῦτα
647 463 768 527 ρκε’,
791 463 824 515 ἃ
847 465 1058 517 ποιοῦςι
1075 463 1289 528 κεράτια
1315 461 1410 528 ςιη’
1426 464 1508 516 καὶ
1528 463 1693 529 νούμ-

170 565 301 612 μους
338 542 398 611 θ’,
440 547 557 612 ἤτοι
592 548 730 611 πρὸς
769 548 832 600 τὸ
867 551 968 603 νῦν
1006 549 1239 614 κρατοῦν
1282 546 1693 614 μιλιαρήςιαρεΥ

161 633 244 684 καὶ
276 632 551 697 νούμμους
583 627 645 695 θ’,
685 631 941 697 γινόμενα
975 632 1035 687 ἐν
1070 633 1368 697 χαράγματι
1402 633 1691 698 νομίςματα
1721 644 1747 685 5

161 716 221 780 Θ’,
251 717 577 781 μιλιαρήςιον
606 717 664 770 ἓν
685 716 913 782 νούμμοι
938 714 995 770 θ’.
1023 716 1088 770 τὰ
1113 716 1299 771 τοίνυν
1327 714 1507 781 ρκ’“ι“<αὶ
1532 716 1693 770 πέντε

161 800 387 866 ἀργύρια
415 802 671 866 ςυνήγετο
707 801 778 855 εἰς
815 801 1118 867 ἀπόδεςμον
1147 801 1244 855 ἕνα
1272 801 1356 854 καὶ
1384 799 1544 853 οὗτος
1575 801 1692 853 ἐκα-

160 886 303 938 λεῖτο
334 885 540 951 φόλλις.

266 969 401 1022 ’Έςτι
432 971 492 1023 δὲ
517 971 601 1023 καὶ
627 970 810 1035 ἕτερος
847 970 1041 1037 φόλλις
1074 967 1374 1035 διαφόρους
1410 968 1554 1033 ἔχων
1593 985 1692 1021 πο-

161 1054 402 1120 ςότητας·
438 1054 546 1108 ἀπὸ
573 1055 676 1120 γὰρ
702 1055 801 1108 δύο
829 1055 1044 1121 χρυςίου
1071 1056 1266 1118 λιτρῶν
1293 1054 1595 1118 ἀρχόμενος
1621 1052 1692 1106 εἰς
1723 1067 1778 1107 10

161 1138 302 1192 ὀκτὼ
342 1142 535 1209 προῄει
560 1140 695 1193 κατὰ
729 1141 825 1204 τὴν
864 1139 1013 1195 ἀξίαν
1041 1138 1125 1192 καὶ
1151 1139 1248 1202 τὴν
1288 1137 1547 1203 εὐπορίαν
1577 1140 1690 1191 τῶν

160 1223 599 1288 ἀπαιτουμένων,
644 1223 709 1277 οὗ
746 1224 1001 1291 μέμνηται
1031 1226 1126 1290 μὲν
1155 1224 1239 1277 καὶ
1271 1223 1516 1289 Ἡςύχιος
1543 1222 1574 1275 ὁ
1600 1222 1692 1274 Ἰλ-

159 1307 439 1373 λούςτριος
466 1309 526 1362 έν
556 1314 632 1378 τῷ
660 1308 707 1368 ς’
730 1310 963 1380 χρόνικῷ
995 1309 1297 1374 διαςτήματι
1322 1310 1416 1372 τῆς
1442 1307 1690 1372 ἱςτορίας,

159 1391 411 1456 μέμνηται
437 1394 497 1445 δὲ
522 1394 607 1445 καὶ
632 1394 928 1447 Θαλελαῑος
955 1395 1014 1448 έν
1039 1399 1103 1462 τῇ
1141 1392 1184 1459 β’
1208 1397 1269 1446 δι.
1298 1395 1396 1446 τοῦ
1427 1390 1529 1457 β’Ου
1565 1392 1690 1447 τίτλ.

157 1478 254 1527 τοῦ
298 1474 361 1541 ιβ’
397 1479 524 1542 βιβλ.
560 1480 672 1531 τῶν
714 1478 994 1541 Κωδίκων,
1037 1477 1251 1531 οὗτινος
1285 1477 1410 1530 τίτλ.
1453 1479 1485 1542 ἡ
1520 1479 1616 1543 μὲν
1643 1477 1691 1531 α’
1723 1486 1778 1526 15

158 1559 386 1614 διάταξις
413 1560 724 1627 ἐξελήφθη’
704 1579 763 1616 εν
792 1565 919 1628 βιβλ.
945 1565 1056 1615 τῶν
1087 1562 1256 1615 Βαςιλ.
1284 1578 1315 1619 ς
1354 1560 1478 1614 τίτλ.
1505 1559 1546 1615 ζ’
1572 1579 1688 1628 κεφ.

156 1643 218 1706 δ’
254 1644 287 1707 ἡ
324 1645 382 1697 δὲ
419 1643 463 1710 β’
490 1645 819 1712 παρελείφθη
861 1646 935 1700 ὡς
971 1646 1137 1700 πάλαι
1173 1645 1505 1750 ἀναιρεθεῖςα
1545 1646 1692 1711 παρὰ

156 1731 254 1780 τοῦ
283 1727 428 1781 Θείου
462 1729 792 1794 Μαρκιανοῦ.

265 1812 518 1877 Φόλλεις
547 1813 749 1878 ὀβολοί.

271 1998 312 2038 4.
359 1995 618 2050 μιλιαρήςια
656 1992 725 2049 ρθ’
765 1997 827 2039 Sa
884 1997 1126 2059 Refut3p.
1168 2000 1242 2050 70,
1296 1995 1448 2049 μίλλια
1486 1998 1514 2038 θ
1549 1998 1688 2052 vulgo

157 2069 199 2108 6.
235 2065 415 2118 μίλλιον
444 2067 583 2122 vulgo
702 2070 769 2112 14.
805 2061 897 2118 βὊυ
930 2069 959 2111 i.
994 2081 1031 2111 e.
1062 2065 1303 2121 δευτέρου]
1339 2068 1421 2119 βου
1450 2067 1588 2122 vulgo
