1946 3220
298 160 423 196 XXII
904 161 1210 193 PRAEFATIO.

298 279 327 335 S
369 276 447 322 29.
491 275 676 319 Sextarii
715 280 821 318 nota
857 279 926 317 est
966 269 999 318 S
1035 275 1309 333 perscripta:
1348 273 1502 319 debuit
1538 287 1636 329 esse
1669 270 1712 334 ξ.
1752 301 1808 308 -

300 348 328 405 3
358 347 439 392 31.
475 344 585 389 Nota
615 343 790 403 cotylae
819 336 901 391 LS
928 343 1047 388 unde
1080 350 1180 388 orta
1214 345 1302 400 sit„
1338 358 1430 389 non
1456 343 1623 403 liquet:
1659 347 1815 404 genui-

300 430 407 461 num
440 421 508 459 est
538 409 617 462 ΚΟ.
649 439 706 445 —-
738 413 766 470 S
797 413 876 460 32.
905 413 1094 458 Sextarii
1123 420 1231 458 neta
1263 414 1414 459 eadem
1444 428 1557 474 quae
1583 413 1612 471 S
1640 414 1722 461 29.
1753 440 1815 449 —-

299 488 327 543 3
356 486 438 530 33.
465 483 734 544 Corruptam
771 484 919 543 cyathi
953 491 1104 530 notam
1146 484 1277 528 talem
1319 484 1463 544 qualis
1498 486 1544 529 in
1569 485 1722 531 codice
1748 493 1819 531 est
1871 523 1874 525 .
1931 512 1934 520 2

299 555 513 614 repetivi:
543 554 699 600 debuit
726 569 826 600 esse
855 549 934 600 Κυ.
971 580 1027 586 -
1057 555 1221 600 Ibidem
1249 560 1293 599 et
1321 554 1350 612 S
1379 554 1446 601 34
1474 554 1685 615 dragmae
1710 562 1818 601 nota

298 633 368 670 est
398 621 459 686 Ι;-
484 661 497 683 ‚
525 623 683 670 similis
711 639 762 670 ac
786 640 924 685 supra
951 625 979 683 3
1007 625 1087 672 23.

409 694 523 741 134.
563 695 684 740 Hanc
723 695 919 741 tabulam
944 696 1255 741 Lachmannus
1283 697 1327 740 in
1354 695 1551 741 Gromat.
1581 710 1626 755 p.
1654 695 1754 742 339
1783 709 1818 740 3.

300 766 439 811 edidit
464 780 488 810 e
516 766 670 811 codice
701 766 901 811 Gudiano
933 765 1030 813 105
1058 780 1174 811 saec.
1203 766 1257 811 IX
1282 765 1349 810 vel
1374 766 1410 810 X
1438 765 1492 824 (v.
1520 765 1742 811 Blumium
1774 766 1819 810 in

299 837 497 881 Gromat.
514 836 600 880 vol.
615 837 650 880 11
668 852 712 896 p.
729 833 832 896 42),
859 851 1052 896 quocum
1079 843 1252 882 tantum
1273 850 1364 881 non
1387 837 1432 881 in
1455 835 1662 881 omnibus
1684 834 1820 881 rebus

303 906 560 952 consentire
598 907 762 952 dicitur
790 907 1031 953 Vaticanus
1069 906 1231 964 1564,
1268 906 1374 952 olim
1408 906 1652 952 Palatinus.
1708 905 1822 951 Con-

299 983 390 1022 stat
426 977 514 1021 hoc
549 977 852 1036 fragmentum
890 991 942 1022 ex
975 978 1147 1023 duabus
1173 976 1378 1038 partibus
1406 982 1451 1022 et
1481 991 1531 1022 re
1556 983 1601 1021 et
1624 977 1822 1022 auctori-

303 1055 394 1092 tate
431 1047 636 1092 diversis.
694 1047 800 1092 Nam
837 1050 963 1108 prior
1000 1062 1103 1108 pars
1147 1061 1260 1108 quae
1290 1054 1359 1092 est
1388 1047 1442 1092 de
1468 1047 1690 1092 mensuris
1716 1061 1822 1106 por-

303 1119 437 1162 rectis
488 1125 534 1161 et
583 1118 813 1176 quadratis
866 1118 1091 1163 simillima
1134 1124 1202 1163 est
1241 1117 1575 1177 antiquioribus
1612 1118 1708 1161 clus
1746 1130 1823 1176 ge-

304 1189 423 1232 neris
458 1187 647 1240 tabulis;
693 1188 834 1234 altera
870 1196 1018 1234 autem
1054 1203 1159 1248 pars
1187 1187 1367 1233 exhibet
1394 1187 1644 1247 ponderum
1671 1186 1823 1246 appel-

303 1258 496 1302 lationes
529 1258 834 1303 incredibilem
870 1261 915 1303 in
949 1259 1130 1320 modum
1158 1265 1414 1318 corruptas.
1467 1257 1668 1320 Quorum
1692 1263 1823 1302 notas

304 1330 356 1373 iis
395 1328 449 1372 de
489 1330 634 1373 causis
671 1343 785 1388 quae
813 1345 948 1390 supra
975 1330 1306 1376 demonstratae
1333 1336 1439 1374 sunt
1464 1327 1599 1388 paulo
1627 1328 1824 1372 diversas

303 1398 520 1443 edidimus
559 1415 582 1443 a
610 1399 979 1446 Lachmannianis
1017 1415 1041 1445 e
1070 1400 1270 1444 Gudiano
1298 1400 1532 1458 repetitis3
1569 1411 1671 1442 nam
1702 1397 1730 1454 S
1760 1396 1823 1442 18
1899 1415 1902 1416 ’

303 1477 346 1512 et
374 1469 435 1513 19
474 1476 607 1513 notae
644 1470 852 1515 dimidiae
889 1470 1088 1516 sextulae
1127 1478 1172 1515 et
1208 1468 1409 1514 sextulae
1447 1482 1588 1528 paene
1626 1469 1825 1513 iacentes

303 1553 541 1598 expressae
583 1547 689 1583 sunt
726 1541 843 1599 apud
876 1541 1234 1596 Lachmannum,
1271 1546 1315 1584 et
1354 1540 1382 1597 3
1420 1538 1486 1584 20
1524 1537 1682 1583 sicilici
1718 1543 1824 1582 nota

303 1609 465 1653 ibidem
488 1616 558 1653 est
588 1604 614 1670 2
644 1610 871 1656 dexteram
902 1624 1056 1655 versus
1093 1617 1266 1670 partem
1293 1611 1456 1654 iacens.
1511 1611 1661 1667 Atque
1691 1609 1825 1652 etiam

304 1680 331 1736 S
354 1679 416 1723 21
442 1686 549 1723 nota
580 1680 785 1726 binarum
814 1681 1089 1726 sextularum
1117 1681 1399 1740 aliquatenus
1426 1679 1591 1723 differt.
1642 1678 1700 1722 De
1727 1690 1828 1737 par-

307 1749 426 1794 tibus
457 1751 571 1794 assis
600 1749 646 1807 (S
676 1750 899 1809 24-34)
928 1751 1254 1811 supradictum
1282 1757 1351 1794 est
1376 1750 1431 1794 ad
1456 1749 1508 1794 sr.
1540 1748 1654 1795 133.

413 1819 528 1865 135.
570 1819 693 1866 Hanc
735 1827 779 1866 et
818 1823 1068 1881 proximam
1103 1819 1301 1867 tabulam
1330 1834 1353 1865 e
1382 1818 1558 1864 duobus
1597 1818 1827 1864 codicibus

303 1890 634 1935 Mutinensibus
662 1891 904 1952 descripsit
929 1892 974 1936 D.
1001 1891 1308 1947 Detlessenus,
1349 1891 1487 1950 idque
1520 1889 1826 1950 apographum

304 1961 413 2004 mihi
448 1963 688 2007 concessit.
739 1964 890 2022 Atque
924 1963 1034 2008 haec
1068 1963 1195 2021 prior
1231 1960 1382 2007 tabula
1411 1962 1456 2004 in
1483 1961 1579 2006 cod.
1611 1957 1828 2016 580(1V.

304 2030 355 2074 H.
394 2029 441 2088 B)
481 2045 597 2076 saec.
637 2032 727 2076 Xlll
769 2033 967 2078 ineuntis
1011 2033 1219 2077 adiuncta
1263 2038 1333 2076 est
1367 2031 1525 2076 Sereni
1559 2029 1837 2076 Sammonici-

307 2101 505 2144 carmini.
542 2126 601 2133 —-
634 2102 662 2158 S
695 2102 863 2146 1—-12
893 2109 1024 2148 notas
1057 2116 1211 2147 omnes
1240 2103 1306 2146 sic
1333 2100 1511 2146 exhibui
1541 2100 1695 2159 quales
1723 2104 1829 2143 sunt

306 2173 351 2215 in
389 2170 570 2227 codice,
610 2173 698 2216 nisi
737 2172 859 2231 quod
895 2172 1080 2232 scripuli
1114 2179 1223 2217 nota
1255 2170 1299 2230 (S
1324 2168 1370 2231 5)
1399 2170 1590 2215 similior
1618 2176 1687 2214 est
1713 2168 1828 2214 binis

307 2236 376 2286 SS
415 2242 710 2300 perscriptis⁷
749 2242 935 2301 perinde
971 2250 1107 2302 atque
1142 2244 1187 2286 in
1228 2241 1379 2286 codice
1418 2239 1735 2298 Bambergensi
1773 2236 1828 2296 (v.

260 2304 271 2313 ’
307 2311 472 2355 Christ.
499 2325 542 2370 p.
574 2310 672 2355 142
702 2319 831 2368 extr.7
864 2327 906 2371 p.
936 2312 1033 2358 143
1066 2327 1126 2356 vs.
1158 2312 1236 2358 10.
1271 2310 1367 2369 13).
1396 2336 1464 2343 ——
1490 2310 1518 2367 S
1551 2310 1614 2356 13
1647 2322 1829 2354 sescun-

309 2381 402 2426 ciae
438 2388 544 2425 nota
583 2388 652 2427 est
691 2378 726 2429 L
762 2384 1089 2442 perscriptum:
1126 2383 1224 2430 vide
1265 2382 1318 2426 ad
1355 2381 1407 2426 sr.
1450 2381 1547 2427 133
1587 2379 1615 2437 S
1655 2379 1732 2424 12.
1766 2403 1825 2410 -ψ-

310 2451 338 2506 S
371 2450 435 2495 14
463 2466 524 2496 ss.
554 2451 608 2496 de
645 2453 765 2496 notis
795 2469 832 2498 v.
858 2453 996 2512 praef.
1025 2452 1078 2497 ad
1116 2452 1171 2497 sr.
1202 2452 1300 2498 133
1332 2453 1428 2496 init.
1463 2476 1521 2483 —
1553 2450 1582 2508 S
1618 2448 1684 2494 24
1720 2450 1832 2493 mira

311 2527 379 2564 est
403 2523 516 2566 assis
545 2529 651 2567 nota
675 2517 730 2578 Χ,
758 2538 890 2582 quam
919 2530 1065 2567 tamen
1091 2531 1141 2567 ut
1167 2522 1220 2567 ab
1246 2529 1431 2567 auctore
1458 2535 1548 2566 non
1577 2518 1829 2579 spernendo

313 2591 518 2636 traditam
545 2592 669 2637 nolui
698 2595 950 2638 immutare.

424 2662 539 2707 136.
572 2663 664 2708 Hoc
691 2663 992 2722 fragmentum
1020 2663 1189 2722 legitur
1215 2664 1258 2707 in
1287 2661 1440 2706 codice
1463 2659 1704 2705 Mutinensi
1732 2657 1832 2704 190

316 2729 379 2784 (V.
409 2729 452 2772 C.
482 2732 564 2789 37)
595 2747 708 2778 saec.
736 2734 807 2778 XV
834 2734 949 2778 med.
1001 2733 1047 2777 Id
1076 2733 1207 2792 plane
1239 2733 1539 2791 compositum
1576 2736 1646 2774 est
1675 2742 1832 2773 secun-

317 2799 420 2842 dum
447 2801 667 2846 Isidorum
698 2801 830 2863 (apud
854 2818 937 2848 nos
965 2803 1018 2848 fr.
1050 2802 1181 2860 127).
1245 2802 1417 2847 Maximi
1442 2807 1591 2844 autem
1618 2798 1833 2843 momenti

317 2883 416 2912 esse
445 2870 619 2914 videtur
648 2874 767 2930 quod
796 2874 866 2918 hic
894 2874 1033 2918 codex
1059 2871 1322 2917 Mutinensis
1351 2871 1548 2931 quamvis
1576 2870 1834 2914 recentissi-

313 2952 413 2983 mus
443 2939 593 2984 talenti
622 2948 773 2985 notam
797 2940 842 3002 (S
866 2939 946 3004 21)
978 2943 1072 2988 sere
1099 2945 1344 3002 integram,
1383 2947 1432 2985 ut
1456 2939 1654 2997 videtur,
1681 2937 1832 2995 habet,
