1946 3220
343 155 413 208 34
559 154 563 156 ’
857 168 1249 205 PRoLEGoMENA
1285 171 1340 205 IN

345 300 457 348 pora
482 284 787 346 pervenimus,
815 284 1030 330 continua
1057 283 1354 344 explicatione
1379 284 1536 330 harum
1561 288 1862 333 recentiorum

341 356 638 416 reliquiarum
664 353 1009 411 abstineremus,
1041 359 1086 399 et
1112 367 1226 414 quae
1254 354 1402 399 dicere
1427 367 1610 401 necesse
1634 356 1862 404 videretur

342 440 390 471 ea
421 438 554 485 quam
585 423 846 470 brevissima
875 425 1079 470 oratione
1107 423 1608 484 comprehenderemus,

445 495 477 539 Ι.
523 493 908 549 Quemadmodum
942 494 1140 540 Isidorus
1181 508 1204 539 e
1241 496 1543 541 vetustiorum
1585 495 1859 556 scriptorum

340 565 467 611 libris
496 579 576 610 sua
600 564 654 609 de
677 565 902 611 mensuris
930 578 981 611 ac
1006 564 1282 625 ponderibus
1308 573 1549 626 praecepta
1577 566 1861 626 conglutina-

340 637 470 693 verit,
490 635 520 680 ii
540 634 719 680 demum
739 641 843 696 apte
864 648 1087 695 exponere
1107 641 1323 695 poterunt
1343 636 1418 696 qui
1443 649 1621 681 omnem
1639 637 1859 682 rationem
1922 673 1946 699 ⁴-e

341 719 474 766 quam
501 705 702 751 Isidorus
738 706 783 750 in
819 715 957 766 opere
987 706 1300 765 componendo
1330 713 1512 752 secutus
1545 707 1604 752 sit
1633 706 1861 752 illustran-
1918 715 1934 768 ἦ

340 776 439 822 dam
461 775 547 821 sibi
570 776 912 836 proposuerint.
964 775 1044 822 Hic
1070 776 1179 821 satis
1206 782 1275 821 est
1295 776 1491 822 breviter
1511 790 1859 823 commemorare
1913 767 1934 821 43

341 847 395 892 de
419 847 648 892 mensuris
676 860 889 906 agrorum
909 846 1129 891 Isidorum
1155 860 1286 891 usum
1315 860 1415 892 esse
1436 846 1557 892 Balbi
1580 848 1863 907 expositione
1918 883 1931 898 ,

339 923 385 963 et
419 916 693 962 Columellae
729 916 886 974 libris,
932 917 987 962 de
1023 916 1210 977 reliquis
1245 918 1441 962 carmine
1477 917 1531 962 de
1565 917 1858 978 ponderibus!

340 987 484 1033 altero
511 988 712 1033 carmine
740 987 795 1032 de
823 986 937 1032 libra
965 986 1262 1047 partibusque
1291 989 1415 1046 eius,
1445 986 1602 1033 Latina
1625 987 1860 1048 Epiphanii
1923 1013 1927 1016 <

338 1059 574 1115 versione,
619 1058 815 1118 denique
853 1057 990 1102 variis
1028 1057 1207 1103 Graecis
1243 1057 1408 1103 tabulis
1447 1058 1501 1103 de
1538 1058 1694 1104 eodem
1727 1072 1860 1118 argu-

339 1135 494 1174 mento
522 1129 811 1189 conscriptis
1794 1159 1796 1162 -

481 1197 529 1243 ΙΙ.
585 1198 694 1244 Post
739 1198 961 1244 Isidorum
1014 1199 1250 1258 posuimus
1301 1198 1541 1244 nonnullas
1585 1199 1859 1244 incertorum

341 1270 617 1329 scriptorum
645 1268 844 1326 taBulas‚
883 1283 995 1328 quas
1021 1270 1068 1314 in
1097 1270 1183 1314 ista
1210 1270 1463 1314 recentiore
1493 1274 1640 1314 aetate
1667 1281 1719 1314 ex
1745 1269 1859 1313 anti·

340 1338 577 1400 quioribus
613 1339 828 1399 exemplis
869 1340 915 1383 in
951 1338 1065 1384 hanc
1101 1353 1200 1384 esse
1231 1339 1421 1385 formam
1449 1339 1651 1385 redactas
1679 1345 1757 1384 aut
1786 1352 1858 1384 ex-

338 1410 565 1470 ploratum
599 1415 722 1455 esset
749 1416 827 1455 aut
851 1409 1083 1470 probabile
1110 1410 1354 1455 videretur.
1416 1409 1472 1455 Ut
1499 1411 1685 1470 primam
1713 1423 1766 1454 ex
1790 1409 1859 1453 his

340 1480 504 1526 tabulis
543 1479 615 1539 (fr.
655 1479 772 1538 128)
810 1480 864 1525 ab
907 1479 1235 1540 interpolatore
1278 1481 1493 1524 insertam
1545 1493 1645 1525 esse
1689 1479 1860 1523 mediae

338 1550 459 1595 Balbi
489 1550 763 1610 expositioni
790 1557 921 1595 acute
949 1551 1181 1609 perspexit
1206 1549 1529 1595 Lachmannus.
1578 1549 1690 1594 Tum
1721 1549 1858 1594 altera

337 1620 410 1679 (fr.
443 1619 561 1678 129)
590 1627 635 1665 et
670 1633 721 1665 ex
754 1619 1090 1680 priore-tabula
1125 1627 1169 1664 et
1193 1620 1316 1665 Balbi
1353 1621 1637 1679 expositione
1676 1620 1857 1664 concin-

339 1697 442 1736 nata
478 1697 560 1735 est.
621 1690 809 1736 Additae
848 1697 995 1736 tamen
1031 1691 1076 1735 in
1117 1691 1346 1735 centuriae
1383 1689 1646 1735 definitione
1684 1689 1858 1734 decem-

340 1761 479 1821 pedae
531 1759 773 1819 quadratae
824 1768 867 1806 et
919 1760 1056 1821 pedes
1101 1760 1330 1820 quadrati3
1384 1767 1429 1806 et
1472 1761 1633 1806 horum
1679 1759 1858 1820 quidem

339 1859 516 1891 summa
554 1851 675 1890 recte
711 1859 812 1891 esse
844 1845 1010 1891 dicitur
1034 1846 1068 1889 L
1093 1843 1296 1889 DCCLX
1316 1845 1481 1903 milia,
1520 1858 1634 1904 quae
1668 1843 1860 1903 legenda

339 1922 444 1961 sunt
490 1919 803 1976 quinquaqies
851 1922 1053 1962 centena
1099 1919 1382 1975 septingenta
1431 1927 1675 1974 seaeayena
1724 1915 1860 1959 milia

339 1985 727 2044 (=‚5760000).
780 1987 1018 2033 Praeterea
1053 1987 1098 2031 in
1136 1986 1288 2032 eadem
1325 1986 1474 2031 tabula
1514 1984 1562 2044 (S
1594 1984 1641 2046 2)
1681 1990 1860 2044 praeter

339 2057 657 2116 decempedam
683 2057 924 2103 Romanam
953 2057 1206 2102 illustratur
1230 2058 1402 2117 pertica
1431 2055 1647 2116 quaedam
1679 2055 1859 2114 provin-

340 2126 480 2184 cialis,
517 2141 632 2186 quae
657 2128 729 2172 XII
755 2128 910 2187 pedes,
940 2127 1144 2186 singulos
1171 2126 1298 2172 XVlll
1321 2126 1566 2185 digitorum
1597 2125 1760 2170 habere
1793 2124 1857 2168 di-

340 2198 470 2242 citur.
524 2196 739 2243 Nimirum
781 2198 891 2243 haec
927 2205 998 2244 est
1024 2197 1175 2243 eadem
1214 2196 1386 2257 pedalis
1413 2209 1622 2241 mensura
1649 2209 1782 2255 quam
1810 2196 1854 2238 in

340 2267 575 2314 Germania
605 2269 648 2312 in
676 2269 869 2328 Tungris
898 2268 1086 2313 inveniri
1117 2268 1470 2326 Drusianamque
1498 2264 1715 2326 appellari
1748 2265 1859 2310 dicit

338 2337 543 2398 Hyginus
570 2337 644 2396 (fr.
675 2338 803 2396 114,
831 2335 905 2399 3);
947 2339 1113 2383 etenim
1151 2337 1392 2383 monetalis
1430 2351 1509 2396 pes
1551 2343 1595 2382 et
1626 2337 1856 2381 sescuncia

342 2415 447 2453 sunt
477 2409 609 2469 digiti
634 2408 773 2453 XVlll.
1153 2428 1155 2431 ·

446 2479 643 2539 Denique
677 2479 729 2524 ad
767 2480 881 2524 hanc
907 2478 1051 2524 nostri
1081 2477 1186 2524 libri
1212 2485 1387 2538 partem
1414 2477 1652 2522 retulimus
1678 2476 1856 2521 brevio-

340 2562 413 2593 res
456 2550 570 2595 duos
604 2549 730 2595 locos
767 2549 820 2594 de
863 2550 1082 2595 castrensi
1120 2550 1277 2608 iugero
1292 2544 1319 2610 ¹)
1359 2555 1403 2593 et
1434 2548 1489 2593 de
1524 2546 1856 2592 mensuratione

340 2619 486 2676 iugeri
514 2619 585 2678 (fr.
615 2620 727 2666 130.
761 2619 894 2678 131).

456 2797 496 2844 1)
535 2797 587 2836 In
625 2799 710 2840 hoc
751 2799 1008 2852 fragmento
1053 2799 1239 2851 iugerus
1286 2796 1361 2850 qui
1407 2796 1640 2836 hasty-ensis
1691 2794 1887 2834 dicitur·

343 2863 434 2891 non
466 2851 618 2892 differt
648 2867 675 2893 a
706 2854 885 2908 vulgari
916 2855 1220 2895 Romanorum
1251 2853 1431 2906 iuger03
1463 2864 1568 2891 nam
1599 2851 1856 2890 tribuuntur

344 2908 386 2946 ei
418 2907 474 2948 ab
506 2907 593 2947 hoe
626 2910 846 2962 scriptore
879 2911 960 2951 288
991 2910 1298 2961 decempedae
1338 2908 1589 2961 quadratae
1621 2907 1719 2947 sive
1750 2906 1855 2959 ped.

342 2963 499 3015 quadr.
519 2964 670 3004 28800.
704 2965 792 3005 Sed
817 2967 922 3018 quia
945 2966 1170 3018 quadrata
1194 2979 1249 3006 ea
1271 2975 1482 3005 mensura
1505 2976 1604 3004 esse
1636 2975 1727 3003 non
1757 2965 1855 3015 pot·
