1946 3220
582 164 912 202 sommonns
940 165 1206 202 GRAncos.
1550 149 1652 202 145

196 281 264 327 111.
300 275 384 328 Ἐκ
416 276 510 340 τῆς
548 273 927 339 ἀρχαιολογίας
960 273 1255 328 Ἰωείππου.
1316 278 1433 327 Haec
1460 279 1578 326 iufra
1606 282 1652 326 in

125 357 286 399 nostro
318 349 436 396 libro
463 349 685 396 edidimus
712 349 789 408 (fr.
817 350 916 409 89),
962 350 1038 396 ubi
1075 349 1282 412 singulos
1315 350 1495 412 Iosephi
1523 350 1651 398 locos

31 414 33 417 ’
54 451 56 453 ·
124 420 468 482 adscripsimusss

28 1014 33 1019 .
14 794 34 990 <num-“zw-
0 582 40 774 *σείει-ι’..-

194 490 263 537 1v.
299 486 434 550 Περὶ
457 486 667 551 μέτρων
693 486 804 549 γῆς.
864 490 973 537 Vide
999 490 1324 552 prolegomena
1351 492 1407 538 ad
1431 491 1653 539 Iulianum

58 554 62 561 ’
124 561 431 609 Ascalonitam
459 558 505 620 (S
535 563 591 606 35
618 560 765 620 extr.>.

197 631 246 677 V.
290 627 351 680 ‘O
387 627 648 680 δάκτυλος
688 626 907 692 πρῶτός
950 627 1087 680 ἐςτιν
1126 639 1229 689 etc.‚
1273 646 1388 693 quae
1422 635 1467 679 in
1503 631 1655 680 tabula

100 678 379 748 ‘Heroniana
408 702 464 748 111
487 702 716 763 leguntur.
743 702 919 749 Omissa
943 709 1093 748 autem
1118 702 1191 748 hic
1218 708 1324 748 sunt
1350 704 1495 764 prima
1520 704 1655 750 verba

123 767 328 821 Εἰδέναι
359 769 459 832 χρὴ
496 766 578 820 ὅτι
605 779 651 819 et
676 780 837 834 postea
866 767 1044 833 ὥςπερ
1070 769 1154 821 καὶ
1186 766 1368 832 μονάς.
1417 773 1657 821 Praeterea

123 843 237 888 nihil
262 843 358 888 fere
383 843 625 904 discrepat.

194 913 261 959 vl.
299 908 436 973 Περὶ
468 908 680 973 μέτρων
716 909 802 961 καὶ
835 911 1096 973 εταθμῶν.
1149 913 1440 975 Explicantur
1474 908 1656 972 εάτον,

123 978 424 1044 τάλαντον,
462 978 828 1045 ἀλάβαστρον,
865 978 1063 1045 ὀβολός
1086 991 1192 1043 cet„
1237 998 1352 1046 quae
1390 999 1551 1031 rursus
1583 998 1657 1031 ex-

122 1060 279 1115 cerpta
305 1061 413 1101 sunt
437 1067 491 1101 ex
512 1054 751 1116 Epiphanii
777 1058 989 1101 tractatu.

194 1123 282 1171 Vll.
324 1119 574 1186 Εὐεεβίου
597 1123 696 1174 τοῦ
722 1120 1016 1187 Παμφίλου
1051 1120 1244 1186 ἐκλογὴ
1280 1120 1657 1186 ευντομωτέρα

123 1191 246 1255 περὶ
278 1191 491 1257 μέτρων
527 1191 612 1244 καὶ
650 1194 925 1257 εταθμῶν,
972 1211 1106 1259 quam
1148 1196 1267 1243 infra
1310 1197 1428 1243 edidi
1465 1196 1540 1256 (sr.
1576 1198 1656 1252 883

124 1266 244 1312 conf.
273 1266 391 1327 prol.
420 1267 449 1325 S
476 1267 564 1326 92).

234 1335 393 1396 Vides,
429 1338 475 1382 in
502 1351 592 1383 una
629 1336 902 1384 collectione
939 1351 1074 1398 quam
1109 1339 1231 1384 varia
1267 1337 1322 1384 de
1347 1336 1658 1383 Hebraeorum

125 1408 316 1453 maxime
343 1407 623 1468 ponderibus
652 1414 698 1454 et
723 1409 951 1454 mensuris
977 1409 1070 1454 sint
1096 1408 1363 1469 compilata:
1396 1407 1535 1454 habes
1561 1414 1656 1453 tres

124 1477 324 1524 diversas
351 1477 522 1524 formas
550 1485 772 1525 tractatus
805 1478 1130 1540 Epiphaniani,
1152 1479 1305 1525 hahes
1328 1478 1574 1524 Eusebium
1597 1479 1658 1523 si-

123 1547 277 1594 milem
302 1547 583 1610 Epiphanio,
612 1563 696 1596 nec
719 1549 886 1595 desunt
912 1556 1124 1610 excerpta
1150 1563 1175 1596 e
1200 1548 1395 1610 losepho
1421 1561 1502 1595 nec
1531 1547 1660 1594 tabu-

126 1617 195 1665 lae
223 1620 472 1680 agrestium
499 1633 831 1666 mensurarum.

211 1771 275 1811 De
306 1775 495 1812 tractatu
524 1770 830 1824 Epiphaniam
860 1772 1086 1812 secundum
1115 1773 1353 1811 litterarum
1384 1770 1574 1812 ordinem

771 1829 1001 1880 disposito.

231 1900 384 1946 Tertio
413 1899 516 1947 loco
541 1899 811 1946 illustranda
835 1900 1011 1947 videtur
1035 1914 1087 1947 ea
1112 1906 1334 1947 tractatus
1359 1898 1658 1961 Epiphaniani
1679 1891 1743 1942 89

127 1971 273 2016 forma
299 1983 431 2031 quam
459 1970 754 2018 Vindobonae
782 1972 931 2017 inveni
946 1966 993 2030 ¹)
1048 1970 1227 2018 Titulus
1262 1978 1333 2017 est
1364 1965 1475 2019 Τοῦ
1501 1965 1659 2029 ἁγίου

128 2101 464 2186 συγκείμενον,
510 2117 558 2163 οἳ
590 2124 847 2192 γίνονται
841 2117 909 2164 σν’
941 2119 1166 2186 δηνάρια.
1227 2117 1394 2176 φόλλις
1423 2117 1546 2163 κατὰ
1575 2116 1661 2162 τὸν

129 2173 451 2233 δηναρισμόν,
499 2173 587 2219 άλλ
638 2191 696 2220 ου
735 2192 826 2220 κατ
885 2169 1192 2232 άργυρισμόν.
1257 2179 1324 2220 Ac
1362 2178 1519 2244 paullo
1544 2182 1661 2242 post

130 2235 261 2277 addit
292 2235 353 2289 (p.
388 2236 470 2278 104
500 2234 578 2302 s.)·
610 2235 930 2303 Epiphanius
909 2238 953 2276 in
981 2238 1118 2277 veteri
1144 2237 1314 2277 codice:
1344 2229 1397 2277 τὸ
1425 2228 1554 2300 δηνά
1587 2247 1663 2275 ιον

130 2284 364 2359 ἑξήκοντα
396 2287 607 2345 δηνάρια
635 2305 875 2346 υπηρχεν,
907 2284 932 2334 ὁ
956 2286 1010 2334 δε
1042 2284 1279 2346 ἀργυροῦς
1310 2285 1520 2345 δηνάρια
1577 2304 1662 2331 κα-

129 2344 231 2394 τόν.
290 2348 362 2390 De
395 2348 555 2390 eodem
584 2348 687 2390 loco
718 2348 862 2390 latius
895 2349 1080 2390 disserit
1100 2349 1256 2390 Refut.
1278 2362 1321 2402 p.
1342 2349 1400 2389 45
1420 2360 1481 2390 ss,
1512 2359 1662 2388 suam-

131 2417 219 2458 que
251 2403 533 2446 sententiam
563 2404 637 2446 his
668 2404 907 2446 confirmat
937 2403 999 2459 (p.
1031 2405 1129 2457 49)·
1180 2407 1225 2446 in
1253 2403 1494 2445 sanioribus
1524 2410 1567 2444 et
1595 2416 1662 2444 vc·

131 2461 377 2526 iustioribus
415 2459 692 2526 (codicibus)
729 2462 796 2502 hic
834 2464 950 2503 loeus
988 2463 1042 2502 de
1077 2462 1182 2527 folle
1220 2463 1283 2501 ita
1315 2459 1661 2526 concipiebatur:

171 2511 298 2566 όλλις
336 2507 362 2558 ὀ
400 2514 484 2558 καὶ
516 2511 804 2582 βαλλάντιον
850 2518 1097 2567 καλεῖται,
1151 2512 1247 2570 ἔχει
1294 2511 1532 2582 άργυροῦς
1573 2509 1661 2556 δύο

131 2585 299 2638 mimi),
334 2571 562 2642 δηνάρια
577 2566 660 2625 σν’,
693 2572 855 2638 λίτρας
886 2567 961 2627 ιβ’.
995 2548 1190 2638 φόλλις
1227 2586 1349 2613 κατα
1389 2567 1474 2613 τὸν
1513 2570 1660 2626 δηνα-

133 2624 325 2699 ρισμᾷν,
364 2622 472 2671 αλλ’
504 2642 561 2671 ov
602 2622 709 2671 κατ’
742 2622 1050 2683 άργυρισμόν.
1111 2630 1323 2682 Denique
1363 2629 1557 2670 ibidem:
1598 2631 1662 2668 ἰη-

133 2688 219 2728 cidi
246 2690 338 2740 ipse
368 2689 412 2727 in
441 2688 769 2756 manuscriptum
798 2688 986 2728 codicem
1007 2687 1242 2740 quemdam,
1274 2690 1318 2726 in
1349 2698 1428 2740 quo
1458 2688 1521 2726 ita
1550 2689 1664 2739 leye-

133 2743 281 2784 batur.-
299 2736 482 2809 φόλλις
512 2732 539 2784 ὃ
568 2740 651 2784 καὶ
684 2741 975 2807 βαλλαντιόν
1004 2742 1245 2807 καλεῖται,
1285 2735 1359 2783 ὅτι
1391 2740 1661 2792 διπλοῦται,

134 2792 222 2841 δύο
253 2794 344 2853 γὰρ
376 2795 501 2841 εἰσὶν
530 2791 756 2863 άργυροῖ,
790 2788 817 2840 ὃ
837 2798 1022 2863 γίνεται
1043 2792 1112 2839 ον’
1109 2771 1360 2864 δηνάρια
1366 2795 1549 2865 huvel,
1561 2771 1664 2839 δύο.

135 2851 328 2921 φόλλεις
367 2869 490 2898 κατα
531 2850 615 2898 τὸν
654 2851 975 2909 δηναρισμόν,
1016 2847 1120 2896 ἄλλ’
1156 2867 1213 2896 ου
1243 2849 1367 2897 κατὰ
1404 2849 1487 2896 τὸν
1518 2848 1664 2907 02qu-

164 2922 210 2953 ισ
246 2924 316 2955 ον.

136 2926 160 2964 ρ
210 2924 316 3019 μ1)
325 2966 436 3010 Ood.
469 2968 634 3022 philos.
669 2968 745 3010 Gr.
770 2969 850 3010 178
883 2967 1084 3021 (Nessel)
1118 2968 1196 3011 fol.
1229 2966 1357 3011 278b.
1419 2966 1527 3009 Alia
1557 2966 1664 3019 Epi-

221 3049 400 3079 scmr'r.
433 3050 637 3081 Memnon.
667 3051 700 3081 1.
1345 3035 1412 3087 10
