1946 3220
560 145 878 181 SCRIPTORES
907 145 1162 183 GRAECOS.
1559 129 1628 184 87

4 244 47 324 ³¹
104 260 315 306 videntur
361 273 495 319 quam
535 258 614 304 illa
666 260 973 306 vetustissima
1017 260 1412 308 Benedictinorum
1455 257 1500 321 (S
1537 262 1628 321 40).

4 329 7 336 ⁴
103 330 294 376 Omnino
315 342 468 375 carum
486 328 742 376 tabularum
767 330 1069 390 scriptoribus
1095 331 1142 377 id
1165 333 1457 393 propositum
1485 332 1629 379 fuisse

103 400 380 458 iudicamuS,
421 406 474 446 ut
509 413 818 461 quaecumque
859 401 1058 447 medicos
1101 402 1148 447 in
1188 402 1397 449 formulis
1434 403 1629 449 medica-

103 477 361 517 mentorum
397 469 732 531 perscribendis
770 470 824 516 de
859 471 1139 531 ponderibus
1170 480 1217 519 et
1249 474 1475 520 mensuris
1508 475 1628 520 scire

103 554 290 587 necesse
315 547 461 599 esset,
489 555 542 587 ea
565 541 765 587 breviter
793 549 1119 602 proponerent.
1167 543 1366 590 Primum
1389 545 1534 605 igitur
1556 569 1629 577 —

104 625 377 672 quamquam
400 625 493 658 non
520 626 677 658 omnes
707 611 753 657 id
778 611 942 658 secisse
969 612 1179 659 videntur
1203 638 1274 647 —
1297 622 1428 660 notas
1457 615 1628 675 ponde·

103 696 205 728 rum
231 689 276 728 et
301 695 613 728 mensurarum
650 682 987 740 describebant,
1035 690 1130 729 tum
1166 686 1411 745 separatim
1435 685 1490 730 de
1513 699 1628 746 pon·

103 751 315 810 deribus,
355 753 568 814 deinceps
606 753 661 798 de
695 754 923 799 mensuris
959 760 1006 799 et
1038 752 1269 814 liquorum
1304 761 1349 799 et
1378 769 1628 815 granorum

105 822 404 883 exponebant.
443 824 593 884 Atque
618 825 664 868 in
690 823 970 884 liquidorum
993 826 1218 871 mensuris
1245 824 1508 871 definiendis
1535 839 1628 872 non

105 894 358 940 omiserunt
382 907 477 939 rem
510 895 847 953 gravissimam,
883 901 935 940 ut
970 901 1048 940 aut
1084 896 1174 940 vini
1209 909 1406 957 aquaeve
1434 902 1512 941 aut
1538 895 1630 942 olei

104 964 307 1025 pondera
331 964 525 1025 singulis
556 966 782 1010 mensuris
808 964 1130 1011 adscriberent.
1182 966 1320 1011 Iidem
1343 967 1489 1012 varias
1514 980 1629 1029 pon-

102 1035 262 1080 derum
289 1037 488 1082 rationes
514 1036 578 1081 ita
609 1035 916 1095 explicabant,
952 1043 1004 1081 ut
1027 1038 1223 1096 primum
1254 1038 1403 1083 Attica
1426 1036 1631 1098 pondera

102 1119 206 1152 cum
230 1105 544 1164 Ptolemaicis‚
583 1113 678 1152 tum
718 1106 794 1151 alii
830 1108 908 1167 qui
941 1106 1108 1153 Romae
1140 1107 1398 1154 scribebant
1434 1114 1630 1167 utraque

104 1190 207 1223 cum
229 1176 440 1223 Romanis
466 1183 799 1239 compararent,
820 1177 981 1223 deinde
1004 1192 1239 1224 mensuras
1268 1192 1453 1239 quoque
1480 1184 1526 1224 et
1550 1179 1629 1223 At-

106 1247 218 1292 ticas
249 1253 293 1292 et
318 1247 565 1308 Aegyptias
593 1254 638 1293 et
663 1247 885 1294 Romanas
911 1255 1254 1309 componerent.

211 1317 354 1363 Huius
391 1319 602 1379 antiquae
642 1325 688 1363 et
721 1319 962 1379 primariae
997 1319 1171 1365 formae
1205 1320 1404 1380 speciem
1439 1317 1629 1379 praebet

106 1390 152 1434 in
190 1386 385 1435 Galenea
425 1388 694 1436 collectione
732 1389 877 1449 prima
924 1391 1146 1450 expositio
1183 1390 1238 1436 de
1278 1388 1563 1450 ponderibus
1586 1395 1633 1434 et

106 1460 357 1517 mensuris,
405 1459 460 1504 de
503 1474 591 1520 qua
637 1461 856 1505 continuo
905 1459 1071 1506 dicturi
1121 1474 1293 1506 sumus.
1354 1458 1631 1519 Quamquam

105 1532 239 1576 etiam
275 1530 320 1574 in
351 1529 452 1576 aliis
486 1529 655 1575 tabulis
695 1532 805 1576 satis
838 1536 962 1576 certa
997 1532 1093 1576 cius
1130 1531 1196 1576 rei
1231 1530 1421 1591 vestigia
1456 1535 1633 1575 servata

106 1607 229 1646 sunt.
286 1602 345 1645 At
377 1614 485 1646 vero
524 1601 742 1661 temporis
779 1600 1015 1646 intervallo
1050 1600 1321 1661 longissimo
1358 1613 1515 1646 omnes
1551 1612 1632 1645 eae

107 1670 286 1717 tabulae
322 1671 489 1717 absunt
526 1685 551 1716 a
585 1673 731 1732 prima
768 1673 962 1732 origine.
1019 1671 1127 1717 Nam
1174 1678 1335 1732 quarto
1372 1671 1552 1717 demum
1587 1676 1634 1715 ct

107 1742 266 1803 quinto
302 1740 483 1788 saeculo
519 1742 566 1787 in
605 1755 701 1787 eam
736 1741 925 1788 sormam
964 1742 1170 1788 redactae
1205 1748 1312 1787 sunt
1354 1755 1469 1802 quae
1511 1754 1634 1787 nunc

108 1818 268 1858 exstat.
309 1811 438 1867 Quod
459 1827 560 1858 cum
580 1812 697 1857 infra
716 1811 924 1873 pluribus
948 1811 1063 1858 locis
1091 1812 1447 1858 demonstraturi
1473 1811 1630 1869 simus,

107 1883 183 1929 hic
216 1882 260 1927 id
299 1883 626 1942 praeterimus,
662 1883 750 1928 nisi
787 1883 911 1943 quod
944 1884 987 1928 in
1022 1882 1168 1943 prima
1210 1883 1495 1943 expositione
1534 1881 1635 1927 Ori·

108 1952 285 1998 basium
319 1953 449 1999 citari
493 1966 923 2010 commemoramus,
962 1947 1081 1999 unde
1116 1954 1278 1999 merito
1318 1952 1632 1999 concludimus

107 2037 200 2069 non
228 2029 332 2070 ante
358 2025 506 2084 quinti
536 2022 705 2070 saeculi
733 2023 911 2069 initium
937 2037 1034 2069 eam
1062 2025 1392 2084 expositionem
1418 2022 1635 2083 scriptam

107 2106 222 2139 esse.

218 2162 303 2210 Sed
329 2170 479 2210 tamen
504 2165 697 2211 multum
724 2164 875 2222 abest,
902 2171 954 2210 ut
980 2166 1129 2210 omnia
1154 2177 1465 2225 quaecumque
1488 2164 1535 2208 in
1561 2162 1634 2208 his

108 2234 277 2280 tabulis
307 2234 550 2282 traduntur
587 2235 642 2281 ad
673 2234 749 2281 illa
786 2236 1040 2282 recentiora
1075 2242 1281 2296 tempora
1318 2234 1521 2280 revocari
1560 2233 1635 2278 de-

109 2303 261 2351 beant.
320 2305 459 2351 Immo
494 2306 690 2366 plurima
717 2319 742 2352 e
770 2306 1097 2352 vetustioribus
1118 2305 1262 2351 libris
1287 2307 1430 2366 petita
1460 2311 1506 2349 ct
1533 2317 1636 2349 cum

109 2375 440 2421 recentioribus
480 2376 733 2422 rationibus
799 2377 1112 2436 conglutinata
1154 2383 1274 2422 sunt.
1360 2374 1456 2420 Hoc
1494 2375 1638 2434 igitur

111 2447 299 2491 maxime
334 2445 467 2492 nobis
505 2447 728 2506 agendum
763 2448 874 2506 erit,
920 2453 972 2492 ut
1007 2447 1085 2492 has
1116 2445 1292 2491 tabulas
1319 2445 1365 2488 in
1396 2458 1478 2490 sua
1507 2444 1637 2504 quasi

111 2515 335 2562 elementa
359 2516 663 2574 resolvamus,
695 2523 1005 2576 quantumque
1030 2516 1126 2561 fieri
1148 2517 1322 2576 possit,
1349 2512 1637 2575 singulorum

110 2584 317 2632 locorum
343 2593 388 2632 et
412 2593 606 2633 aetatem
631 2593 676 2632 et
702 2587 1017 2633 auctoritatem
1042 2584 1323 2632 definiamus.

220 2657 363 2703 Unum
397 2657 485 2703 hoc
521 2656 622 2703 loco
659 2671 749 2703 non
791 2657 1088 2702 omittendum
1127 2662 1222 2713 est,
1262 2655 1385 2716 quod
1413 2655 1468 2701 ad
1492 2661 1636 2700 totam

113 2739 209 2772 eam
246 2727 602 2788 disputationem
638 2741 770 2787 quam
806 2727 1096 2787 aggredimur
1130 2728 1381 2787 pertineat,
1431 2725 1578 2786 capita
1613 2739 1638 2770 a

113 2796 245 2843 nobis
270 2798 498 2844 numerari
525 2798 622 2843 eius
654 2797 939 2843 collectionis
966 2811 1098 2857 quam
1126 2796 1387 2843 Charterius
1417 2796 1462 2840 in
1489 2802 1639 2840 extre-

113 2881 186 2912 mo
224 2867 449 2914 volumine
487 2868 774 2929 Hippocratis
815 2874 859 2912 ct
895 2867 1048 2913 Galeni
1086 2882 1275 2927 operum
1310 2866 1464 2913 edidit.
1527 2865 1638 2911 Nam

113 2943 347 2996 praeterea
380 2938 492 2985 aliae
528 2939 573 2983 in
614 2938 713 2984 aliis
754 2937 883 2983 libris
921 2939 1017 2983 eius
1055 2938 1339 2984 collectionis
1366 2937 1537 2982 formae
1562 2949 1639 2982 ex·
