1946 3220
1863 5 1882 13 ..

1880 0 1942 133 ,ἒ

1912 123 1936 150 ιζ

340 272 497 317 videor
524 272 735 331 congium
760 267 1082 314 Ptolemaicum
1098 302 1111 326 ‚
1147 268 1226 327 qui
1251 265 1338 311 fuit
1361 266 1574 313 medimni
1598 267 1862 315 Ptolemaici
1942 263 1946 317 f

341 356 446 401 pars
475 340 601 387 XXIV
627 340 760 399 (infra
782 339 810 396 S
832 337 918 397 73).
966 337 1038 383 Sic
1064 338 1109 381 in
1139 337 1223 383 hac
1250 350 1432 398 quoque
1460 337 1634 384 tabula:
1662 333 1724 386 τὸ
1750 333 1863 399 ἡμί-
1929 346 1934 350 “

342 423 496 459 εκτον
524 405 654 470 χόα(
683 403 739 468 β’.
790 407 948 454 Cetera
974 413 1122 453 autem
1147 421 1372 468 perverse.
1427 407 1535 454 Nam
1559 408 1862 455 Ptolemaicus

343 483 533 540 congius
556 480 610 524 IV
640 479 881 525 choenices
907 477 1088 531 habuit;
1127 479 1234 524 huic
1259 485 1407 524 autem
1432 480 1597 539 congio
1624 479 1660 524 11
1685 479 1865 525 choeni·
1945 485 1946 489 ’

342 565 429 597 ces
451 550 728 596 tribuuntur.
769 547 880 603 Quid
911 548 1084 594 multa?
1112 554 1156 593 et
1181 549 1292 595 haec
1316 549 1580 608 perturbata
1606 557 1715 596 sunt
1741 556 1786 596 et
1812 564 1863 596 ea

342 634 457 680 quae
482 621 536 665 de
561 620 770 665 sextariis
798 619 1038 665 adduntur.
1075 618 1183 664 Nam
1205 633 1306 665 cum
1335 621 1524 665 choenix
1547 619 1599 664 IV
1624 622 1863 680 sextarios,

333 691 590 736 *medimnus
620 689 759 736 CXCII
786 691 1007 736 sextarios
1033 688 1199 735 hahere
1224 689 1429 749 dicatur,
1462 704 1554 735 non
1591 692 1863 750 sextarii,

340 761 418 806 sed
462 760 638 821 cotylae
684 759 1012 820 intellegendae
1057 766 1178 806 sunt.
1251 760 1395 806 Taceo
1433 767 1606 807 cetera:
1649 763 1760 808 satis
1795 769 1865 807 est

341 845 693 878 commemorare
738 833 921 876 omnino
957 833 1002 876 in
1041 832 1126 878 hac
1166 829 1319 877 tabula
1352 831 1603 877 Atticarum
1640 838 1686 877 et
1718 833 1864 893 Aegy-

339 903 539 962 ptiarum
583 916 898 947 mensurarum
943 904 1145 948 rationes
1190 902 1354 947 misere
1404 903 1525 947 inter
1571 916 1618 948 se
1651 902 1866 948 confusas

341 984 455 1018 esse.

444 1042 661 1103 Sequitur
687 1043 828 1089 altera
853 1058 958 1104 pars
979 1043 1156 1089 tabulae
1181 1043 1285 1088 inde
1310 1058 1335 1088 a
1358 1042 1507 1089 verbis
1527 1038 1612 1091 καὶ
1631 1038 1716 1090 διὰ
1741 1040 1873 1091 τούωΔ

338 1113 450 1160 ’των
491 1108 541 1160 οἱ
581 1111 814 1161 πλεῖστοι
847 1112 957 1162 τῶν
997 1109 1265 1173 Ἑλλήνων
1303 1112 1571 1173 μετροῦει·
1623 1109 1770 1173 παρὰ
1800 1111 1865 1162 «δὲ

338 1181 451 1230 τοῖς
478 1179 741 1231 Ἰταλικοῖς
774 1191 859 1230 cet.
914 1185 1002 1230 Eae
1027 1185 1169 1244 igitur
1195 1198 1434 1230 mensurae
1462 1185 1516 1230 de
1545 1184 1710 1245 quIbus
1735 1192 1866 1231 antea

339 1255 596 1313 expositum
627 1261 696 1300 est
729 1254 940 1314 vulgares
969 1255 1244 1300 Graecorum
1271 1269 1370 1300 esse
1398 1255 1635 1302 dicuntur:
1673 1256 1744 1300 his
1776 1256 1865 1301 iam

340 1324 518 1370 additur
552 1325 778 1371 Romanus
828 1327 1045 1385 congius,
1090 1326 1219 1371 cuius
1266 1326 1442 1386 pondus
1486 1325 1637 1371 eadem
1688 1327 1865 1372 ratione

340 1400 475 1454 atque
501 1397 546 1440 in
576 1397 884 1442 vetustissima
911 1395 1063 1442 tabula
1091 1392 1160 1457 (fr.
1178 1397 1251 1454 28,
1277 1399 1322 1455 8,
1349 1396 1465 1456 prol.
1487 1395 1516 1453 S
1536 1395 1607 1455 43)
1634 1395 1863 1443 definitur.

337 1463 448 1510 Item
487 1466 542 1510 de
578 1467 761 1511 sextarii
797 1473 842 1511 et
877 1466 1055 1527 cotylae
1083 1481 1294 1512 mensura
1321 1467 1419 1511 vide
1455 1480 1568 1527 quae
1592 1481 1744 1528 ‚supra
1771 1468 1865 1512 suis

340 1549 547 1595 quaeque
574 1535 686 1581 locis
715 1537 980 1596 scripsimus
1009 1535 1056 1596 (S
1088 1540 1155 1581 42.
1184 1535 1271 1596 43).

446 1619 671 1666 Inculcata
711 1626 780 1665 est
805 1627 952 1667 autem
988 1621 1034 1666 in
1072 1621 1262 1666 mediam
1288 1622 1619 1681 expositionem
1647 1621 1761 1667 ali-us
1788 1636 1864 1668 cu·

340 1689 514 1734 iusdam
540 1690 768 1736 choenicis
795 1705 1005 1737 mensura
1032 1698 1167 1752 atque
1201 1693 1354 1752 inepta
1382 1692 1558 1738 Atticae
1585 1693 1709 1738 vocis
1741 1705 1863 1752 τρυ-

341 1755 489 1819 βλίου
516 1757 892 1821 interpretatio-¹).

343 141 444 193 108
874 153 1260 190 PROLEGOMENA
1284 155 1340 188 m

710 1912 777 1952 De
807 1911 951 1952 tabula
985 1912 1238 1965 Cleopatrae
1270 1911 1384 1966 (cap.
1417 1911 1496 1966 X).

255 2001 320 2049 64
448 1996 592 2058 Caput
610 1999 646 2044 X
666 1999 935 2060 inscriptum
962 2006 1033 2046 est
1058 1995 1141 2047 Ἐκ
1165 1998 1275 2048 τῶν
1310 1995 1650 2060 Κλεοπάτρα(
1675 2012 1862 2061 κοίμη-

337 2065 500 2116 τικῶν
541 2065 662 2127 περὶ
699 2067 940 2129 σταθμῶν
975 2066 1059 2117 καὶ
1094 2066 1317 2130 μέτρων.
1376 2069 1601 2125 Quaenam
1627 2071 1864 2132 Cleopatra

454 2274 495 2326 1)
533 2274 680 2316 Video
721 2276 930 2329 equidem
968 2277 1088 2317 hanc
1130 2277 1364 2319 choenicis
1408 2290 1666 2319 mensuram
1707 2277 1862 2332 aliquo

338 2330 471 2371 modo
504 2344 605 2371 cum
635 2332 786 2385 priore
818 2332 1007 2373 tabulae
1038 2337 1170 2386 parte
1203 2335 1413 2386 componi
1441 2347 1590 2388 posse.
1633 2334 1762 2384 Quod
1793 2335 1861 2376 sic

339 2385 573 2428 illustrare
616 2388 840 2438 conabor,
881 2392 933 2428 ut
971 2389 1029 2429 ad
1069 2390 1250 2430 Graeca
1290 2391 1431 2431 verba
1461 2404 1609 2431 meam
1640 2391 1860 2444 interpre-

337 2443 558 2483 tationem
598 2445 752 2484 statim
792 2444 1074 2485 adscribam:
1113 2444 1138 2486 ὁ
1171 2444 1383 2497 μέδιμνος
1423 2446 1749 2499 (Ptolemaicus
1781 2447 1862 2487 144

339 2500 659 2551 sextariorum)
705 2498 797 2551 ἔχει
835 2498 1036 2551 ἡμίεκτα
1074 2495 1128 2552 ιβ’
1168 2501 1373 2556 (singula
1419 2505 1471 2543 12
1522 2503 1858 2554 sextariorum).

337 2551 396 2592 τὸ
446 2552 495 2594 δὲ
543 2553 769 2605 ἡμίεκτον
813 2555 926 2607 χόα(
978 2556 1060 2608 μὲν
1111 2551 1147 2608 β’
1191 2558 1414 2613 (singulos
1463 2561 1488 2599 6
1538 2558 1860 2609 sextariorum)

339 2605 541 2658 χοίνικα(
591 2610 640 2651 δὲ
688 2605 748 2653 δ’;
799 2613 889 2654 hae
938 2615 1152 2654 nimirum
1191 2628 1282 2656 non
1322 2618 1428 2655 sunt
1477 2628 1560 2656 eae
1613 2614 1858 2655 choenices

337 2663 594 2717 Aegyptiae
636 2679 753 2719 quae
790 2669 929 2722 vulgo
970 2670 1204 2722 dicuntur,
1252 2684 1365 2724 quas
1409 2672 1509 2724 ipse
1554 2671 1750 2724 scriptor
1787 2674 1857 2711 ta-

338 2718 478 2758 bulae
509 2725 669 2772 postea
701 2724 742 2772 (ξ
775 2724 844 2776 13)
886 2730 978 2767 tres
1020 2726 1197 2779 cotylas
1236 2727 1407 2767 habere
1448 2727 1583 2777 dicit,
1634 2727 1716 2766 sed
1755 2731 1860 2766 sunt

341 2774 584 2815 choenices
617 2777 736 2818 aliae
770 2781 1015 2832 quaedam,
1061 2783 1207 2823 altero
1238 2786 1368 2823 tanto
1400 2784 1621 2832 maiores,
1652 2782 1695 2822 h.
1731 2795 1770 2822 e.
1802 2783 1856 2822 il-

338 2829 414 2869 lae
441 2843 569 2897 'quas
602 2832 775 2896 'ibidem
815 2837 855 2885 (ς’
889 2838 957 2885 16)
1000 2839 1222 2891 explicat:
1274 2837 1300 2879 ὁ
1330 2837 1379 2880 δὲ
1416 2839 1559 2890 χοῖνιξ
1597 2836 1691 2889 ἔχει
1717 2837 1770 2884 ξε
1800 2832 1858 2889 γ’,

339 2886 543 2928 κοτυλαε
574 2898 627 2932 ς.
686 2889 897 2942 Denique
930 2891 956 2932 ὁ
987 2891 1036 2934 δὲ
1065 2895 1175 2945 χοῦ(
1197 2891 1399 2946 χοίνικας
1422 2889 1458 2946 β’
1480 2892 1684 2947 (scilicet
1714 2897 1859 2936 maio-

337 2953 411 2981 res
444 2943 539 2982 sive
573 2942 770 2996 duplas).
822 2946 989 2987 Verum
1019 2954 1196 3003 tamen,
1230 2951 1436 3003 quamvis
1465 2951 1584 2992 haec
1614 2952 1682 2991 ita
1715 2950 1859 3005 expli-
