1946 3220
296 166 398 220 142
658 186 1018 221 FRAGMENTUM
1055 163 1447 223 SALMASIANUMss
1468 168 1470 170 ’
1548 169 1555 173 ’
1574 171 1694 244 [1402
1709 150 1797 223 121³}

401 294 481 346 14.
521 297 627 346 Duo
664 295 766 345 bati
802 298 1059 346 metretam
1107 296 1317 355 faciunt,
1367 298 1499 362 quod
1546 307 1665 350 sunt.
1705 316 1819 352 sex·

290 381 400 429 tarii
440 379 489 429 C.
1908 427 1916 438 .

399 461 479 514 15.
519 465 683 514 Urnae
707 463 846 514 duae
884 464 1172 528 amphoram
1212 466 1485 530 complent,
1533 467 1664 532 quod
1702 475 1822 518 sunt
1911 461 1916 509 Ῠ

290 547 452 596 modia
490 549 607 606 tria,
649 548 779 611 quod
818 550 869 598 in
907 550 1056 599 aridis
1095 549 1275 599 dicitur
1313 551 1472 616 aephi.

234 631 258 670 5
398 629 479 681 16.
519 632 682 682 Urnae
718 638 820 682 tres
858 633 1033 683 cadum
1070 634 1147 684 vel
1185 633 1405 684 artaham
1441 635 1643 694 faciunt,
1682 636 1817 702 quod

289 721 401 764 sunt
437 717 599 766 modia
635 717 724 767 1111
762 725 811 768 et
849 719 1011 767 semis,

397 799 478 851 17.
519 802 679 851 Modia
718 803 933 868 quinque
971 803 1268 853 medimnam
1305 805 1529 854 faciunt.‘

396 883 478 935 18.
519 886 642 936 Tres
678 887 957 936 medimnae
995 901 1169 950 gomor
1208 887 1472 953 complent.

395 968 476 1020 19.
517 971 621 1020 Duo
659 985 833 1035 gomor
872 971 1078 1022 chorum
1115 972 1345 1023 reddunt.

205 1054 255 1093 10
391 1052 477 1105 20.
518 1056 624 1105 Duo
664 1056 803 1105 chori
841 1055 1116 1113 chulleum‚
1157 1058 1285 1122 quod
1327 1064 1439 1106 sunt
1475 1058 1639 1107 modia
1676 1058 1774 1108 LX.

288 1251 403 1303 140.
441 1252 803 1319 Fraqmentum
822 1253 885 1302 de
897 1253 1222 1319 ponderibus
1243 1268 1278 1303 a
1297 1253 1563 1305 Salmasio
1586 1255 1815 1305 citatum.

331 1390 333 1395 ’
391 1367 723 1425 Quadrantem
751 1367 967 1418 Hebraei
1003 1373 1176 1417 vocant
1203 1368 1464 1432 quadram,
1505 1369 1635 1434 quod
1667 1342 1946 1434 quar-51³3

286 1457 384 1500 tam
421 1458 612 1515 partem
649 1453 826 1502 unciae
865 1452 1122 1516 appendat.

329 1646 447 1697 141.
527 1646 681 1698 Calvi
716 1650 889 1699 versio
929 1649 1227 1699 tabularum
1264 1647 1791 1699 Alexandrinarum.-

200 1743 252 1783 15
559 1764 561 1766 ·
835 1747 905 1799 (V.
938 1747 1053 1800 prol.
1086 1750 1110 1798 ξ
1143 1746 1258 1801 123.)

287 1857 651 1929 [Aphrioanus
708 1858 776 1910 de
829 1858 1165 1910 medelarum
1211 1858 1546 1928 ponderibus
1594 1877 1813 1912 mensu-

928 1942 1151 2015 risque]

193 2145 200 2151 ’
280 2129 405 2178 suris
452 2130 754 2179 mentionem
801 2129 1030 2186 fec-imm,
1079 2144 1392 2180 commensus
1449 2128 1627 2177 horum
1667 2144 1815 2178 veros

199 2218 251 2257 20
282 2212 363 2263 hic
401 2213 652 2264 addendos
691 2228 797 2264 esse
835 2215 1128 2278 putavimus,
1169 2228 1232 2262 ne
1270 2214 1378 2283 quis
1416 2227 1598 2278 anceps
1635 2218 1680 2262 et
1707 2228 1808 2262 am-

279 2297 455 2361 bigens
502 2298 808 2348 medelarum
858 2297 1035 2348 auxilia
1086 2313 1145 2347 ex
1185 2297 1258 2347 his
1297 2298 1570 2347 constantia
1609 2311 1813 2360 compo-

279 2383 468 2447 sitaque
506 2384 751 2448 vituperet
788 2389 836 2433 et
873 2383 1086 2432 damnet.
1148 2383 1496 2434 ‚necessarium
1536 2395 1653 2445 ergo
1693 2381 1809 2430 duxi

279 2465 578 2517 differentias
614 2467 795 2518 horum
830 2467 959 2517 inter
996 2481 1127 2523 sese,
1169 2466 1443 2531 quibusque
1469 2465 1706 2515 utendum
1733 2479 1809 2515 es-

280 2555 367 2607 set,
408 2550 687 2608 declarare;
730 2550 956 2617 plurimis
994 2551 1235 2615 siquidem
1271 2552 1323 2600 in
1359 2565 1452 2599 usu
1490 2555 1604 2599 sunt
1641 2554 1689 2600 et
1723 2551 1806 2600 At-

195 2636 248 2676 25
279 2633 372 2681 tica
413 2641 459 2684 et
494 2635 675 2692 Italica,
713 2635 964 2686 nonnullis
1002 2651 1118 2685 vero
1158 2641 1206 2686 et
1243 2635 1439 2700 Syriaca
1479 2639 1523 2683 et
1550 2634 1810 2698 Aegyptia„
1942 2694 1946 2707 ¹

280 2731 404 2780 quae
443 2724 490 2767 et
518 2720 815 2770 Ptolemaiea
854 2719 1109 2770 dicuntur:
1150 2734 1275 2784 quae
1311 2716 1639 2783 comparanda
1676 2716 1811 2765 inter
1900 2709 1946 2786 ·{

280 2814 386 2849 sese
425 2808 472 2850 et
510 2804 807 2855 conferenda
845 2809 974 2855 sunt.
1914 2798 1918 2806 ’

1933 1656 1946 1749 Ξ

390 2042 435 2094 1.
476 2045 720 2105 Quoniam
757 2044 925 2094 multis
960 2046 1009 2093 in
1035 2044 1157 2094 locis
1185 2045 1244 2094 de
1270 2043 1572 2108 ponderibus
1600 2052 1647 2094 et
1671 2061 1812 2095 men-
1910 1930 1943 2247 Ξ

394 2970 461 3012 11.
498 2971 549 3013 V.
580 2972 722 3023 praef.
