1946 3220
329 102 338 124 l

7 173 10 175 ·
43 196 71 238 1·
103 142 265 232 1120]
551 179 761 215 caurum
794 178 865 214 m:
903 140 1255 216 romulianam.
1594 161 1662 216 93

34 310 57 331 2
137 290 475 355 sicilicumque
511 289 603 340 tibi
639 295 825 356 mystro
862 288 1096 342 simulare
1130 290 1312 342 licebit.

138 374 330 426 coclear
368 380 642 425 extremum
682 381 755 425 est
791 373 1092 440 scripulique
1129 374 1400 425 imitabitur
1436 375 1608 424 instar.

244 459 407 509 Attica'
439 464 698 523 praeterea
737 458 966 509 discenda
1005 465 1080 510 est
1115 459 1352 524 amphora
1390 457 1533 509 nobis

139 559 227 594 seu
267 543 441 593 cadus:
487 543 615 592 hanc
650 542 845 607 facies,
885 550 1085 594 nostrae
1121 545 1161 593 si
1199 544 1435 594 adieceris
1470 557 1661 593 urnam.
1695 543 1750 585 85

141 632 216 678 est
252 632 300 677 et
335 626 412 676 bis
448 626 611 678 decies
649 643 795 692 quem
835 629 1033 678 conficit
1068 628 1306 692 amphora
1343 633 1510 677 nostra

141 710 353 762 culleus:
393 711 485 761 hac
521 712 678 761 maior
715 711 846 761 nulla
888 718 961 762 est
997 727 1226 762 mensura
1263 711 1487 776 liquoris,

144 803 219 846 est
257 797 405 846 etiam
440 797 586 846 terris
625 810 746 859 quas
785 797 969 846 advena
1006 795 1144 846 Nilus
1180 797 1383 846 inundat

142 879 336 938 artaba,
378 881 460 929 cui
497 886 724 945 superest
759 881 910 930 modii
948 895 1063 945 pars
1102 882 1242 930 tertia
1279 887 1390 946 post
1425 887 1553 937 tres,

143 979 358 1030 namque
397 964 568 1014 decem
607 964 784 1014 modiis
824 964 1100 1029 explebitur
1137 964 1308 1014 artaba
1349 963 1539 1029 triplex.
1701 965 1757 1006 90

249 1048 375 1098 Illud
412 1053 671 1114 praeterea
708 1054 899 1098 veteres
935 1048 1201 1112 perhibere
1238 1055 1502 1106 memento,

144 1133 332 1182 finitum
370 1132 565 1197 pondus
601 1134 762 1183 varios
800 1148 997 1183 servare
1035 1132 1267 1199 liquores

145 1232 259 1266 nam
296 1216 477 1274 librae,
516 1223 572 1267 ut
606 1224 909 1274 memorant,
950 1217 1141 1267 bessem
1181 1219 1422 1267 sextarius
1460 1217 1614 1276 addit,

146 1318 235 1352 seu
273 1316 425 1365 puros
461 1301 648 1366 pendas
686 1301 856 1352 latices
894 1317 982 1351 seu
1021 1302 1147 1351 dona
1184 1303 1378 1367 Lyaei..

148 1386 332 1436 addunt
368 1387 622 1436 semissem
660 1385 814 1435 librae
853 1385 1064 1436 labentis
1101 1385 1254 1436 olivae
1706 1385 1760 1427 95

147 1469 479 1546 selibramque
514 1471 683 1520 ferunt
719 1469 878 1519 mellis
917 1485 1177 1534 superesse
1212 1470 1394 1520 bilibri.

147 1554 471 1604 haec-tamen
510 1555 720 1604 adsensu
758 1554 887 1604 facili
924 1559 1040 1604 sunt
1077 1554 1262 1604 credita
1300 1554 1467 1604 nobis:

151 1653 366 1702 namque
404 1653 497 1688 nec
537 1644 759 1689 errantes
797 1639 940 1688 undis
976 1638 1253 1690 labentibus
1291 1655 1459 1689 amnes

150 1739 242 1772 nec
279 1724 431 1771 mersi
469 1723 626 1787 puteis
663 1722 832 1775 latices
870 1731 953 1773 aut
989 1725 1126 1773 fonte
1163 1726 1373 1788 perenni

263 1920 334 1960 82.
369 1919 628 1972 Sieiculfiq:
661 1920 718 1971 B,
781 1919 1060 1973 Silicumque
1094 1920 1128 1960 C
1296 1923 1466 1973 mystro
1496 1918 1558 1959 A3
1587 1921 1680 1967 rel„

151 1976 311 2031 mist⁸ro
342 1988 404 2030 A¹
520 1989 726 2030 similare
758 1990 800 2030 B
916 1991 984 2031 83.
1017 1989 1201 2031 coclear
1231 1990 1293 2030 Α3
1321 1993 1416 2041 rel„
1452 1989 1681 2030 clocleare

152 2057 214 2100 A¹
311 2060 502 2113 scripuli
532 2073 649 2113 quae
682 2061 763 2100 BC
874 2061 943 2100 84.
975 2059 1129 2101 Attico
1163 2060 1197 2101 Ο
1310 2060 1508 2102 dicenda
1537 2072 1681 2100 recen-

153 2131 239 2171 tior
267 2143 413 2171 manus
441 2133 484 2171 in
514 2131 555 2171 A
701 2131 770 2172 85.
804 2130 950 2170 facies
981 2129 1042 2170 A³
1072 2133 1164 2178 rel„
1206 2144 1282 2171 om.
1317 2130 1377 2170 Α1
1501 2127 1678 2182 urnam]
1725 2173 1730 2177 ,

154 2213 248 2241 una
282 2201 317 2242 G
477 2202 545 2242 86.
580 2214 711 2254 quem
744 2198 946 2252 conficit]
978 2213 1094 2252 quae
1127 2200 1263 2241 confit
1298 2202 1330 2242 Ο
1441 2200 1531 2241 hac
1561 2199 1681 2250 A³B,

154 2270 277 2311 hanc
308 2270 384 2322 A¹‚
429 2285 483 2312 ac
518 2271 552 2312 C
663 2272 809 2311 maior
839 2269 901 2310 „4³
930 2274 1023 2321 reI.,
1065 2271 1249 2312 maioris
1282 2270 1342 2310 Αι
1457 2269 1585 2311 nulla.
1616 2274 1686 2311 est

159 2345 257 2380 ante
288 2341 436 2381 maior
466 2343 617 2394 legitur
646 2343 689 2381 in
718 2342 761 2381 B
877 2341 945 2382 89.
979 2342 1142 2383 artaba
1173 2339 1236 2381 Ἀ3
1265 2344 1358 2392 rel.,
1402 2344 1502 2381 arta
1532 2353 1593 2381 ua
1624 2338 1683 2390 ᾼ1

214 2415 426 2464 superest
456 2410 531 2460 A¹,
573 2415 761 2464 superat
790 2409 854 2451 A³
883 2414 961 2453 rel.
993 2414 1112 2463 vulyo
1257 2413 1326 2452 90.
1366 2411 1530 2452 modiis
1562 2408 1684 2461 A¹B‚

157 2481 331 2522 modios
353 2480 430 2532 Α3,
451 2482 594 2522 modii
618 2482 652 2522 C
738 2481 998 2533 explebitur
1019 2480 1184 2531 A³rel.‚
1211 2480 1417 2534 explebit
1437 2479 1498 2520 Α1
1613 2481 1681 2523 91.

157 2551 330 2592 ueteris
360 2552 425 2604 Α,
458 2565 536 2592 om.
568 2551 649 2592 BC
763 2551 1024 2605 perhibere]
1060 2551 1274 2591 coniuere
1305 2551 1362 2603 B,
1404 2550 1620 2592 cohibere
1655 2549 1688 2590 0

160 2623 232 2662 93.
261 2621 406 2663 besen
437 2620 513 2671 A1,
544 2622 700 2662 besem
733 2620 795 2661 Α3
883 2621 1022 2661 addet
1051 2624 1168 2674 vulgo
1284 2622 1354 2662 94.
1385 2621 1578 2675 plendas
1609 2619 1686 2670 Αἵ,

159 2704 274 2733 corr.
307 2692 370 2732 A³
487 2692 574 2745 lyei
606 2693 669 2741 A,
710 2691 791 2731 liei
822 2691 878 2742 B,
911 2691 1006 2742 lyei
1040 2691 1072 2731 G
1184 2693 1254 2732 95.
1286 2691 1436 2731 oliuae
1467 2690 1543 2741 ΑΙ,
1577 2690 1688 2731 οΙίιιί

68 2789 80 2797 .
161 2761 223 2801 Α2
251 2765 330 2805 rel.
361 2765 480 2815 vulgo
623 2763 693 2802 96.
726 2761 814 2802 Sed
844 2761 1097 2814 libramque
1133 2762 1167 2802 C
1277 2758 1451 2814 bilibri]
1492 2761 1599 2802 libri
1629 2761 1686 2809 B,

161 2832 270 2872 idem
301 2831 336 2872 0
363 2838 462 2873 ante
492 2844 734 2886 superesse
850 2832 924 2871 97.
955 2841 1121 2872 asensu
1151 2832 1214 2881 B,
1248 2844 1440 2873 assensu
1471 2830 1505 2871 C
1619 2831 1689 2871 fa-

164 2901 266 2942 cilis
289 2901 334 2953 0,
367 2903 440 2955 qui
457 2915 534 2943 om.
559 2906 662 2942 sunt
684 2893 832 2942 'relicto
854 2915 983 2943 vacuo
1003 2903 1143 2954 spatio
1260 2903 1331 2943 99.
1352 2901 1480 2956 putei
1502 2900 1580 2941 BC

166 2971 291 3012 fonte
324 2969 386 3012 A²
415 2975 510 3019 rel..
543 2973 662 3012 forte
694 2969 753 3011 Αι
