1946 3220
551 181 884 217 scmp'romzs
915 181 1171 217 GRAECOS.
1556 166 1624 220 99

122 284 129 289 ¹
204 296 408 342 Extrema
434 295 684 356 ponderum
712 294 880 354 tabula,
907 310 1039 357 quam
1067 296 1208 343 totius
1232 295 1410 343 tabulae
1433 299 1622 358 primam

98 372 272 428 partem
294 379 393 412 esse
419 366 628 423 diximus,
658 366 743 411 tria
766 366 988 412 minarum
1014 381 1178 427 genera
1208 365 1497 415 definiuntur.
1542 369 1625 415 Hic

98 439 294 499 primum
321 436 592 497 sesquilibra
620 435 839 482 tribuitur
880 436 1118 483 Italicae
1160 437 1334 484 cuidam
1359 440 1530 498 minae,
1568 440 1623 485 de

100 523 187 568 qua
215 507 331 553 infra
357 520 634 567 exponemus
660 505 708 566 (S
733 505 820 566 61).
876 507 986 553 Tum
1014 507 1068 553 ad
1094 507 1228 553 verba
1261 503 1293 567 ἡ
1322 505 1380 556 δὲ
1420 504 1620 569 Ἀττικὴ

101 573 282 635 (τάγια
321 572 436 637 τρία
471 591 494 622 e
533 576 768 638 prioribus
812 577 1062 623 addendum
1109 585 1180 624 est
1219 573 1399 638 λίτραν
1433 574 1554 639 μίαν
1571 575 1621 639 ⁸).

99 648 208 693 Nam
247 648 363 694 libra
398 662 486 693 una
530 662 630 694 cum
676 647 821 694 tribus
864 648 1022 709 stagiis
1061 661 1112 693 ex
1145 650 1244 709 ipsa
1275 650 1410 695 huius
1443 649 1623 697 tabulae

98 721 274 764 ratione
310 719 417 765 sacit
450 719 606 765 uncias
632 718 705 764 Xll
728 723 786 775 S,
825 733 938 779 quae
965 717 1203 764 solvuntur
1228 721 1272 764 in
1300 720 1511 766 denarios
1539 720 1624 766 Ne-

97 790 315 835 ronianos
344 791 437 835 sive
464 789 700 836 drachmas
731 789 777 846 C,
810 796 854 834 et
879 803 979 835 cum
1005 789 1155 835 Attica
1186 789 1396 835 drachma
1421 805 1522 836 cum
1547 790 1623 836 de-

98 860 228 906 nario
255 860 655 920 aequiperaretur,
688 859 863 905 exstitit
892 859 1003 906 haec
1026 860 1203 905 Atticae
1229 860 1375 905 minae
1402 859 1623 919 definitio,

99 931 153 976 de
181 945 268 991 qua
299 929 415 975 infra
446 930 602 991 paullo
637 929 824 976 uberius
852 931 1052 976 dicemus
1079 925 1126 990 (S
1154 928 1243 989 67).
1296 930 1407 976 ltem
1435 931 1490 976 de
1518 931 1625 976 Pto-

98 1000 284 1048 lemaica
309 1002 429 1047 mina
455 1001 759 1061 sesquilibrali
786 1015 889 1047 mox
915 1015 998 1046 suo
1024 1000 1127 1047 loco
1147 1000 1457 1071 disputabitur
1477 1000 1524 1060 (S
1535 1000 1625 1060 65).

270 1153 450 1207 Reliqua
479 1154 682 1206 deinceps
713 1154 765 1193 de
795 1154 1001 1193 mensuris
1028 1147 1240 1196 secundae
1273 1152 1454 1194 tabulae.

203 1241 249 1286 ln
287 1241 483 1287 secunda
521 1241 656 1286 huius
691 1239 870 1287 tabulae
905 1246 1035 1300 parte
1070 1254 1308 1286 mensurae
1343 1240 1620 1301 liquidorum
1641 1232 1707 1281 59

95 1312 156 1356 ita
184 1311 479 1370 exhibentur,
507 1318 559 1357 ut
583 1311 778 1371 primum
805 1310 986 1356 minima
1019 1325 1247 1369 mensura,
1274 1325 1387 1371 quae
1409 1306 1621 1371 κοχλιά-

97 1393 215 1442 ριον
241 1388 452 1439 vocatur,
489 1383 624 1427 unius
651 1388 697 1427 et
724 1382 894 1427 dimidii
922 1382 1093 1427 denarii
1130 1382 1222 1426 sive
1258 1382 1391 1441 stagii
1419 1383 1622 1442 pondere

4 1475 24 1484 s
95 1451 359 1511 deliniatur,
398 1458 493 1498 tum
529 1452 731 1513 reliquae
761 1466 1000 1498 mensurae
1033 1451 1223 1512 perinde
1258 1467 1309 1498 ac
1338 1453 1472 1498 modo
1508 1466 1622 1513 pon-

93 1523 201 1569 dera
229 1538 329 1569 cum
355 1522 610 1569 minoribus
638 1523 894 1584 quibusque
921 1529 1256 1583 comparentur.

205 1594 397 1640 Omnino
435 1593 509 1640 hic
534 1594 778 1655 peculiaris
817 1593 1035 1654 quaedam
1060 1607 1375 1639 mensurarum
1402 1593 1519 1639 ratio
1548 1593 1624 1638 de·

94 1665 418 1726 prehenditur,
467 1665 589 1725 quod
639 1679 729 1725 quo
774 1654 950 1710 facilius
988 1663 1322 1724 perspiciatur,
1369 1677 1623 1725 compares,

97 1750 283 1797 quaeso,
310 1737 422 1781 hanc
451 1735 646 1781 tabulam
675 1750 775 1781 cum
802 1749 852 1781 ea
881 1749 1014 1794 quam
1040 1749 1176 1795 supra
1203 1736 1425 1796 proposui
1452 1733 1500 1793 (ἓ
1526 1732 1620 1792 52);

348 1815 560 1879 κοτύλη,
587 1815 838 1880 τρυβλίον
876 1854 885 1866 .
961 1854 971 1866 .
1046 1853 1056 1865 .
1124 1822 1147 1862 1

348 1885 644 1951 ὀξύβαφον,
670 1885 803 1950 μέγα
825 1884 1055 1950 μύετρον
1122 1894 1148 1933 2
1218 1892 1237 1932 1

348 1956 544 2008 κύαθος
617 1995 1054 2008 ......
1120 1962 1147 2004 6
1213 1963 1240 2005 3
1279 1962 1300 2002 1

349 2027 532 2091 μικρὸν
558 2026 786 2092 μύετρον
871 2067 881 2078 .
958 2067 967 2077 .
1043 2067 1053 2077 .
1092 2032 1148 2072 24
1186 2033 1239 2074 12
1275 2034 1304 2072 4
1343 2033 1363 2073 1

350 2097 657 2162 κοχλιάριον
703 2137 1055 2149 .....
1094 2103 1150 2146 48
1186 2105 1243 2145 24
1279 2103 1306 2145 8
1344 2106 1384 2146 2.

95 2186 210 2243 Quid
243 2188 290 2232 in
320 2186 405 2234 hac
429 2194 613 2248 praeter
636 2188 847 2248 cyathum
875 2186 1020 2232 simile
1047 2193 1116 2231 est
1142 2185 1272 2231 alteri
1300 2184 1512 2231 tabulae?
1566 2186 1625 2230 At

96 2264 242 2304 exstat
282 2257 367 2303 alia
405 2260 502 2304 eius
549 2257 730 2318 generis
769 2256 920 2304 tabula
971 2270 1084 2318 quae
1117 2251 1251 2316 Περὶ
1296 2251 1506 2315 μέτρων
1539 2250 1624 2301 καὶ

97 2327 342 2387 εταθμῶν.
362 2322 712 2388 ἱππιατρικῶν
737 2328 1001 2375 inscribitur
1029 2324 1164 2387 (infra
1190 2327 1220 2386 g
1248 2324 1346 2387 79),
1385 2326 1462 2371 ubi
1490 2324 1624 2385 plane

98 2399 253 2445 eodem
290 2399 423 2445 modo
461 2400 661 2445 minores
698 2413 939 2445 mensurae
970 2397 1261 2444 definiuntur.
1315 2395 1410 2451 Qua
1442 2395 1623 2455 quidem

98 2469 262 2516 collata
291 2471 362 2516 hic
388 2469 607 2515 nonnulla
635 2476 712 2515 aut
741 2470 967 2515 emendari
1001 2475 1078 2514 aut
1108 2467 1329 2512 illustrari
1355 2472 1624 2526 potuerunt.

95 2541 294 2586 Primum
322 2542 366 2585 in
394 2539 643 2586 cochlearis
666 2540 868 2600 pondere
889 2538 1062 2586 correxi
1087 2532 1341 2597 δηνάριον
1366 2530 1483 2595 ἤτοι
1506 2531 1622 2582 (τά-

97 2623 216 2667 γιον
239 2606 297 2660 ἓν
324 2605 492 2669 ἥμιευ,
521 2610 640 2670 quod
664 2610 1035 2670 quemadmodum
1060 2607 1366 2668 accipiendum
1393 2607 1469 2664 sit,
1495 2613 1624 2667 post-

98 2681 182 2745 hac
221 2678 578 2742 explicabitur¹).
649 2681 760 2726 Tum
802 2675 975 2727 (ίκλον
1012 2684 1200 2740 apparet
1230 2690 1468 2739 perperam
1503 2678 1624 2722 inter

214 2877 257 2930 3)
288 2877 421 2918 Haec
455 2879 525 2917 est
553 2873 788 2916 luculenta
821 2872 1009 2914 Christii
1049 2873 1315 2913 coniectura.
1344 2871 1375 2912 1.
1408 2883 1448 2913 c.
1478 2883 1520 2923 p.
1553 2872 1623 2910 55.

218 2935 258 2985 1)
290 2935 360 2973 Ex
388 2933 566 2973 ratione
599 2931 731 2971 huius
762 2929 949 2970 tabulae
990 2929 1207 2983 amphora
1245 2929 1452 2968 Romana
1482 2926 1624 2966 habet

104 2990 368 3031 cochlearia
405 2989 538 3038 46083
593 2988 739 3027 eidem
781 2991 932 3026 autem
973 2987 1250 3026 conveniunt
1295 2985 1449 3037 stagia
1489 2983 1621 3032 57603

1294 3051 1366 3103 7*
