1946 3220
549 152 883 188 smum-omes
911 152 1174 189 GRAECOS.
1517 136 1617 190 127

493 263 560 304 De
589 264 792 304 mensuris
821 263 1005 305 eiusdem
1034 262 1215 307 tabulae.

195 337 397 384 Primum
422 352 447 384 a
472 343 687 384 contextu
714 337 892 384 tabulae
919 344 1138 399 quattuor
1163 338 1352 398 exiguae
1376 351 1618 387 mensurae
1638 332 1704 384 '76

90 408 367 469 separandae
393 414 525 466 sunt,
553 422 670 469 quae
698 408 810 454 nihil
837 409 890 454 ad
921 407 1120 469 reliquas
1146 411 1392 470 pertinent.
1446 410 1617 456 Alienis

88 477 204 525 locis
240 478 360 524 inter
396 478 541 524 media
570 478 771 539 pondera
808 478 1052 525 interserta
1087 486 1192 526 sunt
1230 475 1496 541 βαειλικόν
1526 475 1617 529 κά·

88 560 223 608 ρυον
249 548 337 608 (16)
370 555 415 595 et
441 545 575 610 χήμη
602 543 633 608 ἡ
665 544 862 610 μεγάλη
892 545 975 597 καὶ
998 545 1030 610 ἡ
1054 545 1208 610 μικρά
1235 548 1341 613 (17),
1370 565 1485 612 quae
1510 557 1619 613 post

87 614 399 681 κοχλιάριον
428 619 515 679 (19)
543 620 761 667 collocari
789 620 1029 667 debebant.
1066 622 1215 681 Atque
1244 622 1378 667 etiam
1403 616 1620 682 κοχλιά-ι

87 701 205 750 ριον
231 698 474 752 propterea
495 691 550 738 ab
577 690 633 737 iis
656 705 770 752 quae
796 698 1052 753 sequuntur
1077 691 1273 737 alienum
1298 705 1399 738 esse
1425 693 1615 751 videtur,

88 761 211 821 quod
249 762 294 807 id
336 761 483 808 solum
520 762 749 823 pondere,
785 777 878 809 non
915 776 1154 808 mensurae
1183 762 1361 809 ratione
1387 762 1615 810 definitur.

86 831 204 878 Haec
230 833 374 892 igitur
400 834 644 893 separatim
670 828 973 893 ponamus¹):

423 897 729 963 κοχλιάριον
763 898 871 962 ἔχει
894 898 929 966 <
955 896 1004 950 α’

423 969 558 1034 χήμη
585 968 617 1033 ἡ
643 969 798 1034 μικρὰ
825 969 933 1034 ἔχει
956 968 991 1037 <
1018 965 1064 1034 β’

425 1039 560 1105 xviim
586 1039 618 1104 ἡ
645 1039 843 1105 μεγάλη
871 1039 979 1106 ἔχει
1005 1039 1040 1108 <
1062 1036 1111 1101 τ’

422 1110 486 1163 τὸ
516 1111 781 1176 βαειλικὸν
807 1109 1008 1176 κάρυον
1038 1109 1147 1175 ἔχει
1169 1109 1205 1179 <
1230 1107 1277 1164 δ’

154 1183 373 1246 Deinceps
403 1187 599 1245 genuina
623 1201 939 1233 mensurarum
967 1186 1117 1233 tabula
1143 1187 1354 1247 sequitur
1379 1182 1615 1250 (zo—28),

84 1254 163 1301 ubi
191 1256 387 1316 primum
413 1251 638 1316 κύαθος,
664 1252 858 1317 κοτύλη
892 1257 983 1303 sive
1007 1251 1291 1318 τρυβλίον,
1317 1252 1495 1317 ξέετηε
1521 1258 1616 1303 sive

83 1319 225 1374 ἴνιον
251 1325 426 1386 vulgari
454 1328 631 1374 ratione
659 1327 961 1384 definiuntur3
991 1335 1085 1374 tum
1120 1330 1268 1374 minus
1302 1330 1524 1385 usitatae,
1562 1334 1615 1374 ut

82 1395 289 1455 videtur,
323 1411 564 1444 mensurae
593 1398 818 1444 adduntur
843 1393 1123 1460 ὀξύβαφον
1153 1399 1246 1445 sive
1274 1394 1440 1458 κόγχη
1465 1393 1498 1457 ἡ
1526 1410 1614 1458 με·

82 1461 247 1526 γάλη,
273 1462 305 1527 ἡ
332 1463 571 1516 ἐλάττων
597 1464 790 1529 κόγχη,
819 1465 1050 1529 μύει-ρον
1073 1464 1136 1518 τὸ
1162 1463 1321 1529 μέγα,
1346 1465 1409 1517 τὸ
1436 1463 1615 1528 μικρό-

82 1549 243 1597 τερον
282 1534 582 1601 (μύετρον);
632 1540 828 1601 denique
862 1538 994 1600 χοῦς
1030 1546 1076 1587 et
1110 1537 1279 1601 χοῖνιξ
1315 1538 1613 1601 explicantur.

82 1605 279 1663 Quarum
310 1622 622 1656 mensurarum
649 1625 866 1656 summam
894 1611 1035 1658 habes
1062 1611 1201 1658 hanc:

406 1720 518 1770 χοῦς
908 1722 945 1760 1²

391 1819 538 1870 χοῖνιξ
848 1791 960 1860 —4
977 1791 1101 1882 -Π

904 1921 930 1960 6
1004 1941 1061 1949 ..-

298 1915 455 1970 ξὲετηε
468 1949 479 1970 ,
510 1915 631 1959 ἴνιον

236 2015 436 2069 κοτύλη,
468 2014 688 2069 τρυβλίον
878 2019 929 2058 12
1019 2019 1045 2058 3
1148 2019 1174 2059 2

845 2185 1604 2197 ———-————-—-—-—

373 2214 548 2259 κύαθος
875 2238 932 2246 -
1005 2238 1057 2245 —
1131 2238 1189 2245 —
1275 2214 1301 2254 6

265 2314 481 2359 ἐλάττων
511 2315 658 2369 κόγχη
875 2337 932 2345 -
1002 2339 1060 2347 -.
1133 2338 1186 2345 -
1244 2312 1343 2368 (12)
1387 2334 1446 2342 .-.
1531 2319 1558 2358 2

286 2414 401 2467 μέγα
432 2415 636 2469 μύετρον
875 2438 931 2444 -
1005 2438 1057 2445 -
1093 2400 1097 2478 Ι
1133 2438 1184 2446 —
1263 2415 1315 2453 16
1389 2433 1442 2441 —
1515 2436 1573 2445 -

849 2483 1598 2496 ————————

202 2515 480 2569 μικρότερον
513 2513 716 2567 μύετρον
876 2537 926 2544 -
1003 2538 1060 2546 —-
1094 2495 1097 2576 Ι
1130 2537 1188 2545 --
1260 2515 1314 2555 22
1388 2532 1442 2541 -—
1514 2533 1572 2544 —-

83 2671 255 2726 ὀβολὸν
286 2666 340 2715 α’.
398 2672 459 2713 At
488 2671 576 2713 hoc
606 2669 722 2711 nihil
755 2674 846 2724 est,
876 2683 983 2713 nam
1007 2683 1063 2712 ea
1084 2669 1304 2712 drachma
1322 2670 1490 2726 pretio,
1521 2682 1612 2711 non

114 2730 308 2782 nudem,
341 2733 413 2770 est
443 2732 576 2769 sexta
606 2727 788 2768 denarii
818 2741 941 2781 pars.
1002 2727 1152 2780 Atque
1185 2726 1290 2768 aliis
1323 2727 1463 2768 etiam
1493 2726 1611 2768 locis

82 2743 214 2838 Ξγειν
246 2790 292 2827 et
322 2783 445 2837 ἔχειν
476 2798 504 2824 a
524 2783 854 2838 posterioribus
875 2783 1177 2839 scriptoribus
1196 2783 1322 2825 inter
1342 2795 1392 2824 se
1415 2783 1612 2825 confusa

86 2846 192 2884 sunt
211 2843 340 2884 videt
374 2842 430 2882 fr.
455 2842 524 2892 65,
548 2843 589 2881 4.

199 2897 242 2950 1)
271 2899 343 2940 Ad
373 2910 430 2939 ea
452 2900 727 2950 argumenta
748 2897 1071 2950 gravissimum
1101 2895 1217 2938 illud
1247 2895 1455 2947 accedit,
1490 2895 1610 2947 quod

83 2955 134 2996 in
154 2954 304 2997 altera
324 2953 485 2996 tabula
509 2953 822 3006 Cleopatrana
856 2957 1062 2995 extrema
1093 2956 1164 2995 est
1195 2951 1453 2996 cochlearis
1483 2964 1608 2991 men·
