1946 3220
586 153 906 190 SCRIPTORES
933 153 1188 190 amcos.
1543 136 1643 190 131

113 267 259 314 factae
286 274 393 313 sunt
408 262 441 326 ¹)
478 273 614 327 atque
643 269 707 313 ita
733 273 780 313 et
804 268 982 329 cotylae
1016 274 1064 314 et
1098 265 1379 329 reliquarum
1412 281 1646 315 mensura-

113 351 216 384 rum
241 337 404 384 modus
431 338 593 398 quinta
616 343 747 398 parte
773 344 844 383 est
871 344 1047 385 auctus.

219 421 327 468 Inde
360 422 495 467 etiam
530 421 660 468 locus
697 422 919 468 secundae
947 421 1128 469 tabulae
1159 436 1293 484 quem
1329 436 1468 484 supra
1493 436 1645 469 emen-

111 492 313 538 davimus
338 491 523 552 egregie
548 491 823 538 illustratur.
865 491 1043 539 Etenim
1081 493 1203 554 quod
1237 495 1283 539 in
1316 492 1448 540 libris
1473 494 1645 540 inveni—

114 569 211 608 tur:
236 557 300 610 τὸ
330 556 638 622 κοχλιάριον
665 557 924 622 δηνάριον
949 559 1069 623 ἤτοι
1103 558 1317 621 ετάγιον
1350 559 1503 624 ἥμιευ
1538 578 1646 626 pro-

110 639 270 694 pterea
294 640 565 694 corruptum
590 646 691 679 esse
717 641 922 695 apparet,
948 635 1073 695 quod
1093 647 1145 680 ex
1170 634 1270 695 ipsa
1290 635 1492 680 eiusdem
1510 634 1646 681 tabu-

109 700 181 748 lae
194 704 370 750 ratione
386 703 615 751 cochleari
630 705 825 764 stagium
836 719 978 751 unum
988 718 1088 752 cum
1108 704 1358 766 quadrante
1371 707 1584 752 convenit
1593 702 1644 765 2).

107 772 201 819 Nos
241 780 392 820 autem
438 774 616 821 ratione
653 774 880 821 subducta
919 789 944 822 e
979 774 1130 836 cotyla
1166 775 1240 820 XII
1276 776 1512 822 unciarum
1550 774 1645 822 illic

111 838 326 901 ζτάγιον
361 840 421 893 ἓν
444 838 600 904 ἥμιευ
630 846 899 906 scripsimus
916 881 929 904 ,
960 846 1082 906 quod
1112 845 1293 906 quidem
1319 859 1514 906 prorsus
1537 860 1645 892 con-

108 916 236 974 gruit
262 929 364 962 cum
389 915 476 962 hac
500 915 776 976 hippiatrica
803 915 974 974 tabula,
1001 915 1080 962 ubi
1106 916 1164 962 VI
1187 915 1390 977 scripula
1418 915 1645 963 cochleari

108 984 390 1032 tribuuntur.
440 985 504 1031 Ne
534 984 703 1044 multa,
731 987 869 1033 etiam
893 988 940 1032 in
967 987 1168 1033 secunda
1194 986 1374 1045 tabula,
1416 987 1503 1033 etsi
1539 986 1646 1032 reli-

109 1069 226 1115 quae
259 1069 501 1103 mensurae
537 1071 562 1103 e
595 1055 801 1117 legitima
845 1056 1154 1104 Romanorum
1208 1058 1388 1105 ratione
1435 1055 1646 1104 definitae

107 1132 240 1184 sunt,
273 1134 424 1174 tamen
457 1126 667 1174 cochlear
694 1128 884 1189 perinde
923 1134 1059 1189 atque
1101 1130 1148 1174 in
1182 1129 1453 1190 hippiatrica
1495 1127 1646 1175 tabula

109 1196 165 1242 ad
193 1196 392 1258 cotylam
422 1198 496 1243 XII
520 1199 759 1245 unciarum
787 1205 1053 1246 revocatum
1079 1205 1163 1244 est.

218 1280 424 1329 Secunda
450 1283 590 1329 huius
616 1283 798 1330 tabulae
822 1298 957 1344 pars,
994 1289 1047 1328 ut
1082 1284 1172 1328 iam
1207 1281 1586 1343 significavimus,
1621 1297 1647 1330 e

107 1352 266 1412 priore
314 1354 361 1398 in
414 1353 597 1399 brevius
642 1361 877 1400 contracta
914 1359 1012 1409 est,
1053 1367 1136 1400 nec
1172 1353 1419 1415 quidquam
1454 1353 1509 1400 ad
1545 1367 1644 1400 eam

107 1422 442 1482 adnotandum,
487 1424 575 1469 nisi
616 1424 739 1484 quod
774 1432 883 1484 post
920 1418 1135 1484 γράμμα
1171 1421 1260 1487 (12)
1301 1425 1500 1470 semissis
1533 1430 1643 1470 nota

105 1491 246 1553 vulgo
285 1493 455 1539 omissa
492 1500 589 1553 est,
627 1501 675 1541 et
708 1496 830 1541 inter
855 1495 1059 1556 pondera
1087 1489 1265 1543 είκλον
1302 1494 1492 1540 affertur
1519 1490 1566 1557 (3
1588 1498 1644 1538 72

106 1563 254 1623 extr.).

211 1646 376 1694 Minam
422 1662 539 1710 quae
583 1651 629 1695 in
672 1651 810 1696 tertia
851 1655 984 1710 parte
1018 1649 1271 1711 explicatur
1309 1649 1363 1695 ad
1399 1647 1641 1710 lignarium

104 1718 330 1766 talentum
355 1719 710 1766 Alexandrinum
743 1722 977 1781 pertinere
1013 1735 1153 1782 supra
1177 1720 1540 1766 demonstratum
1572 1727 1643 1766 est

107 1788 155 1848 (S
181 1788 273 1848 70),
300 1790 551 1851 eodemque
578 1789 683 1837 loco
710 1791 765 1836 de
783 1790 901 1837 libra
925 1790 995 1836 XC
1022 1791 1259 1837 holcarum
1279 1789 1473 1836 diximus
1486 1789 1534 1849 (S
1554 1786 1640 1851 71).

106 1859 307 1921 Denique
336 1855 594 1921 δηνάριον
625 1861 680 1906 lV
712 1861 1021 1923 scripulorum
1049 1868 1119 1907 est
1150 1862 1359 1922 exagium
1382 1860 1642 1906 Constanti-

107 1931 292 1977 nianum
321 1930 368 1991 (S
396 1930 486 1990 58),
515 1933 646 1978 cuius
669 1934 716 1978 in
742 1932 918 1992 reliqua
944 1931 1098 1978 tabula
1126 1930 1252 1978 nulla
1275 1930 1327 1977 fit
1353 1931 1541 1978 mentio.

320 2111 389 2151 De
419 2118 571 2153 octava
600 2125 890 2153 mensurarum
922 2112 1065 2153 tabula
1096 2109 1214 2165 (cap.
1248 2110 1415 2163 XIII).

213 2211 383 2258 Tabula
412 2208 547 2273 Περὶ
582 2209 793 2273 μέτρων
828 2208 1011 2273 ὑγρῶν
1055 2229 1189 2275 quam
1219 2228 1305 2259 nos
1346 2219 1504 2259 octavo
1533 2210 1635 2258 loco
1659 2205 1726 2256 80

105 2279 441 2343 numeramus³)
470 2298 523 2329 ex
554 2285 711 2330 eodem
739 2285 868 2330 sonte
896 2299 985 2345 quo
1013 2286 1160 2345 prima
1187 2285 1413 2345 expositio
1439 2283 1494 2328 de
1517 2296 1640 2328 men-

219 2505 261 2556 1)
302 2505 370 2546 Ne
410 2506 511 2557 quis
551 2505 598 2544 in
636 2505 727 2546 hac
769 2505 933 2546 tabula
973 2506 1194 2546 metricas
1226 2504 1392 2544 uncias
1422 2503 1638 2556 intellegi

103 2573 238 2614 posse
282 2562 536 2612 existimet,
588 2562 855 2602 meminerit
893 2561 1129 2602 cochleari
1168 2561 1309 2601 tribui
1349 2560 1556 2614 scripula
1595 2562 1634 2610 6,

103 2617 224 2658 unde
256 2617 308 2657 fit
340 2618 496 2670 cotyla
526 2618 767 2658 unciarum
801 2620 867 2667 12,
903 2618 1255 2658 stathmicarum
1289 2618 1485 2658 scilicet.
1545 2617 1636 2657 Ac.-

105 2673 232 2714 cedit
263 2675 462 2715 omnium
493 2674 774 2728 reliquarum
805 2674 1068 2715 tabularum
1090 2674 1343 2715 similitudo
1361 2705 1371 2725 ,
1405 2674 1452 2714 in
1475 2674 1638 2726 quibus

101 2730 272 2783 ubique
302 2731 580 2785 stathmieae
612 2732 782 2771 unciae
814 2731 1123 2772 inveniuntur.

217 2787 261 2838 2)
292 2788 347 2827 V.
381 2800 523 2841 supra.
553 2789 577 2837 ξ
610 2789 663 2828 59
696 2787 799 2828 adn.
837 2790 875 2827 1.

217 2843 260 2894 3)
303 2843 526 2894 Quartam
565 2843 774 2884 tabulam
817 2843 952 2896 (prol.
986 2844 1010 2894 ξ
1043 2842 1115 2895 61)
1157 2847 1407 2897 sequuntur
1446 2841 1641 2895 Cleopa·

103 2902 270 2940 tranae
302 2900 420 2941 duae
454 2905 501 2942 et
521 2895 622 2941 ‘una
653 2901 952 2954 hippiatrica.
1018 2901 1130 2942 Inde
1162 2900 1281 2942 haec
1315 2899 1422 2952 περὶ
1454 2897 1640 2951 μέτρων

101 2953 261 3008 ὑγρῶν
292 2960 505 2999 octavum
535 2957 686 2999 locum
717 2957 910 2999 obtinet.

1308 3026 1340 3077 9
1364 3028 1391 3056 εκ
