1946 3220
1511 144 1646 210 ³⁵35

4 258 7 293 ᾖ
46 256 141 321 'f
199 264 298 340 Ill.
339 273 531 320 Adiunxi
573 274 734 321 deinde
774 274 974 336 quinque
1011 273 1185 322 tabulas
1229 274 1395 336 quibus
1433 282 1512 322 aut
1545 275 1643 322 sola

123 344 325 406 pondera
362 350 441 392 aut
481 345 683 406 pondera
727 352 773 391 et
815 357 1052 392 mensurae
1095 345 1405 406 explicantur,
1448 347 1643 407 primum

12 466 13 469 Ἴ
43 419 57 446 ³³
123 413 245 461 illam
270 414 534 462 Bobiensem
561 413 633 474 (fr.
663 414 810 474 132),
846 415 901 461 de
934 429 1024 476 qua
1058 415 1173 462 infra
1201 416 1464 476 singillatim
1489 416 1644 478 dispu-

42 488 51 494 ‘
125 492 266 531 tatum
286 491 371 548 *est
396 481 445 546 (S
474 483 622 544 122),
658 492 753 531 tum
790 486 901 531 duas
935 496 965 531 e
986 486 1215 533 codicibus
1240 486 1294 532 IX
1320 487 1390 533 vel
1415 486 1452 532 X
1476 486 1644 533 saeculi

46 557 67 613 :-
121 556 366 616 repetitas,
398 555 585 601 alteram
612 569 636 601 e
659 556 870 602 Bernensi
898 556 968 615 (l‘r.
997 556 1143 615 133),
1175 571 1199 603 e
1226 557 1433 604 Gudiano
1458 556 1645 604 alteram

40 647 47 654 >-
121 625 195 684 (fr.
225 625 370 685 134),
407 625 603 686 denique
637 626 747 672 duas
787 641 811 672 e
837 626 1167 673 Mutinensibus
1202 627 1330 674 libris
1360 627 1528 674 saeculi
1553 627 1645 673 Xlll

35 701 57 757 '¹
122 701 169 755 et
193 695 264 742 XV
290 696 540 757 descriptas
567 695 638 755 (sr.
666 696 779 744 135.
814 694 949 757 136),
975 697 1030 742 de
1056 697 1222 758 quibus
1249 712 1365 758 quae
1393 698 1645 744 adnotanda

15 774 54 806 ’4.
121 772 276 813 essent
306 767 455 813 omnia
482 769 671 827 exposui
699 769 744 813 in
770 767 1066 828 praefatione.

24 895 30 902 „
223 836 291 883 lV.
332 838 444 884 Tum
477 839 661 898 perveni
698 838 753 883 ad
789 837 876 884 alia
916 852 1039 898 quae·
1066 845 1263 884 extrema
1293 845 1400 884 sunt
1428 845 1473 884 et
1498 845 1644 884 aetate

12 904 17 912 ’
45 947 62 965 ,
121 913 166 954 et
200 910 485 954 auctoritate.
546 907 660 954 Sunt
696 916 904 970 excerpta
932 922 984 954 ex
1010 908 1183 955 Isidoro
1210 902 1233 954 e
1261 908 1463 955 Gudiano
1489 909 1644 955 codice

39 970 46 977 ³
121 992 145 1023 a
169 978 452 1025 Lachmanno
489 978 636 1036 edita,
679 994 795 1039 quae
830 993 931 1025 cum
966 980 1130 1040 partim
1167 993 1191 1025 a
1228 979 1359 1026 nobis
1396 979 1644 1025 secundum

122 1048 384 1096 Vaticanum
409 1049 574 1096 librum
601 1041 1040 1110 praestantissimum
1064 1052 1290 1097 recenseri
1318 1057 1526 1111 possent,
1552 1063 1643 1095 non

41 1119 43 1122 ’
120 1119 420 1166 dubitavimus
455 1133 506 1166 ea
541 1121 586 1165 in
620 1120 737 1166 lianc
771 1120 1086 1167 collectionem
1123 1122 1326 1181 recipere
1360 1119 1432 1178 (fr.
1473 1120 1639 1167 137—

11 1182 18 1191 ³
125 1188 259 1248 139).
323 1189 411 1236 Sed
442 1190 638 1237 alienum
662 1205 686 1236 a
711 1193 952 1252 proposito
977 1191 1184 1237 duximus
1208 1191 1285 1237 illa
1313 1191 1475 1237 Isidori
1498 1191 1644 1251 capita

121 1267 329 1322 repetere
358 1274 471 1322 quae
498 1260 621 1308 nulla
651 1261 746 1307 sere
772 1275 820 1307 re
848 1263 1080 1307 immutata
1112 1275 1164 1307 ex
1187 1261 1361 1308 Isidoro
1393 1260 1645 1322 descripse-

31 1340 35 1346 ·
120 1338 228 1376 runt
259 1338 436 1377 veteres
469 1333 747 1392 gromaticae
782 1332 1065 1378 collectionis
1092 1338 1329 1390 auctores,
1365 1331 1594 1392 ediditque
1620 1345 1644 1376 e

123 1401 280 1448 codice
305 1401 507 1449 Gudiano
534 1402 768 1462 alteroque
786 1403 1105 1449 Rostochiensi
1124 1403 1436 1449 Lachmannus
1461 1401 1520 1462 (p.
1541 1401 1643 1448 366

31 1509 35 1511 .
120 1471 293 1530 —70).
346 1471 467 1518 Haec
491 1486 593 1518 cum
620 1473 924 1519 vetustissima
950 1473 1107 1518 Isidori
1137 1472 1337 1518 editione
1364 1485 1508 1533 nuper
1536 1486 1645 1518 con-

38 1592 46 1601 „
122 1542 225 1588 tulit
263 1541 310 1587 G.
345 1540 718 1601 Friedleinius²)‚
755 1531 998 1603 eademque
1040 1557 1161 1589 nunc
1195 1544 1429 1589 maximam
1470 1549 1645 1603 partem

121 1625 382 1673 comparare
419 1613 525 1659 licet
555 1627 656 1658 cum
682 1613 841 1659 Isidori
872 1620 1087 1660 contextu
1119 1627 1143 1659 e
1174 1615 1492 1660 vetustissimis
1517 1612 1646 1658 libris

121 1698 144 1729 a
181 1683 314 1728 nohis
342 1682 464 1728 edito
482 1717 495 1739 ,
532 1683 651 1730 unde
677 1683 913 1744 apparebit
942 1698 966 1729 e
992 1683 1221 1730 codicibus
1249 1685 1325 1744 qui
1356 1684 1524 1729 similes
1550 1683 1648 1729 fue-

32 1807 37 1811 ,
120 1760 227 1799 runt
246 1751 580 1800 Monacensium
605 1753 798 1799 duorum
811 1749 845 1812 ³)
870 1754 1213 1814 compilatorem
1233 1749 1498 1800 hoslsidori
1517 1753 1645 1800 locos

35 1834 42 1856 ῑ
120 1825 403 1884 repetivisse.
480 1824 594 1870 Sunt
628 1831 863 1884 praeterea
897 1823 986 1871 loci
1028 1824 1207 1884 quidam
1246 1824 1300 1869 de
1341 1824 1564 1869 mensuris
1598 1825 1644 1868 in

568 159 899 199 soBlP'romss
935 158 1203 196 noumos.

46 2004 50 2006 ’
123 2007 192 2044 est
221 2002 370 2054 (nulla
403 2004 522 2044 enim
555 2007 625 2044 est
654 2003 846 2056 simplex
877 2003 1009 2044 radix
1041 2004 1139 2044 eius
1170 2004 1345 2043 numeri
1385 2002 1646 2056 quadrata),

75 2065 83 2074 ⁴
120 2059 258 2101 initio
290 2061 524 2113 quadratus
555 2061 732 2100 correxi
763 2061 810 2100 in
831 2061 1078 2112 quadratas.
1137 2061 1278 2101 Porro
1309 2060 1540 2112 antiquior
1570 2059 1647 2112 qui

43 2139 46 2143 ·
126 2115 234 2157 dam
275 2121 436 2157 auctor
475 2117 726 2170 scripserat
765 2117 972 2169 iugerum
1014 2117 1068 2156 in
1111 2116 1361 2157 circuitu
1401 2116 1546 2166 (conf.
1587 2116 1643 2156 fr.

128 2174 225 2226 128,
258 2171 300 2223 5)
353 2172 526 2214 habere
574 2173 777 2226 perticas
817 2174 869 2214 72
908 2173 1029 2222 (nam
1069 2172 1211 2214 habet
1247 2172 1359 2213 bina
1395 2171 1545 2213 latera
1575 2173 1648 2222 24,

35 2230 38 2231 ’
123 2228 235 2269 bina
258 2231 308 2269 12
339 2230 639 2282 perticarum3
670 2229 789 2269 unde
821 2229 896 2270 hic
928 2230 1123 2282 scriptor
1144 2228 1338 2270 absurde
1372 2228 1526 2269 effecit
1554 2229 1645 2269 sin-

0 2287 2 2289 ’
73 2284 231 2338 'gula
262 2285 414 2326 latera
447 2298 547 2327 esse
581 2287 633 2327 18
664 2286 942 2338 perticarum
983 2286 1208 2335 (nimirum
1239 2297 1328 2324 non
1358 2285 1476 2326 vidit
1504 2284 1644 2325 talem

0 2343 1 2386 j
121 2341 391 2394 quadratam
431 2341 623 2395 figuram
660 2342 830 2383 habere
870 2343 1074 2395 perticas
1105 2339 1210 2394 324,
1243 2354 1333 2381 non
1363 2340 1479 2392 288).
1539 2341 1642 2381 Hoc

0 2440 1 2445 ,
43 2395 47 2401 ’
121 2397 262 2450 igitur
293 2397 347 2438 de
381 2398 607 2451 quadrata
636 2398 787 2451 iugeri
819 2397 966 2450 figura
996 2399 1167 2439 erravit
1205 2397 1419 2450 scriptor:
1466 2396 1644 2450 reliqua

44 2470 54 2507 ᾗ
123 2458 277 2494 autem
310 2467 425 2507 quae
457 2454 600 2498 teadit
629 2454 813 2494 minime
836 2454 1149 2508 neglegenda:
1181 2453 1373 2506 primum
1396 2465 1497 2494 esse
1518 2466 1641 2494 men·

58 2558 64 2563 .
122 2522 274 2551 suram
308 2510 535 2563 quandam
565 2510 843 2562 tabulam,
876 2514 1085 2563 quartam
1115 2510 1263 2563 iugeri
1293 2513 1492 2562 partem,
1524 2521 1642 2562 quae

35 2578 43 2596 ··
124 2565 296 2607 habeat
326 2567 531 2620 perticas
562 2567 812 2620 quadratas
844 2568 920 2615 72;
971 2571 1065 2606 tum
1103 2567 1310 2617 iugerum
1351 2578 1518 2618 capere
1551 2578 1644 2606 ca·

49 2667 56 2670 ,
121 2627 378 2664 strenses
408 2623 624 2664 modios
654 2626 704 2664 3:
757 2635 842 2675 quo
885 2636 940 2662 ex
979 2622 1081 2663 loco
1122 2621 1322 2663 efficitur
1361 2626 1642 2663 castrensem

35 2690 43 2699 ³
119 2678 318 2720 modium
350 2679 523 2721 duobus
553 2679 821 2732 vulgaribus
854 2678 1017 2720 modiis
1049 2678 1291 2731 aequalem
1324 2677 1466 2719 fuisse
1500 2678 1639 2730 (conf.

31 2783 35 2789 .
120 2734 209 2777 vol.
239 2735 321 2789 Ip
327 2737 423 2778 ,40
453 2735 523 2787 s..)

237 2791 280 2842 2)
293 2749 366 2832 pV.
399 2791 700 2833 Fleckeiseni
732 2790 924 2832 annales
957 2791 1064 2831 1863
1095 2804 1137 2843 p.
1171 2791 1305 2832 6613.

41 2878 59 2891 .-
234 2847 276 2900 3)
311 2847 442 2895 Cffonf
474 2848 616 2890 verba
648 2848 792 2900 apud
797 2847 1140 2888 Lachmannum
1172 2860 1214 2900 p.
1246 2848 1352 2899 367,
1388 2849 1440 2887 14
1472 2859 1508 2890 s.
1543 2860 1642 2888 cum

50 2930 85 2935 --
121 2906 278 2945 nostra
317 2905 421 2945 adn.
455 2906 554 2946 crit.
588 2905 645 2944 ad
677 2905 732 2945 fr.
767 2905 869 2955 123,
904 2907 948 2950 1,
988 2908 1081 2944 tum
1123 2903 1245 2956 apud
1282 2903 1568 2947 Lachmann.
1599 2917 1642 2957 p.

42 2963 46 2970 ”
98 2959 218 3011 ’368,
256 2962 306 3000 11
340 2972 398 3001 ss.
433 2974 533 3002 cum
566 2961 719 3002 adnot.
751 2960 808 3000 ad
839 2959 895 3002 fr.
929 2961 1032 3012 123,
1067 2961 1158 3000 14.·

44 3032 47 3033 ⁷
1354 3028 1387 3081 3
1400 3030 1428 3061 *
