1946 3220
212 0 224 3 “
243 0 271 13 κ’
286 0 405 25 *0ng
425 0 522 17 ''vt-“ff
546 0 568 16 z:
649 0 663 7 ·
683 0 732 13 „m
772 0 791 7 ··
882 6 907 18 a.
948 0 954 3 ·
984 4 998 9 *-
1023 6 1025 9 .
1052 11 1054 14 ,
1135 0 1146 9 r
1190 2 1203 16 ·.
1259 0 1628 30 swfft‘sssszffltrssfflw

280 28 282 30 v
342 19 357 42 'i
382 24 393 33 ··
475 18 481 30 ³
924 28 926 31 -
1001 23 1007 29 ν
1140 23 1141 26 =
1187 25 1190 27 Δ
1282 22 1294 25 ⁷-
1341 27 1344 33 ,
1390 17 1434 36 02„
1454 17 1474 33 »ε
1493 23 1531 37 ·.,

767 54 771 55 ⁷
922 45 931 49 x
1452 45 1458 49 <
1603 55 1606 58 ,
1720 47 1722 50 .
1737 46 1754 53 ..

300 150 364 200 12
810 163 1212 197 PROLEGOMENA
1237 165 1292 196 Iu

298 281 414 340 quid
441 293 553 338 erqo
579 291 809 321 mensura
833 281 896 321 sit
927 277 986 320 de
1012 291 1106 335 qua
1132 279 1405 334 quaeritur,
1443 282 1701 321 tractemus
1726 275 1827 336 (his
1893 287 1911 337 ⁴32¹

296 352 439 409 igitur
476 347 622 392 verbis
661 347 860 406 scriptor
896 346 1012 391 redit
1037 346 1092 392 ad
1116 345 1439 406 propositum).
1502 345 1598 391 Hoc
1620 346 1723 392 loco
1749 346 1827 392 fa*
1900 346 1939 401 ’,ς

298 418 381 466 cile
417 422 606 477 apparet
647 415 800 462 eadem
839 417 1012 462 ratione
1038 415 1223 462 Balbum
1256 430 1388 461 usum
1424 429 1523 460 esse
1560 429 1650 476 qua
1673 416 1827 462 Hero·-
1915 463 1922 474 2

296 502 396 533 neu]
425 488 470 531 in
497 486 836 532 introductione
861 488 1137 546 geometriae
1151 481 1201 544 4).
1263 486 1385 542 Quae
1410 491 1558 531 autem
1583 490 1827 545 praeterea·
1891 482 1925 515 ⁶3²*

297 558 575 616 interposuit
600 556 655 601 de
681 556 845 601 latiore
867 549 1119 601 vmensurae
1157 555 1460 616 appellatione
1486 570 1535 601 ea
1562 569 1646 601 nec
1671 555 1828 601 aliena
1902 554 1937 613 'ts

297 634 404 672 sunt
431 641 453 671 a
481 626 722 686 proposito
749 640 832 671 nec
859 639 991 683 vero,
1033 627 1120 671 nisi
1147 625 1280 685 plane
1307 626 1512 672 mutilata
1539 639 1637 671 esse
1664 625 1831 670 existi·-

296 711 391 742 mes
417 696 540 742 Balbi
569 696 718 753 verba,
745 697 904 742 abesse
929 689 1183 756 possufitb).

407 780 623 840 Sequitur
648 782 840 840 primum
867 780 1048 825 brevior
1073 792 1311 825 mensurae
1337 779 1538 825 definitio
1556 815 1569 838 ,
1605 781 1732 824 cuius
1759 780 1831 824 si*
1912 767 1940 819 ἵῖ

301 850 423 895 milia
450 851 665 896 nonnulla
694 851 985 896 inveniuntur
1011 851 1128 911 apud
1148 846 1432 908 Hero‚nem⁶),
1462 857 1555 895 tum
1579 851 1676 910 ipsa
1695 862 1830 894 men·
1857 903 1859 905 ¹
1912 876 1930 893 4

300 935 508 966 surarum
548 921 713 966 tabula.
789 921 885 966 Uno
926 920 1062 965 verbo
1108 920 1357 966 absolvam:
1406 920 1566 965 Latino
1611 931 1833 965 sermone*

301 991 512 1036 Graecam
541 991 735 1051 aliquam
765 991 962 1036 tabulam
990 991 1180 1035 similem
1207 991 1488 1035 Heronianae
1524 989 1747 1036 secundae
1773 996 1820 1034 et
1862 1007 1865 1010 ·
1907 990 1911 994 ’

299 1061 535 1106 Euclideae
572 1063 633 1106 ita
671 1062 920 1120 expressit,
959 1068 1010 1106 ut
1046 1075 1188 1120 pauca
1226 1067 1397 1106 tantum
1435 1060 1621 1119 quaein
1648 1059 1832 1104 Graeco·
1928 1048 1946 1065 ’“

302 1128 508 1191 exemplo
545 1131 843 1176 abhorrerent
868 1145 891 1175 a
919 1131 1221 1176 Romanorum
1257 1145 1343 1175 usu
1380 1130 1446 1175 vel
1485 1131 1717 1175 omitteret
1750 1128 1829 1173 vel.-

298 1208 498 1246 mutaret
512 1198 561 1259 ⁷).
661 1202 664 1207 “

411 1398 453 1442 4)
485 1396 538 1434 111
562 1393 817 1433 recentiore
841 1393 1124 1446 geometriae
1146 1393 1293 1433 forma
1316 1405 1434 1445 quae
1455 1393 1503 1431 in
1523 1392 1653 1432 libris
1686 1403 1831 1431 manu·

300 1450 483 1502 scriptis
535 1453 687 1489 exstat
736 1449 864 1488 locus
906 1449 985 1488 ille
1024 1450 1224 1489 Heronis
1263 1450 1457 1488 maxime
1509 1446 1820 1488 memorabilis

303 1505 575 1558 appendicis
607 1505 756 1544 instar
787 1505 969 1544 additus
1003 1509 1086 1546 est.
1145 1505 1260 1544 Vide
1292 1506 1402 1544 Her.
1427 1517 1571 1556 geom.
1607 1517 1708 1555 cap.
1741 1503 1834 1543 106-

301 1562 375 1601 vel
407 1562 455 1600 in
485 1561 556 1600 his
587 1560 898 1612 metrologicis
930 1561 1231 1612 scriptoribus
1263 1561 1317 1600 fr.
1339 1562 1443 1611 4,'2‚
1477 1564 1524 1600 et
1555 1559 1675 1599 conf.
1709 1559 1819 1601 ibid.

302 1616 418 1669 prol.
451 1631 492 1669 p.
524 1619 593 1657 31.
654 1617 806 1656 Verba
846 1629 962 1668 quae
1001 1616 1174 1656 Balbus
1205 1617 1412 1656 imitatus
1446 1619 1515 1656 est
1544 1621 1649 1655 sunt
1680 1615 1820 1654 haec:

304 1670 369 1713 cic
409 1670 495 1712 οὖν
533 1671 620 1712 τὸν
662 1671 768 1723 περὶ
806 1673 891 1723 τῆς
932 1670 1197 1723 μετρήεεωε
1237 1672 1381 1722 λόγον
1412 1670 1669 1721 ἀναγκαῖόν
1700 1669 1832 1711 ἐςτιν·

306 1726 474 1769 εἰδέναι
505 1727 594 1779 τὴν
625 1730 725 1768 τῶν
757 1726 940 1779 μέτρων
973 1725 1113 1780 ἰδέαν,
1147 1733 1192 1768 et
1221 1728 1378 1780 paullo
1410 1732 1534 1780 post:
1585 1723 1822 1768 ὑποδείξο-

302 1796 385 1835 μεν
416 1783 465 1824 δὲ
495 1783 585 1835 τὴν
616 1786 715 1824 τῶν
748 1782 935 1835 μέτρων
964 1781 1103 1824 ἰδέαν.

413 1852 457 1905 5)
491 1853 657 1906 Spuria
691 1865 792 1893 esse
826 1854 1053 1895 iudicavit
1066 1854 1393 1893 Lachmannus
1415 1853 1508 1893 loci
1531 1865 1660 1906 quem
1685 1865 1823 1905 supra
1880 1871 1888 1879 ¹

300 1909 439 1958 attuli
469 1910 611 1950 verba
643 1923 736 1949 nam
765 1923 963 1950 mensura
991 1922 1133 1962 usque
1166 1910 1224 1949 ad
1263 1911 1558 1962 lonyitudinem
1588 1910 1820 1961 appellant.

297 1965 379 2016 At,
413 1978 605 2018 quaeso,
640 1966 887 2006 tolerarine
909 1970 1099 2019 possunt
1120 1966 1236 2006 duae
1259 1966 1520 2005 sententiae
1543 1978 1644 2017 eryo
1667 1965 1834 2018 nequid'
1898 2013 1903 2021 ἱ

302 2027 388 2061 cet.
425 2026 469 2061 et
501 2023 602 2074 quid
630 2035 732 2074 eryo
766 2027 855 2062 cet.
891 2023 1040 2063 altera
1065 2022 1257 2062 alteram
1282 2022 1556 2074 excipiens?
1584 2022 1684 2073 Ego
1706 2019 1823 2060 nihil

299 2078 486 2117 invenio
528 2078 576 2116 in
616 2090 667 2118 eo
707 2077 807 2118 loco
841 2079 958 2130 quod
991 2091 1017 2117 a
1048 2078 1185 2117 Balbi
1225 2077 1468 2130 eloquendi
1509 2089 1676 2129 genere
1709 2076 1822 2116 alie-

300 2145 406 2172 num
447 2133 517 2172 sit.
581 2133 669 2182 Qui
709 2134 843 2174 initio
883 2137 1056 2175 omnium
1093 2147 1377 2174 mensurarum
1407 2134 1715 2185 appellationes
1752 2132 1820 2171 in-

301 2188 488 2240 tellegit
517 2194 879 2240 yeometricarum‚
913 2203 1003 2231 non
1036 2189 1244 2232 aliarum.
1299 2189 1387 2229 Sed
1420 2190 1632 2240 quoniam
1665 2189 1821 2227 statim

299 2245 507 2284 meminit
547 2257 648 2285 esse
688 2250 933 2298 praeterea
973 2245 1068 2286 alia
1106 2258 1418 2285 mensurarum
1459 2257 1655 2297 genera,
1705 2244 1830 2284 haec·

301 2300 505 2341 breviter
548 2307 895 2351 commemorat,
948 2302 1026 2341 sed
1067 2300 1277 2341 consulto
1317 2300 1533 2341 ommittit
1574 2301 1819 2353 explicare.

302 2357 439 2409 Tum,
471 2357 562 2396 nisi
594 2357 712 2397 forte
745 2357 963 2397 nonnulla
1004 2358 1359 2409 interciderunt,
1400 2357 1566 2409 raptim
1608 2356 1727 2396 redit
1764 2355 1823 2396 ad

300 2414 582 2465 propositum
612 2413 768 2453 verbis
803 2415 905 2466 quid
933 2427 1034 2467 erqo
1065 2426 1260 2454 mensura
1289 2416 1344 2453 sit
1376 2417 1462 2452 cet.

413 2483 455 2530 6)
489 2483 542 2524 V.
565 2483 672 2525 Def.
699 2485 795 2525 120.
819 2485 912 2524 121.
964 2484 1079 2523 Tum
1095 2484 1362 2524 Heroniana
1394 2483 1554 2522 tabula
1583 2481 1653 2521 ΙΙΙ
1683 2480 1828 2534 plane

301 2537 368 2576 ita
409 2539 660 2590 composita
701 2543 794 2589 est,
848 2540 1225 2591 quemadmodum
1263 2540 1494 2592 praecipit
1530 2538 1729 2588 Balbus,
1774 2540 1833 2576 ut.

299 2594 784 2698 {naioqesgngeqnsurae—
803 2596 1054 2636 minoribus
1079 2597 1333 2648 quibusque
1358 2595 1647 2636 definiantur.
1690 2591 1822 2633 Conf.

351 2661 431 2700 pro
455 2678 463 2688 .
610 2683 620 2693 .

414 2718 454 2765 7)
487 2719 554 2757 Ad
585 2720 608 2767 ἐ
640 2722 664 2760 2
696 2719 788 2761 loci
820 2734 848 2760 a
879 2721 1012 2761 nobis
1046 2722 1161 2761 editi
1194 2721 1312 2763 conf.
1339 2719 1544 2760 tabulam
1566 2719 1736 2758 Heron.
1758 2719 1822 2766 ΙΙ,

302 2773 322 2810 1
359 2776 403 2810 et
432 2772 700 2814 Euclideam
735 2778 772 2815 1.
827 2776 1036 2817 Graecae
1069 2777 1257 2830 orgyiae
1289 2775 1533 2828 respondet
1565 2774 1686 2826 apud
1715 2773 1822 2813 Bal-

300 2827 404 2866 bum
427 2840 602 2879 passuS.
654 2831 879 2883 Reliquae
902 2846 1143 2873 mensurae
1175 2834 1298 2872 inter
1327 2845 1375 2872 se
1408 2831 1699 2881 conveniunt,
1732 2830 1832 2870 nisi⁴

302 2881 421 2934 quod
452 2884 498 2921 in
529 2884 623 2924 tab.
655 2886 764 2927 Her.
795 2887 1060 2938 miliarium,
1095 2890 1143 2929 in
1173 2888 1301 2930 Eucl.
1333 2887 1472 2927 uncia
1502 2886 1671 2926 omissa
1703 2889 1820 2935 sunt,

301 2938 420 2977 unde
452 2938 496 2976 in
521 2938 711 2980 Graecis
744 2942 915 2982 tabulis
948 2945 1172 2994 undecim,
1209 2944 1327 2997 apud
1358 2942 1552 2983 Balbum
1586 2941 1830 2982 duodecim
