1946 3220
282 134 316 190 8
532 134 534 137 ’
801 149 1206 187 ’,ΡηοιΕαοΜΕΝΑ
1231 150 1287 185 m

283 280 391 315 num
416 267 493 328 qui
526 266 669 314 libros
695 263 1050 325 conscripserint
1074 263 1284 310 notitiam
1316 262 1532 310 habemus
1567 289 1626 296 —
1656 252 1814 312 deceni

283 339 380 385 fere
416 338 541 384 video
578 335 831 383 enumerari
866 360 937 367 —
963 347 1116 380 verum
1159 341 1308 381 tamen
1354 348 1407 380 ex
1455 335 1579 380 omni
1617 349 1809 384 numero

284 416 379 455 tres
422 410 522 455 iure
560 408 796 467 elegerunt
832 419 948 465 quos
982 405 1036 450 de
1069 406 1293 451 mensuris
1330 411 1375 450 et
1411 405 1663 465 geometria
1699 408 1811 454 scri·
1866 451 1867 454 ,
1918 383 1939 473 l

283 478 433 540 psissc
471 486 549 525 aut
583 476 866 537 exploratum
893 481 1014 521 esset
1044 482 1121 522 aut
1146 475 1383 537 probabile
1410 477 1656 524 videretur.
1713 475 1811 532 Qua
1883 527 1886 529 ,
1915 507 1940 526 »ι

283 550 338 596 de
364 563 412 595 re
446 562 546 595 cum
581 549 754 608 primus
790 546 1020 593 Fabricius
1060 546 1106 592 in
1132 546 1411 594 Bibliotheca
1436 543 1645 608 Graecaff)
1675 561 1812 608 quae-

285 620 383 665 dam
410 617 666 679 attulisset,
701 618 812 665 satis
837 617 977 677 longo
1006 618 1243 664 intervallo
1271 625 1430 664 nostra
1459 618 1638 664 demum
1664 624 1813 666 aetate

283 690 329 736 id
354 694 672 750 argumentum
702 689 953 736 accuratius
982 694 1227 735 retractare
1260 696 1524 750 coeperunt.
1574 689 1682 737 Nam
1707 703 1812 735 eum

286 774 401 807 anno
431 761 565 806 huius
594 760 762 808 saeculi
787 759 876 805 XVI
903 759 956 806 ab
984 759 1258 807 Academicis
1283 760 1615 806 Parisiensibus
1641 774 1813 821 propo-

203 826 212 835 ’
283 832 420 877 situm
456 838 602 889 esset,
639 839 692 877 ut
726 832 841 877 ratio
868 845 1180 879 mensurarum
1217 831 1271 876 ab
1307 830 1487 876 Herone
1510 831 1813 878 Alexandrino

283 902 548 948 traditarum
588 901 887 963 explicaretur
928 908 973 947 et
1006 916 1107 949 cum
1141 902 1304 948 ceteris
1341 908 1546 948 veterum
1589 903 1814 947 mensuris

282 979 622 1034 compararetur
642 970 701 1035 ²),
740 973 1042 1031 Letronnius‚
1085 973 1152 1018 vir
1189 978 1370 1032 praeter
1405 979 1585 1019 ceteros
1630 971 1812 1018 subtilis

283 1043 462 1101 iudicii,
500 1050 590 1090 tam
619 1045 803 1104 egregie
830 1044 884 1088 de
908 1044 996 1090 hoc
1022 1050 1291 1104 argumento
1316 1043 1590 1103 disputavit,
1629 1049 1682 1089 ut
1723 1041 1835 1088 sol-'

283 1113 431 1160 lemne
460 1114 694 1160 doctrinae
726 1115 976 1175 praemium
1003 1114 1043 1159 ei
1069 1114 1364 1160 tribueretur.
1418 1113 1505 1159 Sed
1530 1115 1629 1174 ipse
1653 1120 1815 1174 postea

283 1185 404 1231 hunc
434 1184 600 1231 librum
637 1184 705 1230 vel
731 1184 830 1230 aliis
867 1185 1029 1230 studiis
1065 1191 1315 1245 occupatus
1353 1185 1421 1230 vel
1458 1184 1674 1245 religiosa
1707 1198 1816 1244 qua-

285 1255 383 1300 dam
410 1255 631 1301 modestIa
664 1262 870 1301 retentus
907 1255 1038 1302 edere
1077 1255 1253 1313 noluit⁷
1302 1269 1435 1315 quem
1478 1261 1587 1316 post
1620 1261 1814 1301 mortem

287 1325 385 1371 eius
422 1339 537 1372 anno
563 1326 741 1372 demum
769 1326 907 1372 huius
945 1326 1111 1372 saeculi
1137 1326 1190 1372 LI
1217 1326 1356 1372 edidit
1380 1321 1703 1385 Vincentius3).
1766 1326 1815 1371 In

283 1396 399 1442 idem
427 1403 742 1457 argumentum
769 1396 822 1443 ab
842 1397 1117 1443 Academicis
1140 1398 1428 1458 propositum
1452 1396 1587 1443 simul
1615 1411 1715 1443 cum
1733 1396 1818 1442 Le-

286 1466 468 1512 tronnio
508 1467 805 1527 inquisiverat
839 1481 988 1514 comes
1028 1467 1182 1514 Fortia
1216 1467 1438 1526 d’Urhan,
1476 1469 1552 1528 qui
1584 1474 1735 1515 tamen
1770 1467 1818 1512 in

287 1537 666 1584 commentatione
694 1553 775 1584 sua
804 1537 958 1598 paullo
985 1545 1093 1600 post
1119 1533 1282 1598 edita4)
1319 1539 1433 1584 nihil
1467 1540 1563 1584 fere
1601 1538 1723 1599 quod
1763 1538 1819 1588 ad

287 1620 382 1652 rem
418 1606 718 1668 explicandam
759 1609 1011 1670 pertineret
1050 1609 1219 1655 attulit.
1282 1610 1424 1655 Porro
1465 1610 1518 1655 de
1552 1609 1732 1655 Herone
1766 1615 1820 1654 ut

289 1685 527 1738 quaereret
553 1679 773 1726 adductus
801 1687 868 1725 est
889 1680 1124 1740 Augustus
1148 1680 1324 1726 Boeckh
1340 1716 1352 1739 ,
1378 1695 1481 1727 cum
1512 1680 1566 1726 de
1593 1679 1818 1726 mensuris

288 1755 334 1794 et
364 1749 641 1808 ponderibus
676 1764 727 1797 ac
762 1751 956 1796 nummis
994 1757 1199 1798 veterum
1246 1747 1539 1814 scriberet-²³),
1584 1751 1688 1816 qui,
1732 1750 1820 1796 etsi

405 1953 450 2006 1)
491 1956 618 1998 Tom.
650 1958 697 1998 11
735 1972 778 2011 p.
813 1959 1076 2010 591—595‚
1117 1961 1222 2000 tom.
1259 1958 1367 1999 XIV
1403 1972 1447 2011 p.
1479 1959 1562 1998 546
1603 1958 1820 1999 editionis

286 2011 459 2053 veteris
491 2013 555 2063 (a.
589 2016 696 2055 1707
729 2019 775 2054 et
808 2014 962 2067 1728);
1016 2027 1133 2068 quae
1184 2014 1416 2056 nonnullis
1466 2014 1635 2055 additis
1681 2018 1820 2055 aucta

287 2070 394 2164 sun2t
420 2067 481 2163 {b
513 2069 729 2110 Harlesio
759 2071 807 2110 in
838 2084 959 2112 nova
988 2071 1313 2112 Bibliothecae
1347 2071 1570 2124 editione,
1612 2074 1722 2114 tom.
1751 2071 1818 2112 IV

402 2179 448 2232 2)
484 2179 682 2229 Question
711 2185 924 2236 propo-see
952 2197 1038 2236 par
1068 2187 1110 2225 Ia
1140 2187 1275 2225 classe
1307 2185 1527 2225 d'lzistoire
1558 2189 1600 2224 et
1630 2185 1682 2225 de
1714 2184 1822 2224 litte-

286 2240 436 2276 rature
485 2240 687 2279 ancienne
732 2252 847 2292 pour
895 2242 1058 2281 l’annee
1102 2243 1208 2281 1816
1219 2255 1232 2280 .·
1291 2241 1537 2294 Expliquer
1575 2243 1611 2282 le
1642 2240 1820 2294 systeme

288 2293 491 2346 me'trz‘que
513 2295 711 2336 d’Heron
733 2294 1078 2349 d'Aleaeandrz'e,
1111 2304 1153 2337 et
1173 2310 1225 2337 en
1246 2299 1504 2338 determiner
1525 2300 1585 2338 les
1614 2301 1823 2350 rapport-s*

288 2361 389 2389 avec
419 2351 480 2389 les
510 2356 655 2392 autres
683 2364 869 2392 mesures
899 2355 951 2393 de
981 2356 1184 2405 lonyzceur
1214 2356 1290 2394 des
1320 2356 1506 2395 aneiens.

402 2402 451 2456 3)
482 2406 746 2448 Becher-ekes
777 2411 999 2462 critiques‚
1032 2411 1286 2463 historiques
1316 2416 1360 2451 et
1386 2410 1728 2464 ye’oyrapldqaes
1745 2408 1822 2450 sicr

289 2462 348 2499 les
375 2461 613 2513 fragments·
652 2465 850 2506 d'He'ron
888 2467 1204 2506 d'Aleoeandrz‘e
1235 2480 1289 2507 ou
1320 2468 1375 2507 du
1411 2467 1589 2520 systeme
1618 2467 1820 2519 metrique

290 2515 518 2568 Eyyptien.
580 2519 772 2574 Ouvraye
798 2523 1017 2574 posthume
1050 2524 1101 2563 de
1123 2523 1187 2565 M.
1210 2523 1431 2564 Letronne
1461 2536 1562 2564 revu
1588 2536 1676 2575 par
1696 2522 1755 2565 A.
1778 2522 1819 2563 Ι.

290 2571 352 2614 Η.
392 2571 584 2614 Vineam.
645 2578 775 2619 Paris
806 2580 933 2619 1851.

353 2684 363 2693 ·
403 2625 453 2679 4)
484 2628 763 2682 Emptication
794 2635 848 2674 du
877 2635 1043 2676 sisteme
1073 2638 1275 2690 me'trique
1306 2637 1359 2677 de
1388 2637 1543 2676 Heron
1575 2634 1819 2675 d'AIexan-

291 2684 385 2723 drze
416 2688 459 2723 et
488 2685 811 2730 determination
849 2692 901 2732 de
937 2705 1007 2733 ses
1042 2699 1251 2744 rapports
1289 2705 1390 2733 avec
1420 2695 1481 2732 les
1511 2697 1659 2731 autres
1687 2703 1823 2732 mesu-

289 2751 362 2779 res
399 2739 453 2779 de
492 2742 694 2794 lonyueur
733 2746 807 2785 des
847 2750 1052 2795 enciens⁸>
1094 2748 1208 2789 Vide
1238 2748 1552 2789 Litterariselze
1583 2747 1822 2788 Analecten

290 2807 370 2835 von
400 2795 476 2834 Fr.
508 2796 565 2838 A.
607 2799 733 2849 Wolf
756 2803 862 2840 tom.
895 2804 966 2843 ΠΙ
996 2818 1040 2857 p.
1072 2806 1297 2845 205-225
1329 2804 1391 2856 (a.
1424 2805 1570 2856 1818),
1601 2803 1678 2845 vel
1707 2804 1823 2843 For-

291 2851 386 2891 tiae
415 2850 675 2894 Traduction
702 2855 922 2909 franpaise
943 2859 1253 2914 d'Aristar-que
1284 2861 1337 2902 de
1358 2861 1523 2910 Samos,
1553 2859 1688 2901 Paris
1713 2860 1821 2901 1823

292 2905 568 2959 (indicatam
600 2922 628 2950 a
657 2910 855 2952 Martino
886 2927 929 2965 p.
961 2917 1043 2955 244
1071 2929 1113 2958 n.
1146 2916 1235 2968 12).

406 2961 452 3013 5)
483 2964 814 3019 Metroloyische
850 2970 1219 3025 Untersnclzunyen
1250 2987 1292 3026 p.
1325 2973 1480 3014 8--11.
