1946 3220
279 155 381 208 140
717 173 994 207 EXCERPTA
1023 175 1092 207 Ex
1126 138 1362 208 1s1D0'Ro.
1665 153 1801 228 [139]
1814 155 1832 158 ”
1891 131 1912 202 ¹³.

385 283 465 333 11.
504 284 614 333 Mna
656 289 850 332 centum
889 283 1104 347 dragmis
1147 283 1456 348 appenditur.

385 366 464 416 12.
504 368 640 416 quta
696 368 936 416 rationem
992 374 1155 417 autem
1204 368 1480 433 ponderum
1528 369 1650 418 nihil
1697 370 1794 420 cal-³

277 451 384 501 culo
432 453 591 500 minus
640 458 721 508 aut
767 450 948 500 talento
988 453 1143 501 maius
1183 461 1268 502 est.
1345 454 1526 502 etenim
1564 454 1602 503 L
1639 452 1796 504 librae

276 535 511 584 talentum
549 535 804 584 minimum
844 540 929 592 est,
969 536 1095 586 LXX
1122 537 1245 586 duae
1282 526 1436 587 librae
1472 538 1688 588 medium
1722 545 1794 588 ta-

219 621 243 660 5
274 618 486 676 lentum,
529 619 649 669 CXX
689 619 843 669 librae
881 622 1148 669 maximum
1184 620 1420 671 talentum
1459 628 1547 672 est.
1722 674 1725 676 .

383 703 463 754 13.
505 704 826 754 Centenarius
877 710 1039 754 autem
1088 706 1264 754 dicitur
1316 722 1373 755 eo
1423 707 1553 770 quod
1595 713 1792 757 centum

273 789 410 840 libris
449 795 653 839 constet.

975 928 1091 980 139.

619 1014 702 1053 DE
734 1014 1040 1055 MENSUms
1071 1015 1136 1056 IN
1165 1016 1455 1067 LIQUIDIS.

190 1107 242 1146 10
381 1098 426 1148 1.
465 1099 806 1148 Mensurarum
857 1101 905 1148 in
952 1099 1150 1163 liquidis
1197 1101 1388 1149 coclear
1436 1108 1508 1150 est
1554 1115 1666 1165 pars
1705 1103 1797 1161 mi-⁴

180 1179 183 1182 ⁴
272 1185 426 1240 nima,
476 1185 559 1245 qui
602 1183 751 1233 habet
789 1183 1035 1233 dimidiam
1075 1184 1352 1248 dragmam,
1402 1186 1452 1234 id
1493 1193 1566 1235 est
1603 1188 1793 1251 scripu-

271 1267 371 1316 lum
412 1276 459 1317 et
497 1266 715 1317 obolum.

290 1347 294 1349 ’
376 1349 425 1401 2.
468 1351 726 1402 Cocleares
766 1352 861 1401 duo
897 1352 1121 1402 chemam
1160 1353 1359 1404 faciunt.

377 1435 425 1486 3.
467 1436 723 1486 Cocleares
761 1437 826 1486 111
866 1436 1120 1486 conculam
1159 1437 1356 1487 faciunt.

188 1528 239 1568 15
377 1518 427 1570 4.
469 1520 713 1570 Conculae
751 1521 875 1570 duae
915 1523 1112 1585 cignum
1151 1524 1250 1571 sive
1288 1523 1513 1572 mistron.

375 1601 424 1654 5.
468 1605 712 1654 Conculae
759 1621 846 1654 sex
897 1613 943 1654 et
991 1606 1087 1655 duo
1137 1606 1401 1665 coclearia,
1457 1622 1581 1670 quae
1621 1607 1791 1657 decem

272 1688 498 1753 dragmas
545 1689 846 1752 appendent,
899 1692 1077 1739 clatum
1126 1691 1329 1748 faciunt,
1385 1692 1558 1741 additis
1603 1690 1795 1741 duabus

271 1773 484 1836 dragmis
532 1773 827 1823 acitabulum
877 1774 1148 1839 complent,
1201 1775 1378 1825 additis
1427 1775 1586 1825 adhuc
1634 1775 1793 1825 tribus

271 1843 512 1920 dragmiS,
555 1858 686 1922 quod
724 1865 838 1907 sunt
874 1858 971 1916 XV,
1013 1859 1261 1909 oxifalum.

184 1949 239 1988 20
372 1939 420 1991 6.
460 1942 576 1991 Non·
609 1942 822 1999 dubites,
863 1943 992 2006 apud
1032 1944 1266 2008 quosdam
1308 1945 1419 1993 ciali
1455 1959 1630 1994 novem
1670 1946 1792 1994 emi-

268 2041 381 2075 nam
418 2026 583 2075 facere
621 2027 867 2084 videntur,
917 2028 1047 2090 quod
1085 2034 1197 2077 sunt
1237 2029 1469 2092 dragmae
1505 2029 1611 2084 XC;
1661 2029 1792 2094 apud

197 2147 203 2152 ,
269 2110 506 2175 quosdam
545 2126 660 2160 vero
699 2111 950 2160 acetabula
977 2119 1222 2176 quattuor,
1262 2113 1391 2176 quod
1418 2119 1531 2162 sunt
1557 2113 1789 2175 dragmae

267 2194 472 2243 XLVIII.
559 2195 718 2244 emina
775 2203 937 2245 autem
993 2196 1124 2245 iuxta
1172 2197 1410 2259 quosdam
1457 2198 1687 2261 appendit
1732 2196 1789 2246 li-

269 2278 409 2328 bram
446 2293 609 2337 unam,
651 2279 778 2343 apud
819 2280 1058 2344 quosdam
1095 2295 1212 2330 vero
1239 2279 1414 2329 libram
1447 2287 1494 2330 et
1521 2281 1792 2331 dimidiam.

186 2367 240 2406 ‘25
379 2362 425 2413 7.
467 2362 700 2413 Similiter
738 2366 979 2414 sextarios
1015 2364 1234 2430 duplices
1259 2365 1613 2415 iudicaverunt.
1677 2380 1790 2415 nam

269 2445 349 2496 alii
403 2446 662 2497 voluerunt
715 2455 770 2498 ut
815 2451 1054 2498 sextarius
1101 2450 1308 2498 duarum
1358 2455 1486 2499 esset
1531 2449 1789 2507 librarum,

202 2518 205 2520 ⁵
270 2530 351 2579 alii
388 2547 503 2580 vero
539 2533 716 2581 trium:
762 2536 958 2598 utrique
999 2540 1161 2583 tamen
1198 2540 1252 2582 ut
1290 2533 1414 2583 duae
1453 2534 1644 2583 eminae
1682 2549 1790 2583 sex-

270 2616 447 2663 tarium
485 2616 705 2666 facerent
744 2617 1061 2667 diffinierunt.

375 2695 421 2746 8.
462 2699 547 2748 Est
582 2707 747 2750 autem
785 2703 1025 2751 sextarius
1063 2689 1198 2752 sexta
1235 2716 1350 2767 pars
1390 2702 1577 2766 congii,
1619 2702 1701 2765 qui
1737 2701 1788 2749 in

99 2839 105 2843 ἃ
185 2785 240 2824 30
271 2780 441 2830 divinis
480 2785 738 2848 scripturis
778 2786 861 2834 hin
900 2785 1172 2850 appellatur
1209 2787 1258 2834 in
1295 2785 1505 2851 liquidis.

375 2862 423 2913 9.
464 2865 613 2915 Cenix
651 2875 814 2918 autem
854 2872 1068 2935 quinque
1103 2871 1326 2918 sextariis
1353 2869 1669 2932 adimpletur:
1711 2869 1789 2917 cui

269 2950 310 2997 si
348 2954 539 2997 sextum
578 2951 848 3011 addideriS‚
890 2954 941 3002 fit
981 2955 1198 3017 congius,
