1946 3220
21 0 113 79 ff
110 26 115 27 ⁷

42 70 73 95 βξ

0 393 2 468 ῖ

6 2914 30 2950 (-
0 2075 31 2831 Mw-Ymey.mixzu³tuoe
3 1837 22 2066 ”ww-“ww
8 1790 20 1817 π·
5 1728 20 1772 -·=·
8 1687 18 1714 ιι
7 1651 22 1670 -,

564 155 898 192 summ-oens
937 156 1200 192 GRAECOS.
1552 140 1654 194 157

127 269 335 318 nonnulli
371 265 741 316 existimaverunt
763 294 834 304 —
860 283 1008 331 neque
1043 270 1226 317 omnino
1260 271 1511 317 vetustiore
1540 278 1655 318 tem-

127 355 238 404 pore
268 354 415 402 usque
444 340 497 387 ad
524 340 755 387 saeculum
785 342 967 388 tertium
996 356 1040 402 p.
1068 341 1171 388 Chr.
1200 356 1245 387 n.
1294 340 1431 388 Cuius
1457 343 1524 389 rei
1550 357 1654 402 gra-

126 412 358 458 vissimum
386 418 705 472 argumentum
730 412 817 458 hoc
842 411 951 457 mihi
980 426 1079 458 esse
1106 412 1297 470 videtur,
1325 412 1446 473 quod
1470 411 1651 471 Pollux,

126 482 204 543 qui
242 481 590 542 diligentissime
625 481 679 527 de
714 484 907 535 nummis
938 489 1138 529 veterum
1169 483 1433 544 scripserit,
1476 481 1653 530 nullum

123 551 214 599 tale
241 547 471 611 λεπτόν,
503 552 635 612 quale
664 551 888 599 Diodorus
913 552 1073 611 habet,
1100 554 1249 611 novit,
1276 553 1355 599 sed
1388 553 1432 599 id
1459 553 1654 600 vocabu·

123 623 215 669 lum
258 622 404 668 tribus
439 622 552 669 locis
587 637 672 684 pro
708 625 808 684 ipso
844 622 999 670 chalco
1028 649 1092 656 —
1121 624 1304 669 minime
1338 638 1423 684 pro
1459 625 1654 684 septima

123 693 327 740 eiusdem
362 700 490 754 parte
529 689 604 728 —'
633 695 790 754 posuit
823 693 892 752 (9,
929 697 998 739 70.
1036 697 1105 739 78.
1141 692 1230 753 92).
1285 693 1404 754 Ergo
1442 694 1652 755 quisquis

123 759 323 812 λεπτόν
359 766 597 825 septimam
633 763 775 811 chalci
810 771 985 824 partem
1022 778 1124 811 esse
1162 764 1370 822 tradidit,
1408 779 1509 810 eum
1545 771 1655 826 post

122 834 355 881 Pollucem
393 835 633 894 scripsisse
671 836 764 880 veri
803 834 949 881 simile
985 842 1068 881 est.
1147 834 1390 881 Praeterea
1423 837 1542 881 ratio
1576 836 1655 882 ha-

122 904 268 951 benda
302 911 372 951 est
413 904 505 952 loci
541 905 751 951 Photiani
792 901 945 965 (quem
981 905 1143 952 Suidas
1178 904 1434 966 repetivit),
1482 905 1561 951 ubi
1599 906 1654 951 de

123 974 259 1022 obolo
288 976 453 1035 agitur.
509 974 591 1022 Hic
624 977 820 1036 primum
851 989 996 1036 pauca
1021 990 1075 1022 ex
1107 989 1161 1022 eo
1189 976 1445 1036 fragmento
1469 975 1654 1022 Diodori

123 1048 349 1107 exscripta
369 1052 476 1091 sunt
500 1045 623 1106 quod
643 1046 689 1091 in
715 1045 903 1092 scholiis
918 1046 1169 1093 Homericis
1191 1046 1380 1107 legitur,
1398 1052 1655 1107 sequuntur

123 1123 279 1163 autem
307 1117 393 1163 alia
423 1116 669 1177 quaedam,
706 1129 821 1177 quae
857 1130 959 1162 cum
999 1131 1167 1177 genere
1194 1131 1285 1163 non
1311 1117 1485 1163 diversa
1512 1119 1605 1163 sint
1629 1131 1655 1164 a

123 1187 372 1248 prioribus,
403 1187 458 1233 ab
481 1187 639 1233 eodem
667 1194 853 1234 auctore
878 1188 1076 1249 repetita
1101 1201 1201 1234 esse
1221 1188 1472 1234 videantur.
1525 1186 1654 1243 Quod

124 1259 164 1303 si
190 1264 312 1304 recte
333 1260 596 1317 statuimuS,
624 1257 835 1305 facillime
864 1257 916 1303 fit
941 1258 1178 1305 conclusio
1199 1259 1253 1304 de
1279 1264 1425 1304 aetate
1447 1258 1652 1304 Diodori:

123 1342 225 1374 nam
257 1343 357 1375 cum
388 1328 467 1374 illo
497 1328 600 1375 loco
629 1329 683 1375 ad
711 1328 884 1375 solidos
921 1342 1086 1375 aureos
1113 1328 1272 1376 talenti
1299 1331 1496 1390 pretium
1524 1342 1654 1374 revo-

124 1404 277 1458 cetur,
315 1413 503 1446 necesse
530 1406 598 1444 est
624 1400 723 1445 eius
759 1399 847 1446 loci
874 1406 1106 1446 auctorem
1145 1414 1236 1446 non
1266 1406 1370 1446 ante
1396 1398 1653 1446 Constanti-

123 1483 232 1515 num
259 1469 519 1530 scripsisse.

229 1568 298 1614 Ad
323 1568 439 1615 hanc
462 1570 604 1628 igitur
630 1575 823 1615 aetatem
851 1571 1051 1630 pertinet
1074 1563 1301 1627 λεπτόν,
1332 1570 1523 1629 septima
1549 1581 1652 1628 pars

125 1637 283 1686 chalci.
332 1637 461 1694 Quod
496 1639 603 1700 quid
642 1640 727 1698 sit,
769 1639 939 1700 ubique
977 1647 1128 1685 ortum
1165 1653 1265 1686 esse
1295 1639 1528 1698 videatur,
1563 1639 1653 1693 ⁴etsi

125 1723 256 1756 nemo
293 1710 438 1756 adhuc
473 1710 748 1770 exploravit,
779 1717 930 1756 tamen
967 1712 1012 1756 in
1052 1710 1140 1756 hoc
1173 1710 1274 1771 ipso
1309 1723 1520 1771 magnum
1558 1722 1655 1754 mo-

125 1786 325 1826 mentum
351 1781 611 1840 ponendum
639 1794 738 1826 esse
769 1780 1008 1839 existimo,
1040 1781 1162 1841 quod
1187 1780 1321 1827 modo
1348 1779 1653 1826 demonstravi

126 1851 169 1896 id
196 1851 248 1896 ad
275 1851 429 1911 priora
457 1857 662 1912 tempora
690 1851 853 1898 referri
877 1865 968 1898 non
993 1864 1146 1912 posse.

229 1949 445 2009 Reliquae
466 1948 627 1995 talenti
654 1956 809 2010 partes
830 1965 854 1996 a
878 1949 1075 1995 Diodoro
1105 1956 1228 1996 recte
1257 1949 1323 1996 sic
1348 1947 1654 2010 explicantur:

124 2014 390 2068 τάλαντόν
429 2015 534 2068 {cn
569 2018 719 2079 μνῶν
757 2011 814 2078 ξ’,
852 2015 885 2080 ἡ
921 2016 980 2068 δὲ
1018 2017 1123 2080 μνᾶ
1157 2017 1411 2080 δραχμῶν
1439 2011 1500 2080 ρ’,
1536 2013 1568 2078 ἦ
1597 2014 1656 2066 δὲ

125 2086 331 2150 δραχμὴ
370 2084 587 2151 ὀβολῶν
624 2085 688 2150 ς’,
729 2085 761 2139 ὁ
794 2087 853 2139 δὲ
889 2084 1087 2151 ὀβολὸς
1120 2088 1336 2151 χαλκῶν
1372 2083 1433 2150 η’.
1494 2089 1657 2146 Quam-

126 2175 261 2222 quam
286 2175 370 2221 pro
399 2161 659 2208 chalcorum
694 2176 885 2208 numero
916 2155 964 2222 η’
993 2163 1245 2222 antiquitus
1277 2163 1324 2207 in
1355 2160 1509 2222 aliquo
1535 2160 1655 2206 libro

126 2232 345 2292 scriptum
382 2231 470 2277 suit
495 2226 540 2286 ς’
543 2267 556 2290 .,
595 2234 674 2293 qui
709 2246 926 2279 numerus
964 2239 1009 2279 et
1039 2234 1085 2278 ln
1111 2232 1310 2279 tabulam
1338 2231 1575 2278 Galeneam
1602 2230 1657 2276 IX

127 2300 200 2359 (fr.
228 2298 309 2359 59,
346 2302 390 2361 8)
418 2309 464 2349 et
502 2302 546 2347 in
575 2302 727 2350 Photii
758 2302 1046 2365 aliorumque
1080 2301 1224 2350 lexica
1250 2309 1532 2365 propagatus
1567 2308 1653 2347 est.

127 2370 213 2417 Sed
270 2372 317 2418 id
364 2373 546 2465 nginime
593 2387 730 2434 posse
778 2373 963 2436 probari
1015 2373 1270 2421 luculenter
1330 2373 1655 2420 demonstravit

128 2442 377 2489 Boeckhius
409 2442 439 2501 ).

231 2541 290 2586 De
331 2540 561 2599 Dardano,
609 2543 685 2602 qui
722 2542 877 2588 cadem
924 2542 1017 2588 sere
1063 2548 1208 2588 aetate
1253 2555 1305 2588 ac
1343 2540 1564 2587 Diodorus
1601 2541 1655 2586 de

128 2612 323 2658 nummis
360 2620 405 2658 et
445 2611 722 2672 ponderibus
757 2612 997 2673 scripsisse
1034 2613 1237 2671 videtur,
1289 2613 1441 2673 aptior
1476 2611 1654 2658 dicendi

130 2681 257 2728 locus
291 2690 387 2728 tum
426 2684 541 2740 erit,
578 2696 679 2730 cum
706 2682 758 2729 ad
784 2682 1002 2729 Prisciani
1028 2682 1194 2728 librum
1222 2683 1276 2729 de
1303 2681 1462 2743 figuris
1498 2697 1655 2729 nume-

131 2765 284 2798 rorum
309 2766 571 2813 pervenero.

243 2959 287 3011 4)
320 2961 550 3003 Archaeol.
586 2961 762 3013 Zeitung]
797 2961 903 3001 1847
935 2973 980 3014 p.
1010 2962 1066 3001 44
1097 2973 1133 3003 s.
