1946 3220
294 145 397 198 154
501 171 504 174 ·
821 155 1219 191 PRoLnGoMENA
1242 156 1305 192 m.

292 269 463 323 ναίων
491 267 755 334 πολιτείᾳ,
782 270 1027 330 eodemque
1052 268 1288 314 referenda
1312 274 1419 314 sunt
1438 281 1497 314 ea
1525 282 1638 329 quae
1660 267 1815 329 paullo

295 359 432 404 supra
467 350 651 388 auctore
690 354 781 386 non
813 339 1040 400 appellato
1075 338 1236 385 Pollux
1272 339 1326 384 de
1360 337 1459 385 aliis
1492 338 1813 400 Cyrenensium

295 415 490 459 nummis
520 411 657 456 tradit
686 408 787 473 (60).
851 410 994 455 Porro
1021 409 1076 456 ad
1102 404 1436 469 Ευρακοείων
1464 404 1736 458 πολιτείαν
1762 423 1814 456 ea

293 484 567 544 pertinuisse
605 479 715 526 mihi
748 494 1016 541 persuasum
1043 486 1111 525 est
1137 493 1252 539 quae
1276 479 1330 525 de
1356 478 1615 526 Siculorum
1640 478 1812 526 talento

292 552 536 598 traduntur
572 546 688 612 (87),
723 552 891 611 quippe
924 564 1026 596 cum
1067 549 1303 610 Syracusis
1338 565 1363 596 a
1400 550 1612 610 Dionysio
1643 550 1816 595 maiore

292 622 369 667 illa
393 620 552 667 talenti
586 621 824 667 diminutio
850 620 968 666 facta
991 615 1114 681 sit5).
1174 620 1372 680 Denique
1410 622 1544 666 etiam
1578 620 1728 666 locum
1761 619 1816 665 de

294 692 451 737 talenti
485 690 712 737 Homerici
745 691 946 751 pondere
981 688 1068 749 (55)
1110 704 1164 736 ex
1203 690 1451 737 Aristotele
1488 691 1679 750 petitum
1715 702 1818 736 esse

293 767 482 822 apparet
506 761 686 808 collatis
712 761 898 807 scholiis
928 763 975 806 in
1000 760 1181 807 Iliadem
1211 759 1348 819 (infra
1375 759 1404 818 S
1429 759 1518 819 97).

397 832 593 877 Prorsus
619 830 708 877 alio
738 845 763 876 e
791 831 919 877 fonte
944 831 1105 876 Pollux
1131 832 1303 890 recepit
1330 844 1381 877 ea
1407 844 1522 891 quae
1547 830 1602 876 de
1629 829 1814 876 talentis

290 903 470 960 Attico,
513 901 787 962 Babylonio,
834 902 1099 961 Aeginetico
1140 901 1332 962 aliisque
1381 901 1564 961 scripsit
1584 912 1591 916 ·
1610 899 1696 958 (85.
1729 898 1816 960 86).

291 973 374 1018 Hic
407 974 604 1032 prImum
640 973 750 1018 satis
785 979 954 1018 certam
993 973 1209 1033 temporis
1235 970 1540 1017 definitionem
1566 971 1669 1016 inde
1694 969 1818 1017 elici-

291 1057 392 1088 mus
410 1079 423 1101 ,
461 1042 582 1102 quod
605 1043 882 1103 Aegyptium
910 1041 1127 1088 talentum
1156 1050 1316 1103 quarta
1340 1042 1477 1088 Attici
1503 1040 1664 1087 talenti
1688 1047 1819 1101 parte

291 1113 579 1166 aestimatum
607 1113 712 1159 hinc
740 1114 858 1158 enim
879 1112 1076 1159 efficitur
1099 1119 1332 1159 auctorem
1358 1112 1457 1158 eius
1482 1112 1571 1158 loci
1596 1125 1689 1156 non
1714 1117 1818 1156 ante

293 1182 461 1228 Tiberii
495 1189 687 1229 aetatem
715 1182 954 1243 scripsisse
982 1182 1028 1241 (S
1055 1181 1145 1242 99).
1192 1183 1337 1228 Porro
1373 1183 1493 1228 hunc
1527 1181 1678 1228 locum
1716 1195 1818 1227 cum

293 1252 548 1312 fragmento
584 1253 640 1298 de
682 1252 866 1299 talentis
893 1246 976 1311 x(fr.
1003 1252 1075 1312 95)
1111 1266 1448 1313 comparemus:
1495 1266 1629 1313 quam
1674 1251 1819 1297 multa

291 1321 502 1368 similiter
526 1323 572 1368 in
597 1323 668 1368 his
695 1324 864 1384 scripta
894 1336 994 1369 esse
1022 1324 1357 1383 cognoscimus.
1405 1323 1543 1369 Recte
1571 1322 1714 1382 igitur
1742 1336 1819 1367 su-

291 1393 458 1453 spicari
493 1392 696 1439 videmur
733 1394 911 1453 origine
938 1400 1182 1453 cognatum
1214 1394 1316 1439 esse
1350 1393 1542 1439 alterum
1567 1393 1720 1438 locum
1754 1391 1820 1437 al-

290 1462 404 1521 teri,
433 1469 503 1521 et,
531 1464 746 1523 quoniam
766 1463 890 1509 illam
914 1463 1114 1510 tabulam
1140 1463 1403 1509 tle-talentis
1434 1462 1489 1509 ab
1516 1461 1818 1508 Alexandrino

292 1533 490 1592 quodam
524 1533 706 1578 homine
734 1535 1034 1593 compositam
1062 1547 1163 1579 esse
1192 1540 1396 1591 constat,
1434 1533 1587 1579 eadem
1625 1534 1672 1578 in
1706 1531 1821 1578 urbe

291 1603 426 1647 etiam
453 1602 580 1647 illum
606 1610 840 1649 auctorem
866 1605 1106 1663 scripsisse
1133 1618 1224 1665 quo
1251 1602 1412 1649 Pollux
1434 1617 1546 1649 usus
1572 1609 1655 1648 est.
1696 1601 1819 1647 Unde

290 1672 424 1719 facile
450 1671 546 1718 fieri
574 1674 782 1733 potuisse
810 1673 1120 1734 intellegimus
1137 1710 1150 1732 .,
1184 1680 1236 1719 ut
1261 1675 1300 1719 is
1331 1675 1376 1718 in
1402 1672 1652 1719 definiendo
1679 1671 1819 1732 Aegi-

290 1745 439 1789 netico
475 1743 673 1802 talento,
721 1743 842 1803 quod
879 1758 1108 1805 nunquam
1141 1747 1188 1789 in
1226 1745 1434 1804 Aegypto
1471 1745 1687 1789 usitatum
1713 1742 1819 1801 fuit,

292 1827 497 1859 errorem
522 1815 844 1860 committeret.
902 1813 977 1859 Sic
1004 1816 1122 1859 enim
1143 1828 1227 1873 ego
1256 1821 1406 1859 statuo
1423 1813 1684 1874 multosque
1709 1812 1820 1858 mihi

291 1883 337 1928 in
363 1896 414 1928 ea
439 1897 489 1928 re
509 1883 866 1944 adstipulaturos
888 1897 986 1930 esse
1012 1883 1208 1942 confidO‚
1233 1898 1335 1930 cum
1352 1884 1617 1944 Aeginetico
1645 1883 1817 1930 talento

291 1955 474 1999 minime
502 1954 654 2000 decem
687 1953 807 1999 milia
834 1954 1085 2000 Atticarum
1116 1954 1428 2000 drachmarum
1454 1953 1594 2000 tribui
1618 1953 1818 2014 possint,

292 2022 408 2070 falso
431 2023 612 2069 nomine
638 2023 765 2069 illum
791 2030 1022 2070 auctorem
1042 2024 1339 2085 appellavisse
1362 2024 1407 2069 id
1433 2022 1668 2080 talentum7
1695 2023 1819 2083 quod

293 2107 343 2139 re
371 2107 474 2139 vera
500 2093 768 2140 Hebraicum
799 2094 910 2139 suit:
940 2095 984 2139 in
1005 2094 1092 2140 hoc
1118 2096 1236 2139 enim
1258 2093 1374 2152 solo,
1402 2094 1537 2155 idque
1566 2094 1817 2154 aptissime,

291 2162 370 2208 illa
400 2164 516 2209 ratio
545 2165 750 2210 convenit
763 2159 812 2223 6).
874 2163 996 2219 Quae
1030 2179 1150 2210 nunc
1182 2166 1269 2210 etsi
1303 2163 1466 2210 latiore
1502 2177 1713 2211 sermone
1745 2176 1819 2208 ex-

407 2342 451 2392 5)
480 2342 613 2383 Haec
632 2344 934 2395 posteaquam
955 2342 1133 2395 scripsi,
1157 2341 1447 2383 confirmavit
1466 2342 1642 2383 Roseus
1662 2342 1816 2395 p.529.

292 2397 418 2438 Idem
447 2399 593 2440 verba
623 2397 845 2439 δύναεθαι
874 2397 924 2439 δὲ
952 2397 1041 2439 τὸν
1071 2399 1283 2450 νοῦμμον
1313 2396 1419 2451 τρία
1449 2397 1709 2449 ἡμιωβόλια
1739 2397 1817 2438 de-

293 2458 517 2495 monstrat
547 2455 758 2496 derivata
790 2467 890 2495 esse
924 2468 977 2496 ex
1006 2454 1275 2508 Apollodori
1303 2455 1352 2495 in
1373 2455 1654 2509 Sophronem
1684 2453 1820 2507 Syra-

296 2522 512 2550 cusanum
544 2512 888 2552 commentario.

408 2565 456 2617 6)
494 2567 736 2607 Talentum
773 2568 1056 2608 Hebraicum
1096 2571 1279 2608 centum
1317 2566 1500 2607 Atticas
1544 2567 1693 2607 minas
1737 2565 1819 2606 ha·

295 2620 451 2661 buisse
504 2635 527 2661 e
577 2623 772 2675 Iosepho
823 2624 1153 2665 demonstravit
1200 2623 1464 2664 Boeckhius
1504 2623 1569 2663 M.
1606 2622 1655 2663 U.
1688 2635 1732 2675 p.
1764 2623 1817 2663 52

298 2676 440 2725 (conf.
473 2689 610 2729 supra
631 2680 654 2727 ἓ
675 2680 728 2719 68
753 2679 900 2731 extr.).
944 2679 1236 2721 Conveniunt
1265 2681 1409 2732 igitur
1440 2679 1588 2719 eidem
1618 2678 1659 2717 X
1689 2677 1819 2718 milia

295 2731 552 2771 Atticarum
583 2734 921 2788 drachmarum,
954 2738 1033 2788 qui
1061 2748 1274 2776 numerus
1296 2735 1416 2788 apud
1436 2734 1673 2775 Pollucem
1702 2733 1818 2786 legi-

297 2791 384 2829 tur.
442 2788 584 2828 Porro
624 2789 883 2831 Hebraicus
924 2796 1069 2832 stater
1106 2792 1267 2832 habuit
1305 2792 1473 2844 viginti
1519 2804 1646 2844 yram,
1700 2802 1816 2843 quae

298 2842 483 2895 singula
507 2849 722 2883 accurate
747 2857 848 2885 cum
867 2846 1036 2888 Atticis
1058 2847 1204 2889 obolis
1226 2848 1506 2888 conveniunt
1537 2844 1665 2899 (nam
1694 2850 1817 2886 utro-

299 2911 484 2951 rumque
527 2899 700 2951 pondus
735 2905 801 2940 est
834 2915 1020 2952 gramm.
1053 2903 1191 2956 0‚73).
1252 2905 1399 2956 Atque
1429 2903 1548 2943 haec
1580 2903 1682 2955 ipsa
1709 2915 1818 2954 yera

300 2952 456 3004 ὀβολοὶ
486 2958 711 2996 vocantur
743 2956 799 2996 ab
831 2957 1091 3010 Epiphanio
1125 2959 1198 3011 (fr.
1231 2961 1300 3013 82,
1330 2961 1400 3003 42.
1431 2957 1609 3012 83,11).
1669 2958 1817 2999 Recte
