1946 3220
286 114 355 168 22
800 124 1198 161 PROLEGOMENA
1236 126 1291 157 m

285 258 367 305 per
392 254 592 288 errorem
618 241 799 301 Didymo
828 239 1002 285 cuidam
1027 235 1326 282 Alexandrino
1357 236 1637 286 tribuerunt,
1677 238 1806 283 cuius

285 312 487 359 libellum
514 311 567 356 de
593 311 816 355 mensuris
841 319 1114 353 marmorum
1151 312 1196 352 et
1220 305 1449 366 lignorum
1475 320 1500 352 e
1526 306 1678 352 codice
1701 307 1807 352 Am-

286 383 500 430 brosiano
532 395 622 425 non
657 382 719 424 ita
752 379 892 437 longo
930 376 1091 422 abhinc
1127 378 1278 436 spatio·
1299 376 1440 422 edidit
1463 377 1578 435 Aug.
1605 371 1808 434 Maius¹).

287 452 351 497 lbi
382 465 406 496 a
441 452 586 510 capite
611 449 702 493 XIV
725 449 868 508 prima
903 453 948 492 et
984 446 1176 492 secunda
1216 445 1365 492 tabum
1400 446 1674 497 Heronstma.
1709 452 1806 492 tum

286 522 587 581 fragmentum
607 517 953 563 Alexandrinum
978 516 1032 562 de
1062 515 1245 561 taientis
1269 514 1358 575 (95)
1386 522 1432 561 et
1462 516 1582 562 aliud
1610 515 1664 561 de
1683 529 1808 562 men-

288 591 404 635 suris
425 587 529 646 (81),
558 587 716 633 deinde
745 589 864 633 varia
888 585 1167 647 problemata
1194 587 1538 632 stereometrica
1556 593 1602 631 et
1627 599 1807 645 geome-

286 659 398 704 trica
435 657 667 717 leguntur.
725 658 841 703 Haec
876 663 1023 702 autem
1060 657 1242 702 minime
1274 656 1459 716 Didymo
1497 656 1636 701 tribui
1670 669 1807 717 posse

284 730 373 774 iam
400 727 566 784 MaiuS‚
607 729 807 787 quamvis
842 727 1068 773 levissime
1096 733 1268 772 tantum
1301 732 1346 771 et
1372 729 1501 786 quasi
1523 727 1805 786 praeteriens

284 810 381 843 eam
406 799 715 858 quaestionem
741 799 786 843 in
806 797 1083 858 praefatione
1105 796 1367 856 attingeret,
1396 798 1653 856 suspicatus
1674 790 1805 856 est2).

282 866 446 913 Lucem
483 867 643 913 deinde
670 868 823 929 attulit
847 867 1087 924 Martinus,
1129 867 1207 926 qui
1228 866 1446 912 Parisinis
1473 866 1647 926 Didymi
1686 866 1808 911 codi-

284 936 411 983 cibus
455 937 744 996 perlustratis
790 937 1084 998 reliquiisque
1124 937 1388 982 Heronianis
1434 935 1637 994 collatis⁷
1693 948 1809 996 quae

283 1006 493 1066 Didymea
531 1021 735 1067 quaeque
761 1008 1013 1052 Heroniana
1042 1013 1221 1063 essent,
1255 1008 1515 1052 acutissime
1541 1001 1808 1063 distinxit3).

285 1074 379 1130 Qua
406 1076 459 1120 de
486 1091 535 1121 re
561 1091 616 1121 ne
652 1077 742 1122 ulla
772 1077 991 1122 dubitatio
1019 1077 1381 1137 relinqueretur,
1423 1076 1539 1121 idem
1573 1082 1808 1136 praeterea

235 1199 237 1201 Ι
285 1145 546 1190 testimonio
575 1160 683 1190 usus
715 1154 785 1192 est
816 1147 983 1192 codicis
1009 1141 1360 1207 Monacensis4),
1399 1147 1444 1190 in
1476 1160 1566 1205 quo
1595 1159 1695 1192 cum
1723 1137 1808 1190 alia

284 1220 380 1259 tum
414 1214 663 1273 fragmenta
697 1216 770 1260 illa
807 1217 860 1261 de
896 1218 1121 1261 mensuris
1160 1215 1355 1275 praefixo
1392 1215 1585 1260 Heronis
1624 1216 1806 1260 nomine

284 1285 553 1329 antecedunt
569 1285 741 1349 Didymi
771 1286 912 1331 eidem
938 1285 1109 1343 libello,
1141 1298 1288 1344 neque
1310 1285 1551 1344 quidquam
1572 1291 1809 1345 praeterea

285 1354 406 1412 quod
432 1354 734 1399 Heronianum
762 1357 821 1400 sit
856 1357 1078 1415 sequitur.
1128 1354 1286 1399 Nullus
1317 1356 1458 1414 igitur
1479 1356 1566 1400 iam
1595 1355 1808 1400 Hero-Di-

282 1423 470 1483 dymus,
513 1425 635 1483 quod
676 1423 935 1484 ambiguum
974 1438 1166 1482 nomen,
1213 1430 1262 1468 ut
1308 1426 1354 1469 in
1392 1438 1440 1469 re
1476 1426 1647 1470 incerta
1683 1423 1809 1469 finxit

283 1489 576 1551 Boeckhius5)
592 1528 605 1551 ,
642 1493 752 1539 nihil
778 1496 911 1540 etiam
937 1495 990 1541 ab
1016 1495 1109 1540 ullo
1135 1493 1318 1554 Didymo
1350 1494 1404 1539 de
1431 1496 1653 1540 mensuris
1685 1494 1810 1540 cubi-

286 1562 351 1606 cis
387 1569 464 1607 aut
503 1562 680 1608 talentis
717 1566 962 1624 scriptum,
1005 1578 1087 1609 nec
1124 1565 1367 1624 quidquam
1403 1571 1585 1624 praeter
1620 1578 1806 1625 parvum

288 1630 415 1675 illum
440 1631 642 1677 libellum
663 1633 717 1678 de
737 1647 1011 1679 marmorum
1036 1641 1080 1679 et
1105 1635 1333 1693 lignorum
1358 1637 1583 1680 mensuris
1611 1635 1665 1680 ad
1680 1634 1809 1693 Didy-

237 1714 244 1720 ·
286 1713 407 1745 mum
454 1709 685 1748 auctorem
722 1700 1036 1749 revocandum.
1100 1704 1219 1749 Haec
1249 1718 1355 1749 vero
1392 1710 1548 1750 nostra
1584 1706 1808 1749 sententia

285 1783 377 1814 non
402 1770 578 1815 Martini
607 1773 752 1817 solum
781 1775 1050 1820 auctoritate
1079 1775 1257 1830 nititur,
1284 1774 1362 1818 sed
1386 1775 1474 1834 ipsi
1502 1781 1546 1819 et
1572 1774 1808 1820 Monacen-

285 1852 380 1884 sem
417 1840 617 1886 codicem
651 1849 695 1886 et
728 1856 752 1887 e
787 1843 1011 1889 Parasinis
1047 1839 1232 1902 unumfi)
1271 1850 1478 1889 accurate
1513 1845 1804 1904 inspeximus,

282 1914 418 1968 atque
445 1912 755 1971 apographum
781 1913 948 1959 codicis
975 1914 1179 1959 Vossiani
1210 1914 1526 1973 Lugdunensis
1564 1916 1608 1959 in
1636 1915 1807 1959 nostris

401 2126 442 2179 1)
482 2128 641 2169 Iliadis
681 2130 941 2183 fragmenta
981 2135 1028 2171 et
1063 2132 1285 2184 picturae.
1353 2132 1592 2173 Accedunt
1630 2132 1806 2174 scholia

286 2185 446 2223 vetera
486 2185 543 2224 ad
583 2185 853 2238 Odysseam.
914 2188 1030 2227 Item
1068 2187 1254 2238 Didymi
1283 2187 1585 2229 Alexandrini
1614 2201 1807 2229 marmo-

286 2250 386 2278 rum
425 2243 470 2279 et
506 2239 731 2293 lignorum
769 2255 1024 2286 mensurae.
1084 2243 1261 2284 Edente
1300 2244 1420 2298 Ang.
1450 2245 1591 2287 Maio.
1620 2244 1807 2287 Mediol.

288 2294 492 2360 18193—
537 2296 768 2350 Incipiunt
805 2311 848 2350 p.
889 2301 969 2340 149
1017 2297 1225 2350 Διδύμου
1276 2298 1613 2352 Ἀλεξανδρέως
1664 2299 1808 2352 μέτρα

286 2359 541 2402 μαρμαρων
572 2352 647 2392 καὶ
678 2351 921 2395 παντοίων
949 2353 1105 2396 Ξύλων

398 2407 441 2456 2)
473 2407 526 2450 Ρ.
557 2409 659 2448 151:
718 2409 819 2449 Etsi
845 2423 943 2451 vero
974 2411 1017 2451 1ιί
1046 2412 1214 2451 codices
1252 2418 1292 2451 et
1326 2412 1515 2463 fortasse
1554 2413 1629 2452 alii
1664 2415 1808 2465 plures

285 2460 465 2524 Dic-{ymo
495 2463 574 2503 hoc
610 2476 715 2516 opus
751 2466 983 2513 vindicant,
1034 2467 1161 2507 nihilo
1211 2469 1341 2507 minus
1388 2469 1501 2509 haud
1547 2470 1634 2509 scio
1674 2482 1727 2508 cm
1763 2469 1811 2508 id

286 2518 456 2555 mmor-is
494 2522 661 2571 operis,
700 2522 814 2560 cuius
846 2535 1010 2574 parens
1048 2523 1246 2562 laudatur
1285 2524 1429 2570 Hero,
1465 2538 1573 2576 pars
1604 2525 1808 2577 quaedam

287 2575 360 2633 auf
390 2580 634 2624 excerptum
664 2577 884 2617 dicendum
911 2580 981 2620 sit.
1043 2578 1172 2627 Quod
1223 2579 1351 2618 addit
1403 2580 1542 2619 etiam
1591 2580 1692 2620 fieri
1731 2591 1809 2632 po-

286 2627 451 2688 tuisse,
484 2631 534 2667 ut
563 2629 661 2681 ipse
695 2635 852 2672 contra
883 2634 1007 2674 Hero
1042 2647 1095 2674 ex
1127 2634 1459 2686 antiquioribus
1480 2635 1666 2687 Didymi
1696 2636 1806 2675 scri-

288 2682 380 2730 ptis
402 2682 671 2786 {nusstal‘gissi
702 2690 968 2740 sumpserit,
1001 2689 1047 2729 id
1076 2690 1261 2730 minime
1293 2691 1674 2743 probaripotest.

400 2794 445 2841 4)
478 2793 586 2836 Cod.
618 2795 777 2837 Graec.
811 2812 853 2837 n.
888 2802 982 2841 165.

400 2848 452 2898 5)
477 2850 650 2891 Metrol.
686 2852 852 2895 Unters.
884 2868 925 2906 p.
959 2859 1029 2897 95.

399 2904 443 2954 6)
477 2903 584 2945 Cod.
615 2906 762 2950 Paris.
797 2909 957 2950 Graec.
990 2925 1031 2951 n.
1064 2914 1188 2953 2475.
