1946 3220
282 139 387 194 262
678 151 994 189 FRAGMENTA
1029 152 1099 184 nn
1136 149 1400 186 MENSURIS
1705 133 1808 202 [82]

198 279 261 313 180
357 264 436 317 10.
476 262 637 317 Οὗτοι
663 261 713 315 οἱ
738 261 897 315 εἴκοςι
921 259 1021 313 δύο
1048 257 1256 323 ἀριθμοὶ
1280 259 1558 323 πανταχοῦ
1576 248 1825 324 εὑριςκόέ
1893 265 1897 270 ’

284 366 435 414 μενοι
470 347 637 400 καὶέν
673 345 955 410 διαφόροις
994 343 1181 397 εἴδεςιν
1218 343 1622 408 ἀριθμούμενοι,
1659 344 1717 397 ἕν
1751 359 1810 398 τε

282 435 395 486 τοῖς
431 430 592 484 εἴκοςι
622 429 721 482 δύο
759 429 936 494 ἔργοις
966 427 1046 481 οἷς
1080 427 1327 492 έποίηςεν
1362 426 1393 480 ὁ
1425 427 1563 482 Θεὸς
1600 427 1660 481 ἐν
1698 429 1811 481 ταῖς

282 517 336 570 ἓξ
362 515 580 580 ἡμέραις
602 517 695 578 τῆς
720 511 1080 578 κοςμοποιίας,
1106 514 1191 566 καὶ
1216 512 1284 566 ἐν’
1303 511 1463 565 εἴκοςι
1487 512 1586 566 δύο
1603 513 1814 575 γενεαῖς
1891 571 1893 574 ,
1945 549 1946 568 1

230 613 255 652 5
285 599 394 652 ἀπὸ
425 599 588 663 Ἀδὰμ
623 597 747 663 ἄχρι
780 600 877 651 τοῦ
913 597 1138 662 Ἰςραήλ,
1168 597 1253 650 καὶ
1286 596 1345 652 ἐν
1371 599 1483 650 τοῖς
1516 596 1678 651 εἴκοςι
1711 596 1810 650 δύο

284 684 561 749 ςτοιχείοις
596 686 706 736 τῶν
743 682 1067 747 γραμμάτων
1106 681 1214 734 ἀπὸ
1248 683 1345 735 τοῦ
1382 681 1524 748 ἄλεφ
1559 682 1682 747 ἄχρι
1714 683 1812 736 τοῦ

283 770 412 830 θαῦ,
448 768 532 820 καὶ
567 768 626 822 ἑν
659 769 771 820 τοῖς
807 765 884 832 κβ’
911 766 1125 832 βιβλίοις
1152 765 1262 819 ἀπὸ
1286 767 1379 831 τῆς
1407 767 1439 818 Γ
1443 767 1667 821 ενέςεως
1692 765 1815 832 ἄχρι

282 854 375 916 τῆς
410 851 618 918 Ἐςθήρ,
651 852 846 917 μέτρον
887 850 1010 916 ἡμῖν
1038 853 1063 882 '³‘
1090 850 1449 916 ἐγεννήθηςαν
1485 850 1562 917 κβ’
1596 853 1812 916 ξεςτῶν,

285 935 315 986 ὃ
343 937 575 988 καλεῖται
599 937 734 1002 παρ’
759 935 1014 1002 Ἑβραίοις
1047 935 1210 1000 μόδη,
1239 936 1375 999 παρ’
1409 936 1617 1000 Ἕλληςι
1640 937 1698 989 δὲ
1721 934 1813 1000 μό-

203 1033 255 1072 10
285 1023 370 1072 δια
387 1020 473 1073 διὰ
492 1022 589 1085 τὴν
611 1020 921 1085 τρανότητα.
961 1019 1341 1084 παραπληςίως
1362 1021 1421 1073 δὲ
1440 1021 1523 1073 καὶ
1541 1020 1812 1083 Αἰγύπτιοι

283 1105 466 1168 μέντοι
510 1108 673 1158 τοῦτο
718 1108 997 1169 καλοῦςιν,
1051 1103 1249 1168 ὁμοίως
1294 1105 1354 1157 δὲ
1400 1106 1484 1157 καὶ
1525 1105 1681 1169 (ύροι
1728 1104 1812 1157 καὶ

282 1189 504 1253 Ἄραβες
547 1188 703 1252 μόδια
747 1190 1019 1253 λέγουςιν,
1071 1187 1101 1240 ὃ
1154 1187 1493 1253 ἑρμηνεύεται
1540 1188 1813 1253 ὁμολογία.

281 1273 582 1336 πληρωθεὶς
614 1273 715 1338 γὰρ
752 1273 782 1325 ὁ
819 1273 1003 1338 μόδιος
1039 1272 1295 1336 ὁμολογεῖ
1334 1272 1414 1325 ὅτι
1449 1273 1812 1338 πεπλήρωμαι.

281 1358 514 1409 καλεῖται
538 1358 598 1410 δὲ
623 1358 706 1409 καὶ
731 1358 980 1422 γνώμων.

1032 1430 1057 1458 >ie

930 1464 956 1488 ἓξ
1133 1464 1159 1488 ²3<

199 1509 258 1595 ἐξῇ
282 1548 284 1550 ψ
357 1511 436 1562 11.
478 1510 649 1575 Κάβος
691 1512 750 1564 δὲ
791 1511 845 1564 ἐξ
889 1510 1053 1574 αὐτῆς
1091 1512 1184 1574 τῆς
1220 1510 1809 1590 διαλέκτουιδιόιφορον

283 1593 476 1658 μέτρον
505 1594 667 1660 ἐςτίν,
694 1595 863 1659 ἤγουν
888 1594 952 1647 τὸ
978 1594 1234 1660 τέταρτον
1261 1594 1463 1659 μοδίου.

358 1677 438 1730 12.
478 1674 655 1733 Χοῖνιξ
682 1680 741 1732 δὲ
765 1679 849 1731 καὶ
874 1677 986 1744 ὑφὴ
1015 1679 1074 1732 ἓν
1109 1679 1203 1743 μέν
1232 1679 1358 1742 ἐςτι,
1397 1682 1554 1750 διττῷ
1592 1680 1650 1732 δὲ
1687 1679 1813 1733 ὀνό-

283 1778 403 1826 ματι
428 1762 684 1826 κέκληται.
737 1762 841 1815 ἕςτι
875 1764 934 1816 δὲ
966 1762 1064 1816 δύο
1100 1765 1296 1817 ξεςτῶν
1326 1763 1409 1815 καὶ
1440 1764 1812 1830 ποςτημορίου.

356 1845 436 1898 13.
475 1847 629 1910 Δρὰξ
675 1847 923 1911 ἀλεύρου.
988 1849 1152 1906 τοῦτο
1206 1847 1527 1913 ἀπερίεργόν
1578 1848 1681 1901 ἐςτι
1730 1848 1814 1901 καὶ

198 1944 252 1983 20
282 1931 405 1983 πᾶςι
443 1932 625 1994 δῆλον.

358 2014 437 2066 14.
476 2014 714 2081 Ἀρτάβη.
778 2019 941 2069 τοῦτο
986 2015 1049 2068 τὸ
1096 2016 1292 2081 μέτρον
1337 2016 1471 2081 παρ’
1514 2015 1813 2079 Αἰγυπτίοις

206 2155 211 2159 ,
283 2098 487 2163 ἐκλήθη.
542 2098 647 2152 ἔςτι
672 2100 732 2153 δὲ
757 2100 1122 2165 ἑβδομήκοντα
1147 2101 1246 2154 δύο
1273 2103 1484 2155 Ξεςτῶν.
1526 2102 1584 2154 ἐκ
1607 2103 1812 2165 πολλῆς

283 2183 343 2234 δὲ
369 2181 633 2248 ἀκριβείας
657 2185 741 2236 καὶ
766 2187 928 2237 τοῦτο
955 2183 1130 2237 οὕτως
1158 2186 1399 2250 ςυνήχθη.
1449 2185 1813 2250 ἑβδομήκοντα

200 2291 262 2323 182
285 2267 383 2319 δύο
410 2266 751 2332 ἄνδρεςιτότε
785 2268 882 2322 τὸν
908 2267 1116 2333 πύργον
1143 2269 1487 2337 ᾠκοδόμουν,
1514 2269 1604 2323 ὅτε
1630 2269 1713 2321 καὶ
1741 2268 1812 2322 εἰς

201 2365 254 2404 25
285 2350 648 2416 ἑβδομήκοντα
674 2352 772 2405 δύο
797 2352 1035 2414 γλώςςας
1062 2353 1119 2406 ἐκ
1144 2355 1260 2423 μιᾶς
1287 2353 1653 2419 ςυνεχέθηςαν.
1686 2352 1812 2407 ὅθεν

283 2436 367 2487 καὶ
391 2436 623 2500 μέροπες
654 2437 945 2502 ἑκλήθηςαν
973 2436 1046 2490 εἰς
1073 2438 1170 2503 τὴν
1197 2438 1573 2504 μεμεριςμένην
1601 2437 1811 2503 φωνήν.

284 2519 346 2570 τὸ
379 2520 433 2571 δ’
461 2520 594 2574 αὐτὸ
627 2521 690 2575 τὸ
726 2522 920 2587 μέτρον
953 2523 1036 2575 καὶ
1073 2522 1103 2575 ὁ
1139 2523 1395 2587 μετρητὴς
1432 2522 1540 2586 ἔχει
1582 2522 1712 2574 κατὰ
1747 2521 1809 2574 τό

287 2602 480 2665 μέτρον
508 2605 570 2657 τὸ
599 2604 767 2668 ἅγιον.

398 2730 437 2769 8.
471 2729 496 2755 *
518 2732 667 2774 ‘deest
698 2733 888 2787 aliquid’
910 2736 991 2775 Pet
1011 2736 1059 2775 in
1079 2746 1221 2788 marg.
1339 2735 1404 2773 11.
1440 2731 1598 2784 μέντοι
1628 2734 1812 2785 Lepsius

289 2797 346 2849 (V·
369 2799 551 2851 praefi),
576 2799 657 2851 μέν
677 2814 752 2844 τοι
772 2803 909 2858 vulgo
1026 2806 1091 2846 15.
1116 2802 1266 2855 Κάμος
1287 2803 1424 2856 vulgo
1542 2804 1607 2843 18.
1640 2806 1811 2853 ποςτη-

287 2864 469 2919 μορίου]
503 2870 761 2922 aliqumztula
787 2887 895 2925 pars
915 2874 1064 2916 versio
1086 2875 1188 2916 Lat.
1306 2873 1374 2915 27.
1407 2870 1466 2913 τὸ
1499 2874 1607 2912 ante
1640 2870 1810 2923 μέτρον

285 2937 414 2978 uncis
444 2936 549 2979 incl.
583 2939 663 2979 Pet
