1946 3220
79 67 97 73 ν’
167 69 275 156 [82]’
611 103 761 139 oAv1s
799 99 866 137 ‘Ac
902 71 1250 138 Pommmnus.
1592 85 1699 139 263

241 210 320 266 15.
382 209 514 276 Τρία
571 210 736 277 μέτρα
794 191 1136 278 ςεμιδάλεως,
1198 211 1232 264 ἃ
1284 212 1398 265 τοῖς
1447 210 1697 272 ἀγγέλοις

163 297 397 363 Ἀβραὰμ
438 300 501 365 τῇ
542 295 719 364 Εάρρᾳ
762 297 1051 362 ἑτοιμάζειν
1097 296 1475 362 προςέταττεν,
1522 285 1576 349 ἐξ
1615 294 1694 349 ὧν

163 380 374 446 μέτρων
401 379 694 446 ἐγκρυφίαν
720 380 886 446 ἄρτου
913 381 1154 444 γενέςθαι
1180 380 1492 435 ἐνετείλατο.
1528 383 1706 434 ταῦτα-

164 465 226 518 δὲ
250 465 315 518 τὰ
340 465 504 530 μέτρα
528 464 749 519 ἕκαςτον
775 466 947 530 γόμορ
974 466 1179 531 ἐχώρει.

239 547 318 600 16.
357 549 432 601 Τὸ
469 549 529 602 δὲ
553 549 725 614 γόμορ
750 549 973 604 δέκατον
999 549 1064 614 ἦν
1091 552 1188 603 τοῦ
1220 549 1452 614 μεγάλου
1480 548 1694 614 μέτρου,

161 633 399 686 τουτέςτι
421 635 515 698 τῆς
541 631 789 700 ἀρτάβης,
816 634 847 687 ὃ
874 634 1073 696 γίνεται
1104 634 1238 688 ἑπτὰ
1263 634 1434 689 ξέςται
1459 634 1541 687 καὶ
1565 634 1695 697 πέμ-

162 733 316 771 πτον.

236 803 315 854 17.
354 802 486 867 Τρία
510 803 646 856 κανᾶ
671 806 990 867 χονδριτῶν,
1025 803 1155 857 ἔνθα
1179 802 1388 856 εἰώθαςι
1413 802 1534 856 τότε
1560 801 1697 855 ἀπο-

159 885 387 942 τίθεςθαι
410 887 540 940 τοὺς
565 886 862 951 χονδρίτας.
912 886 1019 940 ἕςτι
1046 888 1105 941 δὲ
1131 885 1275 942 εἶδος
1302 886 1468 952 ἄρτου
1496 886 1567 940 εἰς
1594 885 1695 939 δύο

159 971 505 1036 τεμνομένου.

237 1055 316 1108 18.
355 1056 523 1122 Νέβελ
555 1055 729 1120 οἴνου,
756 1054 892 1122 ὅπερ
918 1055 1025 1110 ἐςτὶ
1051 1056 1250 1122 μέτρον,
1278 1055 1476 1110 ξεςτῶν
1508 1053 1605 1119 ον’.

235 1139 315 1192 19.
354 1141 429 1193 Τὸ
457 1140 618 1194 ςάτον
645 1140 727 1200 νς’
752 1143 947 1195 Ξεςτῶν
974 1140 1213 1206 ὑπάρχει.

232 1223 316 1276 20.
356 1223 711 1290 Ἀλάβαςτρον
748 1225 917 1291 μύρου
956 1214 1121 1291 βικίον
1162 1225 1258 1290 μέν
1297 1225 1433 1278 ἐςτιν
1477 1222 1694 1278 ὑέλινον

159 1311 379 1373 χωροῦν
407 1309 592 1373 λίτραν
618 1310 816 1363 ἐλαίου.
875 1310 938 1363 τὸ
971 1311 1030 1363 δὲ
1064 1310 1259 1375 μέτρον
1287 1303 1394 1362 ἑςτὶ
1420 1308 1604 1363 ξέςτου
1629 1307 1694 1360 τὸ

157 1392 323 1456 ἥμιςυ.
375 1391 707 1458 ἀλάβαςτρον
737 1394 795 1447 δὲ
819 1394 1061 1458 κέκληται
1085 1394 1171 1447 διὰ
1195 1396 1257 1447 τὸ
1284 1394 1599 1459 εὔθρυπτον.

230 1475 314 1528 21.
358 1477 646 1542 Καμψάκης
682 1477 877 1531 ὕδατος
915 1476 979 1543 ιβ’
1013 1481 1208 1532 ξεςτῶν
1255 1478 1451 1531 ὕδατός
1491 1478 1597 1543 {esst
1630 1476 1693 1531 τὸ

158 1559 367 1627 μέτρον.
417 1561 448 1615 ὁ
485 1562 544 1614 δὲ
574 1567 650 1632 τῷ
686 1562 836 1630 Ἠλίᾳ
863 1563 1180 1627 ἑτοιμαςθεὶς
1211 1561 1488 1628 καμψάκης
1515 1560 1693 1615 τεςςά-

129 1645 135 1648 ’
159 1662 274 1710 ρων
305 1645 408 1699 ἐςτὶ
435 1649 647 1701 ξεςτῶν.

229 1729 313 1782 22.
349 1730 488 1782 Ἔςτι
511 1748 558 1784 τι
589 1731 784 1796 μέτρον
811 1731 1021 1797 κοτύλη.
1069 1731 1219 1796 ἥμιςυ
1244 1730 1428 1785 Ξέςτου
1453 1729 1692 1796 ὑπάρχει.

157 1814 402 1878 κέκληται
434 1815 493 1868 δὲ
525 1815 719 1881 κοτύλη
756 1814 865 1868 ἀπὸ
899 1818 996 1869 τοῦ
1031 1816 1127 1869 τὸν
1154 1815 1335 1880 ξέςτην
1371 1814 1444 1871 εἰς,
1470 1814 1569 1867 δύο
1605 1813 1693 1867 κό-

156 1903 384 1952 πτεςθαι.

228 1982 312 2036 23.
355 1982 559 2036 Κύαθός
594 1983 732 2039 ἐςτιν
766 1985 920 2038 ἕκτον
956 1984 1153 2038 ξέςτου.
1202 1983 1436 2047 μεθεκὼθ
1463 1982 1522 2035 δὲ
1548 1980 1692 2044 λέγει

156 2067 285 2120 τοὺς
320 2067 551 2122 κυάθους
586 2068 618 2133 ἡ
655 2069 862 2135 γραφή·
900 2069 966 2122 τὰ
993 2070 1051 2123 δὲ
1084 2068 1370 2134 μαςμαρὼθ
1396 2067 1539 2130 λέγει
1562 2067 1691 2120 τοὺς

158 2153 514 2218 διυλιςτῆρας,
552 2152 647 2206 οὓς
681 2154 765 2206 καὶ
799 2153 999 2218 ἠθμοὺς
1026 2154 1303 2217 καλοῦμεν.
1354 2155 1430 2221 τῷ
1458 2151 1604 2220 αὐτῷ
1632 2150 1691 2203 δὲ

159 2235 383 2302 ὀνόματι
425 2235 722 2304 ἀμφότεροι
755 2237 1061 2304 κέχρηνται,
1107 2237 1222 2291 ἐπει
1254 2236 1337 2290 καὶ
1373 2237 1470 2301 τὴν
1519 2234 1687 2300 αὐτὴν

157 2319 432 2384 ἐνέργειαν
456 2321 648 2387 ἔχουςι.

230 2403 313 2455 24.
353 2405 614 2471 Τρυβλίον
641 2405 938 2471 ὀψόβαφόν
966 2406 1070 2460 έςτι
1095 2407 1191 2470 τὴν
1219 2404 1407 2458 πλάςιν
1441 2403 1559 2468 ἤτοι
1588 2418 1689 2455 πα-

160 2488 346 2553 ροψίς,
372 2487 522 2552 ἥμιςυ
549 2491 608 2542 δὲ
635 2490 817 2543 ξέςτου
843 2490 905 2543 τὸ
932 2491 1126 2555 μέτρον
1154 2490 1274 2553 ἔχει.

273 2620 312 2658 3.
351 2614 603 2669 ἐγκρυφίας
640 2615 811 2669 ἄρτους
850 2618 970 2659 coni.
1002 2618 1082 2658 Pet
1113 2618 1161 2657 in
1191 2629 1335 2671 marg.
1490 2617 1531 2656 4.
1567 2619 1613 2657 et
1643 2616 1685 2657 5.

157 2684 309 2737 γόμον
339 2687 476 2741 vulgo
621 2687 662 2728 6.
697 2684 869 2728 ξέςτων
899 2687 1037 2741 vulgo
1175 2688 1214 2728 8.
1249 2689 1350 2740 post
1382 2687 1499 2727 κανᾶ
1529 2689 1688 2727 notam

158 2754 358 2797 lacunae
396 2757 524 2810 ponit
561 2756 682 2798 LeM
853 2758 918 2797 14.
964 2755 1120 2798 ἐλαίου
1160 2770 1273 2799 corr.
1315 2757 1398 2797 Pet
1435 2757 1483 2797 in
1522 2768 1687 2809 marg„

155 2823 316 2867 ἔλαιον
345 2826 483 2880 vulgo
630 2828 696 2869 16.
730 2825 967 2878 Καμψάκις
998 2827 1117 2867 LeM
1261 2828 1327 2868 19.
1362 2825 1425 2879 τι]
1461 2825 1518 2868 τὸ
1548 2825 1687 2878 vulgo

159 2895 228 2936 22.
263 2894 472 2947 μεδεκὼθ
504 2897 626 2938 LeM

1728 985 1783 1026 10

1728 1408 1783 1448 15

1724 1830 1780 1870 20

1721 2250 1778 2292 25
