1946 3220
1187 15 1216 26 Ι

325 139 431 192 212
707 152 1028 190 FRAGMENTA
1064 153 1133 186 DE
1169 152 1429 188 Mnusums
1629 135 1862 214 [39—41]
1895 161 1914 206 75

327 282 445 319 τινα
474 264 661 330 ἑτέραν
687 263 914 314 ποιεῖται
951 259 1274 325 ςυμμετρίαν.
1330 260 1374 314 εἰ
1395 261 1501 326 ’μὲν
1538 261 1640 326 γὰρ
1667 261 1763 326 τὴν
1792 260 1860 316 εἰ·
1913 250 1917 253 χ

329 348 586 413 ρημένην,
625 346 785 398 οὐδὲν
810 343 989 397 διοίςει
1014 346 1111 397 τοῦ
1139 344 1392 407 λέγοντος
1417 345 1599 410 λίτραν
1635 345 1720 398 καὶ
1749 344 1860 410 ἡμί-
1923 354 1929 358 ’

327 435 507 496 λιτρον
534 430 617 482 καὶ
653 430 793 495 τρεῖς
827 427 1072 491 οὐγγίας·
1120 428 1152 493 ἡ
1188 430 1282 494 μὲν
1307 429 1410 495 γὰρ
1445 428 1597 494 λίτρα
1622 429 1657 498 <
1682 429 1728 489 ς’
1754 429 1863 494 ἔχει
1912 480 1919 486 .

327 515 465 579 πρὸς
499 516 614 566 ταῖς
647 513 999 580 ἑνενήκονταζ,
1033 512 1095 565 τὸ
1135 513 1194 566 δὲ
1226 512 1497 579 ἡμίλιτρον
1537 514 1679 566 ὀκτὼ
1707 514 1791 566 καὶ
1813 512 1862 579 μ’

271 604 296 641 5
328 597 604 663 δηλονότι,
639 597 878 662 καθάπερ
903 597 987 649 καὶ
1010 596 1206 650 τούτου
1232 596 1395 652 πάλιν
1419 598 1482 651 τὸ
1507 596 1658 663 ἥμιςυ
1683 597 1862 652 τέττα-

328 698 423 746 ρας
447 681 531 734 καὶ
559 677 627 734 κ’·
669 681 803 734 ὥςθ’
827 681 859 746 ἡ
887 681 1018 746 αὐτὴ
1044 680 1306 743 ἀναλογία
1331 681 1550 736 ςώζεται
1582 682 1745 748 μηδὲν
1774 698 1861 748 με·
1939 690 1943 698 ¹

325 765 498 828 γάλου
533 766 892 832 διαφέροντος
938 764 1042 819 εἴτε
1086 766 1200 818 ταῖς
1234 764 1269 833 <
1304 764 1351 832 ρ’
1383 768 1495 820 τῶν
1533 767 1860 831 μεταλλικῶν

327 849 432 904 εἴτε
470 852 584 903 ταῖς
623 850 947 914 ἐνενήκοντα
983 850 1040 904 ἓξ
1069 848 1122 901 αἱ
1160 848 1259 902 δύο
1292 849 1511 903 κοτύλαι
1544 852 1642 905 τοῦ
1678 849 1860 904 ἐλαίου

327 934 647 999 μιγνύοιντο.
695 935 828 987 κατὰ
864 936 1027 987 τοῦτο
1056 933 1151 998 μὲν
1191 933 1290 988 οὖν
1319 934 1385 988 οὐ
1420 934 1601 989 διοίςει
1631 935 1696 988 τὰ
1722 934 1859 1001 φάρ-

245 1023 298 1062 10
326 1035 463 1084 μακα
488 1018 667 1084 λίτρας
694 1017 1093 1084 ὀνομαζομένης
1118 1018 1150 1084 ἢ
1176 1017 1211 1086 <
1237 1017 1296 1084 ρ’.

325 1201 410 1253 39.
460 1198 694 1252 Indidem
723 1216 750 1252 e
776 1199 913 1252 libro
937 1198 1001 1251 ΙΙ
1022 1202 1123 1264 (Gk.
1148 1204 1287 1263 XIII,
1317 1206 1425 1252 697.
1476 1205 1531 1252 Κ.
1559 1196 1698 1263 ΧΙΙΊ,
1727 1205 1857 1265 538).

432 1297 808 1364 *Λιθαργύρου
844 1300 950 1364 μνᾶ
986 1295 1048 1351 α’.
1091 1298 1125 1364 ἡ
1161 1300 1222 1352 δὲ
1259 1300 1366 1365 μνᾶ
1400 1299 1487 1353 ἐπὶ
1524 1299 1722 1371 τούτου
1760 1300 1858 1352 τοῦ
1943 1356 1946 1359 ,

325 1383 610 1449 φαρμάκου
645 1383 754 1449 ἔχει
785 1382 948 1436 ὁλκὰς
982 1381 1070 1448 ρξ’.
1133 1403 1158 1435 ιιι
1184 1383 1238 1451 (ὁ
1270 1383 1527 1449 ἡμέτερος
1563 1385 1859 1449 καθηγητὴς

326 1467 568 1534 Λεύκιος)
602 1467 686 1520 καὶ
718 1467 852 1520 κατὰ
883 1469 1047 1520 τοῦτο
1084 1467 1148 1520 τὸ
1182 1468 1468 1533 φάρμακον
1510 1468 1594 1521 καὶ
1626 1468 1759 1521 κατὰ
1795 1468 1858 1522 τὸ

243 1553 295 1593 15
326 1551 520 1616 ἐφεξῆς
548 1551 695 1621 αὐτῷ
735 1551 1105 1616 γεγραμμένον
1140 1550 1215 1617 ρξ’
1239 1553 1478 1617 δραχμάς
1518 1568 1678 1618 φηςιν
1717 1552 1858 1617 ἔχειν

322 1635 421 1700 τὴν
456 1637 607 1699 μνᾶν.
677 1634 905 1699 εὔδηλον
947 1634 1045 1689 οὖν
1089 1636 1172 1689 ὅτι
1211 1637 1310 1702 τὴν
1351 1637 1858 1701 Ἀλεξανδρεωτικὴν
1912 1658 1921 1667 ·

324 1719 468 1781 λέγει
505 1720 641 1782 μνᾶν
693 1718 915 1781 οὐγγίας
950 1718 994 1772 κ’
1030 1720 1286 1786 ἕχουςαν,
1334 1719 1485 1774 ὅπως
1522 1721 1706 1785 ἑκάςτη
1746 1724 1855 1774 τῶν

326 1802 563 1864 οὐγγιῶν
602 1803 697 1871 ἔχῃ
735 1803 770 1870 <
803 1802 873 1867 η’·
926 1804 1071 1858 οὕτω
1096 1805 1200 1871 γὰρ
1225 1805 1533 1870 ςυμβήςεται
1558 1805 1698 1874 [τὰς]
1723 1804 1758 1873 <
1783 1804 1857 1870 ρξ’

324 1886 466 1951 ἔχειν
492 1887 589 1951 τὴν
615 1888 768 1951 μνᾶν.

237 2057 295 2097 20
454 2040 538 2094 40.
593 2041 828 2093 Indidem
854 2046 953 2107 (012.
979 2047 1116 2107 xm,
1144 2049 1237 2095 699
1258 2063 1295 2095 s.
1346 2048 1563 2107 K.X111,
1592 2046 1724 2111 547).

430 2140 553 2192 *Ἐν
579 2139 757 2209 τούτῳ
783 2145 860 2211 τῷ
888 2141 1153 2212 φαρμάκῳ
1179 2142 1211 2196 ὁ
1237 2142 1397 2208 Ἡρᾶς
1421 2143 1585 2207 δῆλός
1621 2143 1727 2197 ἑςτι
1757 2144 1854 2208 τὴν

324 2224 462 2286 μνᾶν
500 2222 563 2282 ις’
590 2222 825 2285 οὐγγιῶν
864 2226 1194 2291 βουλόμενος
1240 2225 1392 2280 εἶναι.
1441 2227 1507 2279 οὐ
1540 2228 1643 2292 γὰρ
1678 2228 1745 2281 ἂν
1771 2228 1851 2280 ἑκ-

323 2307 635 2360 καιδέκατον
665 2307 950 2373 ἐγεγράφει
978 2313 1134 2374 μνᾶς,
1162 2310 1206 2364 εἰ
1229 2311 1296 2376 μὴ
1325 2312 1479 2364 τοῦτ’
1502 2311 1770 2377 ἐβούλετο.

322 2474 406 2527 41.
445 2474 683 2526 Indidem
702 2493 730 2527 e
753 2477 887 2528 libro
914 2477 1008 2528 III
1026 2478 1123 2544 (Cla.
1137 2484 1274 2542 XIII,
1296 2487 1402 2531 723.
1431 2485 1484 2531 K.
1506 2484 1641 2542 XIII,
1667 2487 1763 2531 615
1775 2485 1848 2545 s.).

239 2587 295 2627 25
430 2573 586 2627 *Ἐάν
612 2591 670 2627 τε
699 2574 842 2644 οὖν(
860 2574 908 2628 α’
928 2575 1132 2646 ὑποθῇς
1157 2579 1220 2631 τὸ
1246 2578 1305 2632 ἓν
1331 2576 1467 2632 εἶναι
1491 2578 1654 2643 μέρος
1680 2578 1850 2657 ἁπάν-

238 2666 303 2700 616
324 2671 433 2707 των
468 2658 745 2724 δηλονότι,
785 2660 1044 2714 τοςαύτας
1083 2663 1260 2727 βαλεῖς
1297 2663 1533 2727 δραχμὰς
1561 2662 1759 2729 ὅςαπερ
1783 2662 1849 2716 τὰ

325 2739 479 2802 μέρη,
521 2740 615 2793 ἐάν
652 2759 708 2795 τε
742 2743 962 2806 οὐγγίαν
999 2746 1031 2809 ἢ
1066 2746 1275 2810 λίτραν,
1316 2745 1460 2799 οὕτω
1499 2747 1601 2812 γὰρ
1639 2745 1849 2800 εἴθιςται

437 2935 477 2977 6.
510 2933 727 2989 μεγάλου]
763 2938 903 2988 μέγαν
936 2942 1006 2993 Ch,
1039 2941 1152 2994 μέγα
1182 2943 1228 2984 K
1342 2944 1409 2984 26.
1443 2941 1612 2996 βάλλῃς
1648 2944 1756 2985 ClzK
