1946 3220
112 741 161 803 Ι.
240 741 640 821 Fragmenta
696 737 774 799 de
831 738 1145 800 mensuris
1204 742 1514 821 porrectis
1578 751 1639 803 et

697 837 1043 919 quadratis.

227 993 270 1045 1.
320 992 368 1044 E
390 992 517 1043 Iulii
541 992 771 1044 Pollucis
801 993 1119 1045 onomastt'co
1153 991 1225 1063 (2.
1257 1000 1368 1043 157.
1400 991 1540 1062 158).

655 1090 794 1145 (Vide
824 1091 940 1146 prol.
973 1093 998 1143 5
1028 1090 1093 1145 2.)

218 1189 343 1242 Τῶν
370 1188 430 1242 δὲ
454 1189 666 1255 μέτρων
705 1189 810 1242 ἔςτι
845 1189 940 1253 μέν
966 1206 1014 1242 τι
1038 1189 1122 1242 καὶ
1147 1188 1430 1242 δάκτυλος·
1467 1191 1636 1255 δοχμὴ
1661 1213 1723 1248 157

110 1273 169 1325 δὲ
197 1273 617 1335 ςυγκλειςθέντες
645 1272 695 1326 οἱ
719 1273 966 1338 τέτταρες
984 1273 1250 1337 δάκτυλοι,
1275 1273 1361 1326 καὶ
1384 1275 1637 1326 δακτυλο-

110 1356 293 1421 δόχμη.
343 1358 406 1410 τὸ
436 1357 491 1410 δ’
518 1356 650 1410 αὐτὸ
675 1358 760 1410 καὶ
784 1358 1042 1422 παλαιςτὴ
1069 1358 1309 1422 θηλυκῶς
1334 1357 1418 1409 καὶ
1450 1359 1638 1410 παλαι-

109 1440 229 1505 ςτὴς
267 1440 585 1506 ἀρρενικῶς,
622 1441 707 1494 καὶ
749 1444 962 1505 δῶρον,
998 1442 1083 1493 καὶ
1116 1440 1538 1506 ἑκκαιδεκάδωρα
1571 1442 1637 1494 τὰ

109 1523 654 1578 ἑκκαιδεκαπάλαιςτα.
703 1525 767 1578 τὸ
807 1526 867 1578 δὲ
907 1524 1018 1577 ἀπὸ
1061 1528 1270 1589 καρποῦ
1315 1525 1422 1578 ἕως
1456 1524 1636 1590 ἄκρων
1670 1543 1696 1582 5

108 1608 414 1673 δακτύλων,
453 1609 486 1674 ἡ
514 1610 654 1662 πᾶςα
680 1608 822 1675 χείρ,
860 1607 1191 1674 ὀρθόδωρον.
1244 1608 1288 1662 εἰ
1313 1610 1372 1662 δὲ
1396 1609 1522 1662 τοὺς
1547 1613 1639 1662 δα-

107 1692 334 1745 κτύλους
369 1692 656 1747 ἀποτείνας
692 1693 802 1746 ἀπὸ
836 1695 933 1745 τοῦ
978 1693 1213 1757 μεγάλου
1257 1694 1395 1759 πρὸς
1428 1693 1526 1747 τὸν
1562 1710 1638 1758 μι-

106 1776 368 1841 κρότατον
394 1779 631 1841 μετροῑς,
668 1778 891 1841 ςπιθαμὴ
918 1778 980 1829 τὸ
1008 1778 1226 1841 μέτρον·
1266 1777 1310 1830 εἰ
1345 1779 1403 1831 δὲ
1428 1778 1524 1831 τὸν
1550 1778 1638 1842 μέ·
1663 1791 1725 1824 158

39 1866 42 1870 ’
105 1876 207 1922 γαν
235 1860 498 1914 δάκτυλον
523 1865 599 1928 τῷ
630 1863 831 1930 λιχανῷ
870 1859 1193 1924 ἀντιτείνας,
1229 1861 1295 1913 τὸ
1333 1861 1529 1926 μέτρον
1564 1863 1638 1913 λι-

106 1943 217 2008 χάς.
269 1944 378 1996 ἀπὸ
415 1945 474 1997 δὲ
511 1944 821 2010 ῶλεκράνου
861 1945 1000 2010 πρὸς
1042 1945 1139 1998 τὸν
1176 1944 1335 2008 μέςον
1374 1945 1637 1998 δάκτυλον
1670 1963 1724 2002 10

106 2026 274 2091 ἄκρον
310 2029 373 2081 τὸ
410 2028 662 2094 διάςτημα
700 2032 886 2094 πῆχυς.
938 2029 982 2082 εἰ
1018 2031 1076 2083 δὲ
1113 2029 1469 2095 ςυγκάμψειας
1511 2029 1640 2084 τοὺς

106 2112 429 2176 δακτύλους,
466 2113 567 2165 ἀπ’
593 2112 840 2176 ἀγκῶνος
874 2113 968 2166 ἐπ’
994 2113 1188 2167 αὐτοὺς
1226 2115 1414 2175 πυγῶν
1448 2114 1511 2166 τὸ
1550 2113 1637 2177 μέ-

107 2212 264 2260 τρον,
294 2195 338 2249 εἰ
365 2198 423 2249 δὲ
449 2198 823 2260 ςυγκλείςειας,
850 2198 1040 2268 πυγμῄ.
1070 2197 1114 2250 εἰ
1139 2197 1195 2250 δ’
1220 2196 1384 2262 ἄμφω
1410 2197 1505 2249 τὰς
1531 2200 1637 2261 χεῖ-

107 2295 204 2343 ρας
231 2279 529 2345 ἐκτείνειας,
557 2280 632 2333 ῶς
658 2281 742 2333 καὶ
766 2281 828 2334 τὸ
856 2282 1075 2346 ςτέρνον
1102 2281 1285 2341 αὐταῖς
1312 2283 1637 2346 ςυμμετρεῖν,

107 2362 296 2428 ὀργυιὰ
320 2365 553 2416 καλεῖται
575 2365 639 2417 τὸ
665 2365 874 2430 μέτρον.
1666 2381 1718 2421 15

106 2557 153 2610 2.
202 2559 565 2626 Fraymentum
592 2576 626 2610 a
651 2561 935 2612 Greavesio
959 2561 1204 2624 allatum,
1234 2577 1333 2628 quo
1361 2576 1637 2612 mensurae

378 2660 413 2695 a
438 2644 649 2696 Polluce
669 2646 981 2712 propositae
1008 2646 1355 2696 illustrantur.

659 2758 789 2809 (Vide
820 2757 934 2811 prol.
965 2758 991 2807 ξ
1024 2756 1084 2809 2.)

211 2854 270 2906 Ὁ
307 2855 402 2920 μὲν
441 2854 701 2908 δάκτυλος
737 2855 931 2919 μέτρον
967 2854 1072 2907 ἐςτὶ
1107 2855 1467 2921 (μικρότατον.
1516 2856 1548 2919 ἡ
1575 2857 1634 2908 δὲ

107 2938 276 3005 δοχμή
314 2938 418 2992 ἐςτι
454 2939 731 2993 δακτύλων
761 2934 822 3002 δ’,
860 2937 994 3004 ὅπερ
1029 2938 1223 3004 μέτρον
1259 2940 1343 2992 καὶ
1380 2941 1634 2992 δακτυλο-

1265 3023 1373 3074 12*
