1946 3220
268 350 335 400 67

354 139 460 195 114
887 151 1286 189 pemmonem
1307 152 1365 188 m

355 268 422 309 De
438 268 624 321 propria
645 267 979 307 Ptolemaeorum
998 266 1131 315 mina,
1165 276 1271 317 quae
1287 267 1443 316 postea
1463 263 1613 305 Attica
1631 271 1783 306 vocata
1802 272 1882 309 est.

1912 0 1946 23 w

1912 26 1943 50 »ἢ

1924 100 1933 112 Χ

461 354 619 400 Adhuc
646 353 691 398 in
725 351 887 397 tabulis
908 351 1159 411 ponderum
1186 357 1231 396 et
1258 364 1572 397 mensurarum
1599 352 1709 398 duas
1734 353 1884 415 Aegy·
1943 362 1946 364 ·

354 426 475 485 ptias
511 424 655 468 minas
689 422 1035 469 commemorari
1067 421 1284 479 vidimuS,
1336 435 1526 482 quarum
1561 423 1702 470 altera
1728 423 1882 470 Ptole-

355 496 496 540 maica
537 491 822 553 appellatur,
862 491 984 553 quod
1014 491 1380 552 antiquissimum
1405 493 1735 554 Aegyptiorum
1766 508 1883 554 pon·

354 563 437 609 dus
457 562 599 609 fuisse
619 562 922 624 suspicamur,
950 561 1093 608 altera
1111 562 1426 622 Alexandrina,
1456 577 1570 623 quae
1590 577 1640 608 ex
1661 570 1881 624 argenteo

354 640 523 679 statere
550 634 750 680 Asiatico
788 633 979 679 deducta
1014 639 1084 678 est
1117 632 1365 692 habuitque
1388 633 1682 680 Ptolemaicas
1723 635 1879 681 drach-

351 717 446 748 mas
482 702 564 749 CL.
644 704 740 763 Age
781 716 913 749 vero:
956 702 1137 748 nullane
1180 717 1261 748 sua
1300 704 1420 749 mina
1452 704 1734 750 Ptolemaeos
1770 719 1881 751 usos

351 773 480 819 esse?
510 773 636 834 quid,
667 787 768 819 cum
796 775 918 820 omni
944 774 1180 819 drachmae
1209 787 1231 819 e
1254 772 1526 820 Graecorum
1547 775 1724 821 ratione
1752 790 1879 821 suam

350 845 516 889 minam
550 845 854 890 centenariam
889 844 1153 890 convenisse
1186 857 1372 890 necesse
1410 846 1495 903 sit,
1537 844 1700 891 illosne
1745 859 1880 906 reges

350 914 587 974 proprium
615 915 850 961 drachmae
875 915 1055 975 pondus
1075 914 1304 972 habuisse,
1329 916 1494 961 minam
1520 929 1613 961 non
1637 915 1879 962 hahuisse?

350 982 438 1029 Sed
478 984 586 1045 quid
616 985 787 1031 multa?
825 992 1001 1031 exstant
1025 986 1281 1031 certissima
1317 985 1416 1031 eius
1450 999 1582 1045 quam
1607 986 1707 1032 dico
1731 986 1878 1032 minae

350 1053 635 1100 documenta.
694 1054 939 1101 Servantur
961 1055 1146 1102 Parisiis
1177 1062 1223 1101 et
1245 1054 1445 1101 Berolini
1469 1056 1703 1117 complura
1728 1059 1880 1117 Aegy-

348 1124 550 1184 ptiorum
574 1125 795 1186 pondera,
823 1139 876 1171 ex
903 1126 1068 1186 quibus
1095 1133 1141 1172 et
1163 1128 1262 1186 ipsa
1286 1125 1560 1172 Ptolemaiou
1586 1127 1707 1172 mina
1727 1134 1880 1173 cente-

349 1196 476 1241 naria
509 1201 554 1240 et
579 1197 724 1241 variae
753 1198 847 1241 eius
873 1203 1026 1257 partes
1054 1211 1079 1242 a
1107 1196 1296 1242 semisse
1323 1196 1376 1242 ad
1401 1196 1658 1243 drachmam
1683 1197 1877 1244 dilucide

350 1261 744 1326 cognoscantur¹).
795 1266 909 1312 Hinc
947 1269 1111 1312 iustam
1133 1266 1451 1313 Ptolemaicam
1487 1268 1652 1314 minam
1677 1267 1769 1313 XIII
1792 1281 1878 1314 un-

348 1334 439 1380 cias
465 1335 686 1381 Romanas
711 1343 888 1382 tantum
913 1351 1006 1383 non
1034 1350 1252 1398 aequasse
1277 1338 1559 1398 exploratum
1586 1338 1819 1384 habemus.

454 1405 545 1451 lam
581 1407 701 1452 inter
735 1421 890 1453 omnes
921 1415 967 1454 et
998 1414 1173 1454 veteres
1200 1415 1409 1453 auctores
1435 1414 1476 1453 et
1505 1422 1583 1454 eos
1612 1409 1689 1469 qui
1717 1415 1877 1455 nostra

349 1481 497 1521 aetate
530 1476 586 1522 de
634 1477 914 1537 ponderibus
968 1479 1252 1539 scripserunt
1293 1478 1382 1524 hoc
1426 1485 1633 1537 constat,
1679 1479 1875 1526 Atticam

350 1655 590 1697 admodum
621 1657 788 1710 exiguo
818 1659 1047 1698 momento
1078 1657 1295 1698 differunt
1326 1671 1353 1698 a
1381 1657 1590 1710 legitimo
1614 1658 1732 1712 quod
1760 1658 1874 1700 dixi-

346 1724 445 1752 mus
474 1712 844 1753 Ptolemaeorum
874 1714 1074 1766 pondere
1107 1712 1230 1766 (adn.
1259 1713 1319 1766 6).

462 1767 503 1820 1)
536 1769 716 1810 Primus
738 1768 911 1823 Saigey
939 1770 1157 1811 nonnulla
1189 1784 1244 1811 ex
1273 1771 1346 1811 his
1375 1770 1655 1823 ponderibus
1684 1770 1875 1824 protulit

348 1821 623 1877 (Metroloyie
662 1839 707 1878 p.
739 1825 823 1877 53).
883 1826 989 1866 Alia
1040 1826 1217 1867 addidit
1266 1827 1468 1879 Queipo‚
1523 1829 1652 1868 cuius
1693 1841 1716 1868 e
1755 1828 1872 1870 libro
1938 1868 1946 1871 Α

346 1880 388 1931 (Ι
418 1893 463 1933 p.
497 1880 735 1934 188-193)
785 1895 870 1936 ego
921 1882 1043 1924 hanc
1093 1896 1210 1936 quae
1255 1885 1462 1936 sequitur
1502 1884 1707 1924 tabulam
1753 1897 1871 1926 com-

378 1949 500 1977 osui:

345 1948 373 1990 p
432 1996 455 2033 1
491 1990 687 2047 (Queipo
709 2008 753 2048 p.
779 1994 902 2047 188>2
934 1997 1086 2036 eaillozc
1106 1997 1226 2036 roule
1256 1996 1283 2036 ἁ
1310 1997 1483 2047 surface
1503 1996 1702 2037 raboteu-

485 2063 556 2146 fle,
573 2056 764 2145 Eortant
793 2065 872 2091 une
887 2053 1147 2147 ἑζιέονίρτίοη
1166 2052 1529 2105 Ιιίένορῖῃρῆἰᾳιιε,
1550 2052 1701 2093 Muse'e
1714 2109 1796 2150 352
1818 2109 1869 2149 16

518 2120 544 2145 ιι
616 2119 762 2155 ouvre,
828 2120 884 2148 en
918 2122 934 2147 1
1014 2120 1169 2151 ramm.
1250 2137 1695 2150 .......

428 2161 454 2201 2
487 2160 551 2213 (id
580 2175 622 2214 p.
656 2121 919 2215 189):¹}›ec2·c
945 2121 1093 2216 pcigids,
1125 2163 1276 2204 Musae
1308 2165 1364 2204 du
1394 2165 1448 2205 L.
1481 2177 1525 2206 n.
1557 2165 1668 2206 3113
1715 2142 1869 2217 176175

429 2218 455 2258 3
488 2216 552 2268 (id
582 2231 626 2270 p.
661 2217 794 2286 190):,
813 2221 940 2272 poids
960 2233 1012 2260 en
1031 2225 1293 2272 serpentine,
1324 2223 1498 2275 mar-que
1519 2222 1571 2261 de
1592 2223 1700 2262 trois

425 2329 454 2368 4
479 2275 1332 2383 {iggiggyflffesessffupffidsn‘ejobssrznke,⁶
1350 2306 1548 2373 ib'idem'
1608 2306 1619 2378 Ῐ
1681 2306 1693 2377 J
1738 2278 1868 2387 ἓξὲξ

427 2386 452 2426 5
485 2385 563 2436 (id.
594 2385 747 2437 ibid.):
780 2387 975 2428 alterum
1006 2388 1177 2430 ibidem
1246 2418 1693 2433 .......
1738 2391 1867 2443 58,ὓὸ

426 2443 452 2482 6
484 2440 682 2495 (Queipo
705 2456 747 2495 p.
773 2442 895 2496 190):
916 2445 1027 2496 petit
1039 2446 1168 2497 poids
1189 2458 1241 2486 en
1259 2447 1516 2498 serpentine,
1538 2446 1708 2487 ibidem
1738 2447 1866 2500 29,48

426 2498 451 2536 7
485 2496 673 2551 (Saigey
702 2511 746 2551 p.
769 2499 864 2552 53):
892 2502 1021 2553 poids
1051 2514 1103 2541 en
1132 2501 1302 2551 bronze,
1334 2501 1504 2542 ibidem
1535 2531 1546 2543 .
1607 2533 1619 2545 .
1679 2532 1691 2545 .
1736 2504 1865 2555 29,37

426 2553 452 2593 8
486 2552 682 2607 (Queipo
712 2568 755 2608 p.
790 2557 886 2606 192,
921 2556 1025 2598 coll.
1058 2571 1102 2611 p.
1124 2557 1247 2611 564):
1280 2558 1382 2598 eube
1413 2560 1511 2599 d’zm
1542 2561 1697 2600 travail

482 2610 647 2659 αεΙιευέ,
678 2614 782 2653 orne'
811 2611 915 2653 d'un
937 2615 1030 2665 filet
1060 2612 1259 2667 d’aryent
1284 2616 1471 2655 incruste
1498 2628 1573 2655 sur
1601 2621 1694 2656 tou-

484 2669 547 2704 les
565 2677 634 2706 ses
660 2667 802 2717 faces,
834 2674 876 2710 et
905 2668 991 2711 l’on
1021 2675 1107 2711 voit
1123 2684 1199 2711 sur
1219 2673 1326 2711 l’une
1348 2673 1493 2711 d‘elles
1513 2673 1574 2711 les
1594 2673 1693 2712 cha-

481 2721 672 2762 racteres
713 2737 837 2774 yrecs
871 2739 1033 2779 gamma
1072 2732 1113 2767 et
1143 2727 1295 2780 alpha,
1334 2726 1632 2770 c'est-d-dire
1663 2731 1688 2769 1

482 2787 609 2828 once,
641 2778 810 2819 ibidem
882 2812 1684 2829 ............
1732 2785 1860 2839 28,10

425 2831 451 2870 9
485 2830 563 2881 (id.
583 2845 626 2884 p.
652 2833 772 2886 191)=
800 2839 912 2888 petit
936 2840 1066 2891 poids
1096 2852 1149 2880 en
1174 2839 1270 2892 fer,
1301 2838 1506 2880 Berolini
1527 2841 1574 2880 in
1595 2852 1687 2882 mu-

482 2899 559 2927 seo
590 2887 816 2941 Aegyptio
885 2923 1686 2941 ............
1731 2899 1858 2951 14,68

398 2943 451 2983 10
483 2942 560 2995 (id.
579 2956 623 2996 p.
643 2944 764 2996 193):
793 2949 920 2999 poids
942 2963 993 2990 en
1013 2951 1180 3001 bronze,
1199 2952 1348 2994 Muse'e
1369 2953 1424 2993 du
1439 2953 1497 2994 L.
1514 2966 1557 2995 u.
1575 2955 1683 2995 3031
1731 2955 1856 3007 14,23
