1946 3220
211 1052 262 1091 10

211 1486 263 1525 15

205 1847 267 1878 123

207 1936 261 1975 ‘20

298 163 368 215 60
412 182 479 214 Ex
503 181 688 215 HYGINI
713 180 867 213 LIBRO
893 180 962 212 DE
991 179 1349 213 OONDIOIONIB.
1369 179 1638 215 AGRORUM.
1683 163 1811 232 [114]

299 306 495 356 egeram
533 304 839 346 mensuram,
886 290 950 338 ita
988 288 1352 346 renuntiaham,
1404 288 1632 341 IVGERA
1668 290 1808 349 TOT,

299 375 529 424 VERSVS
557 373 707 430 TOT,
750 379 824 430 ut,
866 374 906 420 si
943 373 1069 422 forte
1108 375 1437 422 controversia
1465 379 1592 422 esset
1618 389 1811 424 versum

298 459 480 507 habere
527 457 677 521 pedes
715 445 820 505 Vll-1
857 456 1044 512 DCXL,
1095 459 1144 506 in
1190 457 1439 520 iugeribus
1485 463 1647 507 tamen
1691 458 1812 508 fides

297 547 559 591 constaret.
625 542 674 590 in
711 542 958 605 provincia
990 556 1184 605 quoque
1211 541 1517 591 Narbonensi
1542 543 1673 591 varia
1700 548 1812 591 sunt

294 625 555 696 vocabula:
607 625 688 674 alii
734 625 980 690 appellant
1025 625 1224 683 libram,
1277 625 1356 674 alii
1402 625 1698 691 parallelum.
1761 629 1811 676 in

293 709 525 773 Hispania
565 711 824 759 centurias.
898 711 990 766 ita,
1040 711 1165 759 sicut
1203 710 1322 767 dixi,
1371 712 1423 759 in
1460 706 1836 761 consuetudine¹

295 794 499 843 alicuius
536 796 751 858 regionis
788 796 1087 843 inveniemus
1116 793 1265 859 [sicut
1289 794 1502 860 videtur]
1529 796 1592 844 ita
1630 811 1811 844 renun-

292 879 536 935 tiandum,
576 879 804 929 IVGERA
830 878 971 936 TOT,
1012 878 1241 928 VERSVS
1268 879 1307 927 T
1313 878 1410 934 OT,
1450 881 1548 928 sive
1583 879 1810 928 LIBRAE

293 962 441 1019 TOT,
493 965 590 1012 sive
629 963 758 1028 quod
797 962 927 1012 aliud
965 962 1253 1012 vocabulum
1295 962 1453 1027 aliquo
1492 964 1636 1013 modo
1677 979 1808 1013 com-

292 1047 590 1110 prehensum
632 1047 792 1098 fuerit.
867 1049 930 1096 ita
969 1062 1081 1096 cum
1118 1048 1286 1111 iugera
1326 1048 1567 1111 adscripta
1613 1049 1810 1105 fuerint,

292 1130 405 1180 licet
440 1133 715 1196 peregrinis
752 1131 998 1181 vocabulis
1035 1133 1184 1195 possit
1231 1131 1408 1196 aliquid
1450 1171 1460 1181 .
1491 1171 1500 1179 .
1532 1168 1543 1180 .
1583 1133 1808 1196 iugerum

293 1214 434 1264 nobis
472 1217 595 1264 ratio
634 1216 746 1270 fuit,
786 1216 932 1265 tidem
971 1215 1195 1265 servabit.

397 1311 445 1362 2.
494 1314 665 1378 Neque
713 1315 808 1363 hoc
846 1315 1233 1378 praetermittam
1286 1315 1415 1380 quod
1463 1317 1512 1363 in
1560 1316 1811 1379 provincia

293 1397 645 1462 Cyrenensium
686 1400 912 1463 conperi,
952 1400 1001 1447 in
1042 1414 1135 1462 qua
1175 1401 1279 1462 agri
1318 1406 1430 1449 sunt
1468 1400 1612 1462 regii,
1652 1399 1701 1448 id
1742 1408 1814 1449 est

293 1480 361 1530 illi
387 1497 510 1546 quos
534 1481 844 1535 Ptolomaeus
869 1498 957 1532 rex
983 1483 1166 1547 populo
1193 1484 1413 1532 Romano
1439 1483 1663 1547 reliquit:
1699 1490 1812 1533 sunt

292 1564 576 1628 pIInthideS‚
617 1566 674 1614 id
699 1559 776 1615 est
810 1566 1031 1616 laterculi
1058 1567 1281 1631 quadrati
1307 1568 1376 1616 uti
1404 1570 1676 1626 centuriae,
1716 1583 1810 1632 per

293 1664 409 1699 sena
449 1649 578 1698 milia
618 1651 799 1714 pedum
838 1650 1072 1700 limitibus
1108 1651 1305 1713 inclusi,
1354 1651 1590 1700 habentes
1630 1651 1809 1715 singuli

292 1733 512 1783 laterculi
549 1734 717 1798 iugera
756 1750 963 1784 numero
1002 1735 1199 1785 00CCL.
1262 1735 1448 1799 lapides
1486 1751 1600 1785 vero
1638 1738 1811 1786 inscri-

291 1819 361 1881 pti
399 1819 595 1867 nomine
635 1819 731 1868 divi
769 1819 1053 1884 Vespasiani
1091 1819 1180 1868 sub
1221 1818 1432 1869 clausula
1469 1820 1580 1876 tali,
1633 1820 1812 1871 OCCV-

253 1901 274 1921 α
292 1902 436 1950 ΡΑΤΙ
461 1903 499 1950 Α
524 1902 808 1953 PRIVATIS
834 1904 871 1952 F
875 1904 1040 1953 INES:
1080 1905 1134 1953 P.
1160 1904 1217 1953 R.
1246 1903 1596 1954 RESTITVIT.
1667 1921 1811 1970 prae-

293 1993 425 2035 terea
464 2001 551 2048 pes
590 2003 785 2044 eorum,
838 1990 921 2053 qui
957 1988 1284 2038 Ptolomeicus
1320 1987 1615 2053 appellatur,
1664 1989 1812 2038 habet

292 2069 584 2119 monetalem
631 2071 807 2135 pedem
849 2078 896 2121 et
932 2075 1250 2122 semunciam.
1325 2074 1389 2121 ita
1428 2072 1681 2134 iugeribus
1718 2089 1809 2121 nu-

197 2149 203 2154 ’
291 2169 429 2204 mero
469 2155 675 2212 oeCCL,
714 2172 839 2221 quae
878 2173 1046 2206 eorum
1087 2171 1315 2206 mensura
1352 2157 1691 2213 inveniuntur,
1733 2172 1810 2205 ac-

291 2239 468 2289 cedere
495 2239 641 2289 debet
665 2254 780 2303 pars
804 2240 982 2289 XXIIII
1000 2279 1013 2298 ‚
1054 2247 1101 2289 et
1137 2241 1197 2289 ad
1236 2241 1461 2290 effectum
1488 2242 1669 2289 iterum
1695 2255 1812 2307 pars

206 2334 229 2366 ‘-
290 2323 490 2381 XXIIII,
532 2331 577 2373 et
610 2325 859 2388 prodeunt
885 2340 1000 2374 vero
1029 2325 1206 2374 effecto
1234 2324 1465 2374 monetali
1491 2324 1616 2388 pede
1642 2325 1810 2387 iugera

401 2550 441 2588 4.
482 2549 816 2589 narbonensem
847 2548 904 2599 B,
947 2548 1236 2589 narbonense
1272 2549 1377 2589 GLa
1520 2551 1559 2592 6.
1598 2549 1811 2602 hispania

294 2618 339 2664 G,
374 2619 582 2669 spaniam
612 2619 666 2670 B,
710 2618 883 2671 Spania
914 2619 983 2659 La
1127 2619 1166 2661 6.
1201 2619 1269 2658 ita
1300 2619 1360 2671 si,
1392 2622 1442 2658 ut
1472 2619 1566 2658 dixi
1597 2641 1649 2646 -
1680 2619 1810 2658 inve-

292 2687 492 2740 niemus,
530 2685 684 2742 [sicut]
719 2688 905 2728 uidetur
936 2689 1007 2728 ita
1037 2689 1390 2729 renuntiandum
1419 2689 1488 2728 La
1630 2689 1671 2728 9.
1706 2701 1810 2727 eon-

290 2756 560 2808 prehensum
595 2759 641 2806 G,
676 2758 1082 2812 compraehensum
1112 2758 1225 2798 BLa
1360 2759 1425 2800 12.
1460 2754 1566 2809 fuit]
1598 2757 1668 2797 sui
1698 2760 1805 2800 coni.

291 2827 357 2865 La
474 2828 540 2868 14.
574 2829 881 2879 cyrinensium
914 2828 955 2867 B
1093 2830 1157 2869 15.
1189 2829 1444 2881 ptolomeus
1474 2827 1600 2878 BLa,
1632 2827 1808 2879 phtolo-

291 2907 417 2936 meus
451 2895 485 2935 G
630 2900 694 2938 16.
726 2898 773 2937 id
807 2902 875 2938 est
912 2898 1141 2950 Turnebus,
1173 2911 1256 2940 om.
1287 2897 1394 2937 libri
1509 2898 1577 2937 20.
1609 2898 1811 2938 restituit

298 2965 535 3015 Turnebus,
577 2967 841 3018 praestituit
881 2968 962 3008 BG
1105 2969 1174 3008 25.
1216 2968 1438 3021 prodeunt
1477 2979 1583 3008 vero
1625 2964 1807 3021 effecto]
