1946 3220
287 134 393 189 216
687 145 1007 184 FRAGMENTA
1041 145 1112 178 m:
1149 144 1408 180 MENsmus
1621 128 1710 197 [48.
1739 109 1851 208 49}

289 259 526 324 κοτύλης.
572 258 654 309 καὶ
679 257 780 320 γὰρ
808 254 985 308 ἕλκειε
969 253 1000 318 ή
1026 268 1088 315 γε
1112 252 1340 317 Ἀττική,
1367 248 1411 305 θ’
1423 251 1657 316 ούγγιῶν
1685 225 1917 363 ούςαζςρ

288 347 398 397 τῶν
426 344 700 394 Ἰταλικῶν.
753 339 959 391 ἕλκουςι
991 337 1095 401 γὰρ
1133 336 1186 391 αἱ
1219 335 1265 389 θ’
1291 336 1499 402 οὐγγίαι
1535 338 1895 408 [Ἰταλικαὶ]

291 428 342 480 αἱ
368 427 426 480 ἑν
452 427 565 478 τοῖς
591 422 1060 488 κατατετμημένοις
1086 421 1296 486 κέραςιν
1323 421 1456 475 ἑπτὰ
1475 422 1560 475 καὶ
1583 422 1821 487 ἡμίςειαν
1845 490 1849 499 a
1877 397 1911 493 {2

287 509 506 571 ούγγίας
541 506 840 572 ςταθμικάς,
877 505 1071 559 αἵτινες
1108 505 1150 561 ξ
1184 506 1409 571 δραχμαὶ
1447 505 1687 568 γίνονται
1726 508 1822 570 τῆς
1900 505 1906 511 ”

230 608 259 650 5
287 595 405 659 μιᾶς
442 591 662 655 οὐγγίας
695 590 744 658 η’
779 590 1013 656 δραχμὰς
1047 590 1365 656 δεχομένης,
1403 590 1536 644 ὥςτε
1571 582 1824 643 καὶκατὰ

284 679 449 730 τοῦτο
501 677 806 741 ςυμφωνεῖν
855 675 952 728 τὸν
1001 675 1165 740 Ἡρᾶν
1207 679 1284 743 τῷ
1328 675 1637 743 Ἡρακλείδῃ
1679 676 1820 739 τρεῖς
1900 664 1901 669 ’

286 760 557 827 βάλλοντα
581 759 827 823 κοτύλας,
851 761 949 812 τοῦ
975 758 1354 824 Ἀςκληπιάδου
1380 756 1444 824 ιβ’
1463 758 1823 823 γεγραφότος,
1900 770 1923 784 ··

284 844 468 909 ἐπειδὴ
504 843 854 908 τετραπλάςια
888 843 1065 897 πάντα
1099 842 1233 896 κατὰ
1266 843 1362 907 τὴν
1390 842 1625 898 ςύνθεςιν
1652 842 1823 902 αὐτοῦ

284 929 591 994 γέγραπται.

205 1098 258 1140 10
286 1080 371 1136 48.
407 1081 644 1133 Indidem
669 1098 696 1132 e
722 1081 858 1133 libro
885 1079 959 1130 VI
981 1084 1083 1144 (Clz.
1108 1085 1246 1143 XIII,
1278 1088 1387 1132 810.
1437 1084 1492 1131 K.
1517 1085 1658 1143 XIII,
1685 1084 1821 1146 883).

394 1201 419 1232 ιιι
442 1180 581 1244 Ἐμοὶ
620 1180 675 1232 δ’
712 1178 811 1232 οὐκ
853 1178 1057 1244 ἀρέςκει
1094 1178 1210 1233 ἀντὶ
1255 1181 1367 1234 τῶν
1403 1177 1443 1232 ε’
1475 1179 1672 1243 λιτρῶν
1719 1181 1822 1232 τοῦ

285 1267 452 1330 κηροῦ
489 1263 732 1328 μιγνύναι
773 1268 851 1333 τῷ
897 1263 1160 1332 φαρμάκῳ
1197 1262 1231 1331 <
1261 1260 1353 1328 ςμ’.
1399 1263 1535 1316 ποτὲ
1577 1263 1671 1328 μὲν
1714 1261 1821 1328 γὰρ

286 1348 404 1404 ἀντὶ
436 1350 528 1412 τῆς
562 1346 742 1412 λίτρας
766 1347 800 1415 <
827 1344 875 1412 ρ’
897 1347 1196 1414 γράφουςιν
1233 1346 1415 1411 αὐτοὶ,
1449 1347 1584 1400 ποτὲ
1619 1348 1678 1400 δὲ
1703 1346 1822 1400 ἀντὶ

285 1433 380 1497 τῆς
413 1433 572 1497 μνᾶς,
610 1424 875 1485 οὐδέποτε
911 1432 970 1485 δὲ
1005 1431 1188 1496 λίτραν
1226 1431 1402 1486 οὕτως
1426 1432 1613 1496 μικρὰν
1642 1430 1818 1484 οὐδεὶς

201 1529 256 1571 15
283 1515 551 1582 ἔγραψεν,
588 1515 662 1568 ὡς
687 1514 722 1582 <
747 1512 830 1580 μη’
857 1514 1010 1569 εἶναι.
1055 1518 1219 1570 τοῦτο
1254 1516 1357 1581 γὰρ
1393 1515 1658 1581 ςυμβαίνει
1693 1515 1821 1580 βαλ·

283 1600 531 1663 λομένων
555 1599 589 1666 <
615 1594 705 1663 ςμ’.

355 1752 440 1805 49.
495 1751 730 1804 Indidem
757 1754 855 1819 (Ch.
887 1758 1034 1816 XIII,
1062 1761 1158 1805 813
1182 1773 1219 1804 s.
1270 1757 1323 1803 K.
1349 1757 1498 1816 XIII,
1531 1760 1625 1804 893
1651 1757 1744 1821 ss.).

390 1850 561 1905 *Νυνὶ
595 1851 779 1916 μέντοι
813 1851 1014 1916 ζήτημά
1047 1850 1151 1905 ἐςτι
1185 1851 1273 1906 ἐπὶ
1305 1850 1478 1908 πόςον
1504 1851 1819 1917 ἑψηθήςεται

285 1933 340 2002 (ἡ
367 1934 746 2002 ἕμπλαςτρος),
781 1936 1010 1989 κοτύλας
1045 1933 1091 1996 ς’
1124 1937 1437 2002 γράψαντος
1469 1939 1566 1990 τοῦ
1601 1934 1816 2002 Ανδρο-

199 2031 255 2073 20
282 2019 456 2103 μάχου
482 2018 958 2085 μίγνυςθαιχρῆναι
977 2023 1074 2073 τοῦ
1094 2020 1296 2084 κίκεως,
1314 2019 1451 2085 ὅπερ
1468 2019 1605 2073 ἐςτὶν
1632 2020 1817 2073 ἐλαίου

209 2157 214 2161 ,
282 2101 496 2156 κικίνου.
546 2103 730 2157 πόςων
764 2105 867 2169 γὰρ
904 2103 1139 2167 οὐγγιῶν
1174 2106 1272 2169 τὴν
1307 2104 1365 2156 ἐκ
1399 2106 1492 2167 τῆς
1523 2104 1817 2169 Ῥωμαϊκῆς

282 2186 462 2251 λίτρας
498 2185 635 2240 εἶναι
660 2188 906 2252 βούλεται
930 2187 1187 2251 κοτύλην,
1223 2187 1321 2241 οὐκ
1355 2188 1609 2252 ἐδήλωςε·
1646 2188 1815 2241 καίτοι

284 2269 492 2335 βέλτιον
527 2270 593 2335 ἣν
630 2271 691 2324 ἑν
726 2272 900 2341 Ῥώμῃ
938 2272 1228 2338 βεβιωκότα
1263 2273 1458 2336 λιτρῶν
1495 2273 1590 2336 μὲν
1626 2272 1709 2325 καὶ
1735 2277 1813 2327 ξε-

283 2356 421 2409 ςτῶν
455 2355 539 2408 καὶ
572 2355 807 2419 οὐγγιῶν
841 2357 1509 2422 μεμνῆςθαι,παραλιπεῑν
1546 2357 1606 2410 δὲ
1630 2356 1694 2415 τὸ
1720 2359 1815 2421 τῆς

198 2449 252 2492 25
281 2438 507 2504 κοτύλης
540 2438 716 2505 ὄνομα
748 2441 862 2494 ταῖς
895 2440 997 2495 ἔξω
1033 2442 1125 2505 τῆς
1152 2440 1366 2493 Ἰταλίας
1390 2441 1610 2495 πόλεςιν
1635 2441 1812 2504 Ἑλλη-

282 2524 445 2575 νικαῖς
483 2523 732 2590 ὑπάρχον
775 2525 835 2579 ἐν
879 2525 1068 2590 χρήςει.
1119 2524 1163 2578 εἰ
1202 2526 1297 2589 μὲν
1342 2523 1441 2578 οὖν
1484 2524 1543 2578 ἑν
1587 2523 1811 2576 ἁπάςαις

284 2604 466 2659 αὐταῖς
499 2608 662 2662 ταύτό
697 2609 762 2673 ἦν
799 2609 971 2674 ὄνομα
1006 2612 1099 2674 τῆς
1142 2609 1391 2674 κοτύλης,
1443 2607 1603 2662 οὐδὲν
1640 2608 1705 2661 ἂν
1745 2607 1810 2671 ἦν

282 2688 493 2752 Ζήτημα.
542 2693 659 2745 νυνὶ
692 2695 750 2747 δὲ
786 2694 966 2758 ἐπειδὴ
1003 2693 1290 2758 παμπόλλη
1326 2692 1563 2759 διαφορὰ
1588 2692 1721 2745 κατὰ
1746 2691 1809 2744 τὸ

282 2771 452 2824 ποςὸν
488 2772 548 2825 ἐν
585 2774 765 2830 αὐταῖς
802 2777 967 2841 ἐςτιν,
1004 2777 1167 2842 ἐχρῆν
1204 2776 1370 2831 αὐτὸν
1406 2775 1572 2832 εἰπεῖν
1606 2776 1724 2840 ἤτοι
1748 2791 1810 2837 γε

394 2929 433 2969 3.
466 2926 599 2977 ἥμιςυ
629 2928 765 2981 vulgo
883 2934 949 2974 22.
981 2930 1150 2985 καίτοι]
1186 2930 1258 2973 καί
1287 2943 1330 2972 τι
1364 2930 1423 2972 Ch
