1946 3220
561 129 893 164 SCRIPTORES
924 129 1180 165 GRAECOS.
1564 113 1636 167 25

107 260 195 292 usu
230 245 340 295 suit,
389 244 518 291 cuius
563 250 762 290 exactam
797 256 1051 290 mensuram
1085 257 1109 290 e
1142 244 1463 291 vetustissimiS
1510 244 1635 291 illius

110 317 259 377 gentis
295 315 603 361 monumentis
642 314 872 374 cognitam
907 309 1184 373 habemus3).
1264 313 1386 370 Quae
1422 329 1635 361 mensura

107 387 364 442 etiamtum,
392 399 494 431 cum
517 383 763 430 Ptolemaei
788 385 984 445 Aegypti
1010 398 1199 444 regnum
1228 384 1467 444 tenebant,
1497 393 1543 431 et
1567 388 1635 431 in-

107 462 226 503 tacta
259 454 426 502 mansit
460 461 505 501 et
544 454 658 514 regii
694 454 836 500 cubiti
871 451 1163 515 (βαειλικοῦ
1196 451 1435 518 πήχεως)
1470 470 1635 501 nomen

106 526 308 572 retinuit.
360 525 448 571 Sed
475 526 748 571 Graecorum
774 526 1103 572 consuetudine
1135 527 1176 571 ei
1208 527 1363 573 cubito
1390 526 1539 573 addita
1566 533 1637 572 est

107 610 187 642 sua
222 595 412 641 hessalis
450 610 691 654 mensura,
725 596 814 641 hoc
847 601 919 641 est
952 609 1060 656 pes,
1099 610 1231 657 quem
1256 596 1581 643 Ptolemaicum
1610 611 1636 642 a

105 679 211 726 rege
253 672 438 712 auctore
474 666 623 712 dicere
661 674 1005 712 consueverunt.
1085 666 1200 720 Quid
1232 667 1370 712 vero?
1408 667 1636 728 quomodo

106 735 298 783 alterum
324 750 486 782 nomen
513 751 537 782 a
555 735 809 782 Philetaero
839 736 1024 781 ductum
1050 737 1096 781 in
1116 736 1413 782 Heronianam
1441 736 1635 783 tabulam

107 806 319 867 irrepsit?
370 807 550 852 Scilicet
566 808 790 866 Aegyptio
811 806 963 852 cubito
991 820 1073 866 par
1098 807 1184 852 fuit
1210 820 1260 852 ea
1285 821 1497 864 mensura
1525 820 1638 866 quae

107 877 150 922 in
177 877 417 923 Persarum
457 890 598 936 regno
634 876 837 936 legitima
873 883 996 932 erat,
1032 877 1151 922 unde
1180 873 1442 936 βαειλήιοε
1466 875 1639 937 πῆχυς

106 947 160 992 ab
188 947 417 993 Herodoto
446 941 794 1006 nuncupatum).
846 946 975 992 Hunc
1002 947 1203 992 cubitum
1231 954 1276 992 et
1302 947 1347 992 in
1374 947 1473 993 aliis
1507 948 1637 1007 regni

105 1018 348 1078 provinciis
376 1025 421 1063 et
447 1031 528 1078 per
553 1017 706 1062 Asiam
730 1018 951 1062 minorem
979 1019 1196 1063 usitatum
1222 1017 1363 1063 fuisse
1392 1018 1501 1063 satis
1530 1032 1640 1064 con-

106 1094 211 1133 stat.
284 1087 373 1133 Iam
419 1102 518 1134 cum
550 1084 832 1133 Philetaerus
871 1088 1002 1147 regni
1045 1087 1312 1147 Pergameni
1348 1088 1641 1134 fundamenta

105 1158 304 1216 iecisset,
329 1158 398 1203 vel
424 1160 523 1219 ipse
551 1156 636 1215 vel,
665 1158 787 1218 quod
813 1158 959 1218 magis
985 1158 1219 1218 probabile
1245 1158 1435 1216 videtur,
1459 1172 1640 1205 succes-

109 1242 187 1274 sor
212 1230 310 1274 eius
334 1228 556 1274 Eumenes
583 1234 766 1288 praeter
791 1230 969 1288 regium
995 1228 1222 1286 cubitum,
1261 1243 1394 1289 quem
1419 1231 1639 1275 intactum

106 1298 322 1359 reliquit,
346 1298 536 1345 bessalis
562 1312 803 1344 mensurae
829 1300 920 1343 sive
946 1298 1073 1359 pedis
1101 1298 1355 1359 legitimum
1379 1313 1513 1345 usum
1539 1312 1640 1344 esse

106 1367 274 1427 voluit,
316 1370 393 1429 qui
426 1383 506 1429 pes
533 1368 636 1414 inde
660 1369 968 1414 Philetaereus
1002 1369 1151 1415 dictus
1179 1376 1261 1415 est.
1313 1367 1434 1424 Quae
1472 1370 1639 1427 omnia,

109 1439 194 1485 etsi
221 1454 246 1485 a
270 1438 397 1485 nullo
424 1439 649 1499 scriptore
675 1439 855 1500 prodita
883 1445 1015 1496 suut,
1046 1439 1182 1485 certis
1210 1446 1359 1485 tamen
1384 1439 1638 1485 rationibus

109 1509 326 1569 colligere
353 1510 475 1555 licet.
526 1509 731 1570 Fuerunt
754 1509 896 1569 igitur
922 1522 1056 1570 pares
1088 1516 1133 1555 et
1151 1509 1373 1556 cubitales
1395 1516 1440 1555 et
1458 1509 1640 1570 pedales

110 1594 346 1625 mensurae
385 1580 430 1625 in
455 1581 680 1640 Aegyptio
708 1586 845 1640 atque
872 1581 918 1625 in
940 1579 1221 1639 Pergameno
1256 1594 1426 1640 regno:
1467 1592 1550 1625 nec
1578 1585 1642 1624 ta-

108 1663 210 1695 men
240 1650 527 1697 Ptolemaeos
564 1665 695 1697 suum
730 1650 888 1711 pedem
924 1664 947 1696 e
972 1649 1214 1697 Philetaeri
1248 1664 1390 1710 regno
1428 1651 1643 1711 petivisse

109 1727 187 1766 aut
211 1721 539 1767 Philetaereum
572 1723 726 1782 potius
751 1735 884 1781 quam
908 1720 1231 1767 Ptolemaicum
1266 1721 1521 1782 appellasse
1547 1734 1643 1767 cre-

112 1790 248 1838 dibile
283 1798 366 1836 est.
418 1792 581 1837 Verum
620 1792 663 1837 id
702 1805 866 1837 nomen
887 1791 1074 1838 Romani
1110 1792 1289 1838 demum
1315 1791 1360 1836 in
1385 1792 1640 1851 Aegyptum

110 1861 458 1907 transtulerunt.
525 1861 676 1907 Utram
710 1863 852 1913 enim,
891 1875 1085 1921 quaeso,
1118 1875 1377 1907 mensuram
1412 1860 1479 1906 illi
1514 1860 1643 1920 prius

114 1938 447 1991 cognoverunt,
485 1931 806 1992 Pergamenam
845 1946 898 1978 an
934 1931 1282 1982 Ptolemaicam‘?
1346 1930 1489 1986 Quid?
1540 1943 1642 1976 cum

113 2015 229 2046 anno
269 2001 467 2046 CXXXIII
504 2008 606 2047 ante
644 2002 746 2047 Chr.
777 2016 820 2046 n.
854 2002 1033 2047 Attalus
1063 2002 1117 2046 III
1152 2004 1281 2061 regni
1319 2003 1389 2047 sui
1434 2000 1643 2046 heredem

112 2072 332 2132 populum
358 2072 606 2117 Romanum
633 2072 937 2128 instituisset,
964 2086 1115 2118 nonne
1141 2072 1212 2117 his
1238 2075 1452 2131 agrorum
1478 2066 1644 2129 Perga-

113 2155 348 2187 menorum
394 2155 604 2188 mensura
657 2157 758 2188 cum
793 2143 907 2203 pede
945 2149 990 2187 et
1032 2144 1192 2202 iugero
1226 2142 1425 2187 Romano
1463 2154 1646 2201 compa-

115 2212 254 2257 randa
290 2212 404 2257 suit?
456 2210 553 2266 Quo
583 2213 700 2258 sacto
726 2226 912 2258 necesse
939 2219 1008 2264 est
1033 2213 1144 2258 haec
1171 2226 1249 2258 eos
1275 2219 1320 2257 et
1345 2213 1572 2257 invenisse
1601 2216 1646 2255 et
1678 2219 1682 2222 ·

114 2282 292 2341 legibus
328 2284 550 2327 sanxisse:
596 2284 790 2342 primum
834 2284 998 2343 quinos
1046 2283 1183 2344 pedes
1226 2282 1534 2328 Philetaereos
1574 2293 1646 2324 ae-

115 2364 255 2410 quare
291 2365 425 2397 senos
449 2352 697 2402 Romanos,
744 2352 903 2398 deinde
932 2352 1036 2398 bina
1071 2344 1249 2413 ple'thra
1286 2351 1464 2411 singula
1490 2353 1647 2408 iugera

117 2420 311 2466 efficere.
391 2421 535 2467 Porro
582 2424 628 2466 in
675 2422 1198 2468 continuatione-huius
1235 2419 1516 2480 quaestionis
1553 2432 1645 2463 non

118 2491 415 2537 omittendum
446 2491 622 2536 videtur
657 2494 700 2536 in
725 2493 992 2552 Cyrenaica,
1040 2506 1172 2551 quam
1204 2504 1320 2536 anno
1349 2489 1471 2534 XCVI
1496 2488 1646 2534 Ptole-

116 2575 271 2606 maeus
297 2561 443 2621 Apion
471 2561 643 2621 populo
671 2562 870 2607 Romano
900 2568 1170 2607 testamento
1198 2559 1461 2619 reliquerat,
1487 2559 1647 2620 pedem

116 2631 348 2690 vulgarem
385 2630 659 2677 Graecorum
694 2645 824 2690 quem
862 2646 946 2677 nos
972 2631 1226 2692 Olympium
1262 2630 1410 2676 diCere
1448 2629 1647 2675 solemus

234 2827 276 2878 3)
309 2827 425 2867 Vide
458 2837 538 2874 nos
570 2826 618 2864 in
648 2823 828 2865 Metrol.
860 2837 902 2876 p.
937 2825 1018 2865 279
1050 2836 1100 2876 s.‚
1131 2824 1212 2864 ubi
1244 2836 1320 2864 eos
1354 2823 1431 2876 qui
1460 2822 1649 2862 uberius

118 2884 174 2925 de
208 2897 262 2924 ea
291 2896 342 2923 re
375 2884 680 2935 exposuerunt
712 2881 971 2923 citavimus.

230 2939 275 2992 4)
308 2939 423 2980 Ibia.
454 2952 497 2991 p.
530 2938 599 2979 41.
631 2938 729 2979 274.
