1946 3220
87 146 188 215 [29]
685 161 756 196 m:
792 159 1011 196 mmm.
1114 163 1127 173 ·
1510 142 1614 196 287

85 271 212 324 τοὺς
249 268 490 334 ἀπύρους
516 269 743 335 λέβητας
770 268 1043 324 ἀντιτιθεὶς
1078 267 1248 322 οἴοιτο
1273 268 1500 323 τούτους
1530 269 1618 322 ἐπὶ

46 382 62 405 ι
87 356 282 419 θερμοῦ
309 352 504 407 ὕδατος
533 358 833 424 παραςκευῇ
862 354 1273 420 εὐτρεπίζεςθαι,
1311 355 1509 409 ταύτὸν
1547 354 1615 409 ἂν

17 495 22 497 ,
85 437 195 493 εἶεν
233 437 384 492 οὗτοι
416 442 492 507 τῷ
529 438 849 508 ἐμπυριβήτῃ
883 439 1115 504 τρίποδι,
1156 439 1216 492 ὃς
1250 439 1336 493 ἐπὶ
1370 440 1616 505 λουτροῖς

11 531 38 547 ·’
84 523 449 588 ἑθερμαίνετο,
492 523 571 576 ὧν
604 523 636 587 ἡ
671 525 850 589 χρῆςις
892 522 990 576 οὐκ
1025 523 1176 589 ὀλίγη
1213 525 1347 590 παρ’
1378 524 1616 592 Ὁμήρῳ·

19 601 29 610 “
85 608 214 661 οὐδὲ
239 607 343 672 γὰρ
368 606 497 672 κρέα
522 606 663 673 ἑφθὰ
689 609 799 662 τῶν
824 607 1021 673 ἡρώων
1046 610 1186 663 τινὲς
1215 609 1423 674 ἤςθιον,
1448 607 1616 662 καίτοι
1646 618 1673 659 5

85 690 251 745 αὐτοῦ
276 708 338 754 γε
362 691 460 757 τὴν
485 692 734 757 τοιαύτην
763 691 1059 758 ὀψοποιίαν
1086 691 1317 757 εἰδότος,
1345 693 1476 748 ὅταν
1503 697 1580 762 φῇ

158 790 233 843 ὡς
264 791 323 844 δὲ
348 791 505 856 λέβης
531 793 608 845 Ζεῖ
634 790 794 845 ἔνδον
817 791 1164 856 ἐπειγόμενος
1187 792 1313 856 πυρὶ
1336 793 1543 859 πολλῷ,

154 874 299 944 κνίςῃ
332 875 656 940 μελδόμενος
682 874 1091 943 ἁπαλοτρεφέος
1118 877 1335 930 ςιάλοιο.

86 973 204 1039 περὶ
230 973 410 1038 μέντοι
431 975 529 1026 τοῦ
554 973 744 1039 πότου,
770 973 1141 1045 παρ”Ὁμήρῳ
1168 976 1263 1041 μὲν
1290 973 1392 1040 οὐχ
1418 972 1536 1028 οἶόν
1563 974 1615 1026 τ’
1639 980 1682 1013 ⁶9

82 1057 150 1122 ἦν
187 1058 433 1123 ἀνευρεῖν
468 1059 663 1124 θερμὸν
699 1059 857 1126 ὕδωρ
886 1059 972 1112 ἐπὶ
1004 1059 1185 1129 πότῳ,
1225 1059 1372 1124 παρὰ
1408 1059 1467 1112 δὲ
1503 1060 1616 1111 τοῖς
1649 1068 1703 1109 10

85 1141 324 1207 ἀρχαίοις
349 1142 569 1208 ἰατροῖς·
603 1145 688 1196 καὶ
721 1145 826 1210 γὰρ
859 1143 991 1199 ὅταν
1018 1144 1363 1210 Ἱπποκράτης
1387 1143 1508 1213 εἴπῃ
1533 1143 1616 1196 ετὸ

84 1227 300 1292 ψυχρὸν
337 1227 595 1292 πολέμιον
632 1229 895 1294 νεύροιςιν
930 1227 1188 1282 ὀςτέοιςιν
1219 1227 1435 1282 ὀδοῦςιν
1471 1227 1614 1290 ἐγκε-

85 1310 296 1378 φάλῳ,’
331 1313 496 1376 δῆλον
526 1311 600 1365 ὡς
638 1311 752 1367 οἶδε
787 1314 883 1378 τὴν
921 1315 1019 1366 τοῦ
1059 1315 1256 1378 θερμοῦ
1292 1311 1616 1379 προςφορὰν

83 1396 196 1448 τοῖς
240 1394 472 1449 ὀδοῦςιν.
554 1396 662 1459 ἐγὼ
711 1399 771 1451 δὲ
813 1398 873 1452 ἐν
911 1399 1024 1451 ταῖς
1058 1396 1617 1464 Θεςμοφοριαζούςαις

9 1525 11 1530 2
87 1480 503 1546 Ἀριςτοφὰνους
553 1481 831 1547 εἰρημένον
885 1483 966 1535 ετὸ
1002 1482 1223 1547 χαλκίον
1264 1482 1615 1547 Θερμαίνεται’
1649 1489 1702 1530 15

86 1564 231 1618 οὕτω
272 1581 390 1618 πως
437 1565 641 1630 ἤκουον
690 1565 765 1619 ὡς
814 1564 887 1619 εἰς
936 1567 1109 1620 πότον
1160 1565 1618 1632 εὐτρεπιζομένων

85 1651 196 1703 τῶν
233 1653 517 1712 γυναικῶν.
570 1650 768 1705 ταύτὸν
806 1652 866 1704 δὲ
891 1654 1055 1704 τοῦτο
1090 1651 1175 1703 καὶ
1214 1651 1273 1705 ἑν
1307 1653 1421 1704 τοῖς
1448 1649 1618 1703 Εὐπό-

88 1736 234 1786 λιδος
259 1734 467 1798 Δήμοις
507 1734 644 1788 ἔςτιν
681 1734 973 1800 εἰρημένον.
1026 1734 1151 1787 ἀλλ’
1177 1734 1256 1787 ὅτι
1293 1735 1421 1788 οὐδὲ
1453 1736 1617 1787 τοῦτο

43 1878 48 1883 ,
87 1817 349 1882 ἀποχρῶν
398 1818 535 1873 ἐςτιν
571 1817 643 1872 εἰς
687 1819 855 1873 πίςτιν
887 1823 981 1884 τῆς
1012 1821 1110 1872 τοῦ
1157 1822 1354 1885 θερμοῦ
1389 1819 1617 1883 πόςεως,

86 1901 480 1967 ὑπηναντιοῦτό
507 1920 594 1967 μοι
618 1904 680 1956 τὸ
706 1903 765 1956 έν
788 1905 901 1956 τοῖς
919 1903 1337 1970 Ἀριςτοφάνους
1358 1903 1618 1968 Γεωργοῖς
1649 1911 1704 1953 2ο

16 2046 25 2049 ,7
88 1990 275 2052 ςαφῶς
301 1986 387 2039 ἐπὶ
412 1988 644 2052 λουτροῦ
671 1987 966 2053 εἰρημένον,

160 2099 214 2153 ἐξ
239 2098 437 2152 ἄςτειυς
461 2101 562 2153 νῦν
591 2099 663 2153 εἰς
688 2099 858 2166 ἀγρὸν
886 2102 1165 2166 χωρῶμεν,
1194 2099 1268 2153 ὡς
1293 2100 1454 2153 πάλαι
1481 2100 1545 2165 δή

159 2183 292 2248 ἡμᾶς
326 2183 431 2236 ἔδει
458 2189 533 2254 τῷ
560 2184 759 2253 χαλκίῳ
787 2185 1148 2251 λελουμένους
1174 2185 1464 2250 ςχολάζειν.

20 2307 26 2310 ·
89 2297 235 2349 τουτὶ
270 2297 449 2361 μέντοι
486 2297 549 2350 τὸ
585 2298 732 2362 παρὰ
764 2301 840 2366 τῷ
868 2298 1126 2364 Φιλήμονι
1155 2299 1385 2364 (χαλκοῦ
1421 2296 1616 2362 θερμὸν
1639 2316 1681 2348 70

89 2379 186 2445 ἦν’
218 2380 637 2447 ςυνταττόμενον
665 2387 742 2451 τῷ
778 2384 916 2439 πιεῖν
951 2382 1195 2450 ἄντικρυς
1221 2383 1376 2447 δηλοῖ
1397 2382 1493 2447 τὴν
1520 2383 1616 2435 τοῦ
1648 2390 1703 2430 25

0 2649 1 2656 χ
207 2608 245 2651 1.
279 2605 335 2651 ἂν
365 2611 470 2661 post
500 2605 648 2649 οἴοιτο
681 2606 782 2650 add.
814 2608 873 2649 Di
1013 2608 1055 2652 4.
1087 2606 1149 2659 ἦν
1186 2612 1290 2661 post
1328 2608 1481 2660 χρῆςις
1513 2596 1630 2649 adds

15 2710 22 2718 .
91 2676 152 2718 Di
294 2679 332 2719 5.
374 2675 483 2719 οὐδὲ
520 2675 627 2731 γὰρ]
672 2676 754 2729 μὲν
791 2675 880 2730 γὰρ
919 2675 1029 2719 οὐδὲ
1058 2678 1118 2718 Di
1257 2680 1297 2719 9.
1332 2674 1415 2728 μὲν
1446 2690 1529 2718 om.
1560 2678 1620 2717 Di

30 2775 34 2778 »
95 2749 162 2790 10.
195 2745 350 2799 εὑρεῖν
380 2749 438 2789 Di
554 2750 622 2789 ll.
664 2746 787 2790 εἴποι
823 2748 883 2789 Di
998 2749 1064 2791 12.
1106 2744 1298 2790 ὀςτέοιςι
1328 2745 1483 2789 ὀδοῦςι
1514 2745 1618 2789 νεύ-

94 2827 206 2869 ροιςι
234 2818 453 2872 Hippocr.
488 2818 592 2873 aph.
625 2820 672 2872 5,
707 2818 758 2859 18
793 2817 881 2870 (ed.
912 2817 1181 2871 Ermerins.)
1317 2820 1385 2862 20.
1417 2815 1618 2859 ὑπεναν-

27 2900 32 2905 ’
94 2888 256 2930 τιοῦτο
277 2889 336 2929 Di
450 2890 518 2931 22.
551 2887 694 2930 πάλαι
725 2887 791 2929 δι’
811 2892 858 2929 et
887 2890 954 2931 23.
986 2886 1079 2931 ἐκεῖ
1110 2890 1180 2941 τῷ
1213 2889 1371 2942 χαλκῷ
1404 2884 1618 2931 ἐλλουςά-

96 2968 240 3008 μενον
271 2956 480 3002 κολάζειν
512 2960 582 3013 Di,
616 2972 728 3001 corr.
762 2958 999 3000 Meinekius
1029 2958 1142 3001 Add.
1174 2973 1217 3013 p,
1251 2960 1306 3001 60
