1946 3220
331 141 401 192 44
855 155 1242 201 PROLEAGOMENA
1266 155 1322 189 m

330 270 524 333 bipedali
563 270 717 317 cubito
752 270 819 314 uti
854 268 1075 328 coepisse.
1126 268 1276 328 Atque
1306 268 1412 314 hinc
1448 268 1627 329 quidem
1662 282 1714 314 ea
1750 283 1857 316 con·

330 341 524 389 suetudo
545 341 679 387 etiam
699 336 1138 398 Constantinopolim
1159 340 1366 398 pervenit
1390 337 1544 399 ibique
1563 338 1618 384 ad
1644 345 1854 399 quartum

329 412 551 458 decimum
581 423 728 469 usque
754 407 984 454 saeculum
1009 415 1260 469 propagata
1292 415 1375 455 est.
1421 408 1697 469 Quamquam
1727 422 1857 470 prae—

330 489 453 528 terea
490 481 733 539 genuinum
770 478 1020 524 Romanum
1065 477 1270 526 cubitum
1305 480 1383 541 qui
1421 485 1493 526 est
1529 477 1857 540 sesquipedalis

330 565 461 598 suum
488 550 636 596 locum
662 549 864 594 tenuisse
891 555 1085 595 constat.

609 701 676 740 De
705 701 912 741 mensuris
942 701 1113 754 quintae
1142 693 1315 741 {abulae
1345 701 1573 742 conclusio.

237 790 302 840 27
435 788 520 834 Sed
547 787 782 834 redeamus
813 788 868 834 ad
893 788 1036 849 ipsam
1063 790 1264 848 quintam
1292 786 1503 834 tabulam.
1551 787 1753 834 Vidimus
1781 802 1859 834 an-

330 859 480 920 tiquas
508 860 837 920 Aegyptiorum
873 873 1109 905 mensuras
1141 858 1346 905 cubitum
1380 866 1426 906 et
1460 858 1662 919 orgyiam
1688 858 1751 904 ita
1778 858 1859 904 im-

327 936 520 976 mutatas
547 943 674 989 esse,
711 936 763 975 ut
789 929 1024 976 commoda
1049 930 1226 976 ratione
1260 944 1362 975 cum
1389 929 1600 975 Romanis
1633 929 1858 975 mensuris

326 1000 634 1047 convenirent.
683 1000 806 1046 Unde
836 1001 923 1046 hoc
950 1002 1083 1046 etiam
1109 1015 1192 1061 pro
1222 1006 1348 1046 certo
1385 1001 1679 1060 cognovimus
1711 1005 1759 1046 et
1782 1013 1859 1061 pe-

327 1071 427 1117 dem
474 1078 520 1116 et
569 1066 832 1131 βαειλικὴν
886 1066 1141 1130 (πιθαμήν
1184 1071 1406 1117 Romanas
1454 1084 1688 1116 mensuras
1743 1083 1856 1116 esse.

325 1141 445 1202 Ergo
496 1148 541 1187 et
583 1141 783 1187 minores
831 1142 944 1201 pede
990 1155 1229 1188 mensurae
1280 1156 1395 1202 quae
1430 1141 1476 1187 in
1511 1141 1665 1187 eadem
1706 1139 1859 1186 tabula

326 1212 579 1258 afferuntur
614 1218 658 1257 et
694 1206 905 1260 ἁπλοῦν
936 1226 986 1258 ac
1012 1209 1239 1260 διπλοῦν
1273 1210 1435 1272 βῆμα,
1470 1213 1516 1258 h.
1547 1226 1588 1257 e.
1613 1211 1782 1272 gradus
1814 1218 1859 1257 et

323 1296 503 1343 passus,
530 1283 836 1328 Romanorum
866 1288 987 1328 sunt.
1030 1282 1154 1329 Hanc
1180 1283 1323 1342 igitur
1347 1284 1646 1363 proponimus
1675 1287 1859 1328 nostrae

325 1353 734 1413 argumentationis
762 1367 994 1398 summam.
1042 1354 1289 1413 Postquam
1318 1354 1526 1414 Aegypto
1558 1354 1604 1398 in
1636 1353 1860 1399 Romano·

325 1437 425 1468 rum
459 1430 735 1484 potestatem
772 1424 953 1470 redacta
995 1423 1221 1470 mensuris
1254 1423 1544 1469 Ptolemaicis
1584 1425 1682 1475 sive
1711 1422 1859 1468 Phile-

326 1495 491 1539 taereis
517 1494 821 1540 Romanorum
847 1507 927 1554 pes
955 1501 1000 1540 et
1027 1494 1236 1555 iugerum
1265 1494 1414 1540 addita
1443 1500 1549 1540 sunt
1577 1491 1623 1554 (S
1645 1493 1731 1553 18),
1759 1493 1859 1539 lon-

326 1563 456 1623 giore
490 1564 712 1625 temporis
759 1566 907 1625 spatio
956 1571 1155 1625 utroque
1198 1578 1436 1611 mensurae
1486 1579 1656 1625 genere
1690 1566 1755 1610 ita
1791 1566 1859 1611 uti

327 1642 633 1694 consuerunt,
671 1641 724 1681 ut
758 1642 804 1681 et
830 1635 1131 1696 provinciales
1159 1642 1205 1681 et
1230 1635 1417 1682 Romani
1444 1651 1549 1681 suas
1575 1636 1762 1695 utrique
1788 1649 1859 1680 ra-

326 1704 477 1751 tiones
516 1711 746 1765 tenerent,
785 1720 868 1752 nec
901 1719 1008 1751 vero
1046 1706 1090 1752 hi
1127 1705 1312 1752 illorum
1352 1720 1587 1752 mensuras
1631 1705 1856 1752 tollerent.

327 1774 411 1821 Sed
434 1782 582 1822 tamen
620 1776 748 1822 annis
785 1777 1069 1822 circumactis
1103 1778 1247 1837 magis
1282 1777 1518 1837 magisque
1551 1776 1857 1822 Romanorum

326 1847 610 1893 consuetudo
662 1846 762 1892 illas
809 1847 1112 1907 provinciales
1142 1861 1378 1893 mensuras
1415 1861 1467 1892 ex
1499 1861 1587 1892 usu
1623 1846 1857 1892 hominum

329 1924 556 1976 tamquam
587 1924 857 1963 removerat.
911 1918 1000 1963 Iam
1039 1917 1177 1964 tertio
1205 1918 1301 1963 sere
1336 1917 1517 1963 saeculo
1547 1916 1729 1978 publice
1765 1916 1875 1963 edi->

325 1994 447 2032 etum
473 1994 568 2044 est,
597 1993 649 2033 ut
675 1994 721 2033 et
745 1988 946 2033 minores
972 2001 1210 2033 mensurae
1235 1988 1289 2033 ad
1314 1988 1473 2048 pedem
1500 2002 1657 2033 omnes
1683 1994 1729 2033 et
1754 2002 1857 2047 gra-

325 2056 408 2101 dus
445 2063 491 2102 et
529 2072 691 2116 passus
736 2058 935 2103 Romana
979 2065 1162 2116 essent,
1220 2057 1401 2104 cubitus
1446 2064 1596 2103 autem
1644 2058 1856 2118 antiquus

323 2126 653 2183 Ptolemaicus.,
696 2129 773 2187 qui
799 2127 953 2188 paullo
980 2128 1128 2173 minor
1154 2128 1242 2174 suit
1264 2128 1384 2173 binis
1410 2128 1602 2189 pedibus
1628 2128 1855 2185 Romanis,

324 2197 376 2241 ad
416 2196 566 2257 ipsum
614 2197 864 2257 bipedalem
903 2198 1085 2244 modum
1131 2204 1404 2258 augeretur,
1450 2199 1644 2259 denique
1679 2199 1855 2259 orgyia,

326 2281 440 2326 quae
467 2266 574 2313 olim
601 2266 754 2327 paullo
782 2269 926 2313 maior
953 2268 1041 2313 suit
1070 2270 1273 2328 septenis
1299 2269 1490 2329 pedihus
1516 2269 1754 2326 Romanis,
1779 2269 1856 2314 iis-

323 2338 423 2382 dem
451 2352 543 2383 uno
567 2338 708 2396 digito
737 2338 900 2395 minor,
924 2345 970 2384 et
989 2339 1207 2384 ducentae
1235 2340 1420 2400 orgyiae
1450 2339 1694 2399 quadratae
1722 2338 1856 2384 tertia

326 2421 431 2466 pars
462 2407 609 2467 iugeri
636 2417 803 2453 essent.

434 2478 727 2538 Adiungenda
777 2484 882 2524 sunt
918 2493 1060 2538 pauca
1105 2479 1159 2524 de
1197 2480 1297 2525 aliis
1336 2479 1600 2540 quibusdam
1631 2480 1855 2524 mensuris

327 2560 442 2604 quae
474 2549 518 2592 in
550 2547 633 2594 hae
667 2548 818 2594 tabula
852 2550 1159 2609 reperiuntur.
1219 2550 1418 2595 Primum
1456 2550 1500 2595 in
1537 2550 1853 2610 antiquissimo

325 2613 444 2659 libro
479 2630 612 2662 manu
645 2621 815 2678 scripto
829 2615 859 2677 ¹)
896 2619 1072 2665 additus
1099 2626 1171 2665 est
1199 2615 1486 2678 κόνδυλος,
1520 2621 1714 2666 (luorum
1739 2619 1853 2678 digi-

326 2690 478 2729 torum
513 2700 750 2745 mensura,
790 2689 843 2734 de
871 2704 959 2749 qua
986 2691 1073 2735 alio
1100 2690 1204 2736 loco
1231 2690 1526 2750 explicuimus
1538 2686 1588 2749 ².)
1641 2691 1753 2736 Tum
1779 2686 1853 2735 λι-

325 2749 442 2813 χὰε,
461 2769 575 2814 quae
597 2771 679 2801 vox
701 2757 744 2801 in
765 2757 895 2804 libris
915 2768 1133 2821 corrupta
1154 2760 1399 2822 reperitur,
1416 2767 1574 2806 nostra
1593 2762 1854 2807 coniectura

442 2902 485 2953 1)
515 2903 571 2946 V.
601 2905 749 2957 praef.
784 2907 884 2950 crit..
918 2908 975 2948 ad
1004 2910 1126 2952 hanc
1155 2909 1379 2955 tabulam.

441 2958 486 3010 2)
517 2960 699 3001 Metrol.
730 2975 772 3014 p.
802 2965 871 3004 33.
