1946 3220
324 155 428 208 124
843 165 1228 203 PROLEGOMENA
1257 166 1312 200 m

661 277 909 342 μέδιμνος
983 281 1006 322 1

662 345 862 410 ἀρτάβη
983 353 1010 392 2
1112 350 1135 391 1

661 415 906 480 ἡμίεκτον
955 422 1009 463 12
1109 421 1137 464 6
1233 421 1255 462 1

661 488 794 551 χοῦς
954 493 1011 533 24
1081 490 1135 532 12
1235 492 1260 532 2
1362 491 1384 532 1

660 558 831 621 χοῖνιξ
953 561 1009 604 96
1081 562 1138 604 48
1233 560 1260 602 8
1358 562 1387 601 4
1489 561 1511 602 1

663 626 857 690 κοτύλη
931 631 1016 675 288
1053 632 1138 674 144
1209 632 1265 672 24
1334 632 1388 672 12
1489 632 1530 674 3.

326 701 447 757 Quae
483 701 612 749 facile
645 702 708 747 ita
743 701 1116 760 distinguuntur,
1153 705 1205 745 ut
1239 697 1370 760 χοῦς
1398 705 1573 746 tantum
1599 697 1851 759 liquorum,

327 768 576 833 μέδιμνος
603 779 649 818 et
673 766 920 831 ἡμίεκτον
949 778 994 817 et
1020 768 1190 832 χοῖνιξ
1222 770 1358 816 modo
1393 770 1727 816 frumentorum
1753 783 1855 815 esse

326 856 594 902 mensurae,
630 837 829 904 ἀρτάβη
858 849 904 889 et
931 837 1124 903 κοτύλη
1165 841 1219 888 ad
1251 846 1497 902 utrumque
1533 854 1677 901 genus
1712 840 1853 902 perti-

326 927 437 959 nere
465 914 688 959 dicantur.

430 983 498 1029 Ad
521 984 716 1029 Attio—am
742 989 891 1029 autem
916 984 1138 1029 rati0nem
1165 995 1215 1028 ea
1243 984 1307 1028 sic
1333 982 1633 1028 conveniunt:
1657 974 1853 1039 κοτύλη

329 1061 375 1099 et
400 1051 532 1113 χοῦς
568 1055 769 1099 eiusdem
805 1054 927 1099 modi
961 1060 1069 1100 sunt
1098 1059 1234 1113 atque
1256 1053 1432 1099 Atticae
1460 1065 1723 1108 mensurae3
1761 1044 1855 1111 ἀρ-

327 1119 458 1184 τάβη
497 1124 698 1184 aequalis
737 1130 807 1170 est
839 1131 1083 1180 metretae3
1122 1120 1291 1183 χοῖνιξ
1323 1129 1497 1182 autem,
1537 1123 1704 1183 quippe
1741 1135 1855 1182 quae

327 1194 401 1253 III,
427 1208 518 1240 non
545 1193 599 1238 lV
623 1194 797 1255 cotylas
824 1194 1013 1253 habeat,
1050 1194 1198 1240 Attica
1229 1193 1446 1240 choenice
1472 1193 1622 1238 minor
1651 1198 1720 1237 est
1748 1205 1857 1252 qua·

329 1264 514 1324 drante,
542 1264 788 1326 eademque
813 1264 867 1310 de
896 1278 1031 1311 causa
1057 1265 1211 1325 congii
1240 1270 1310 1310 est
1335 1269 1512 1324 quarta,
1539 1276 1632 1308 non
1657 1269 1709 1308 ut
1737 1262 1856 1323 apud

327 1334 534 1394 Atticos,
571 1334 707 1380 tertia
735 1349 858 1396 pars.
907 1335 1105 1395 Denique
1135 1330 1384 1395 μέδιμνος
1415 1340 1461 1380 et
1493 1328 1740 1394 ἡμίεκτον
1774 1332 1857 1378 iis·

330 1404 430 1451 dem
455 1405 621 1451 Atticis
648 1408 876 1451 mensuris
902 1405 1057 1466 sesqui
1082 1405 1255 1451 maiora
1279 1411 1399 1451 sunt.

434 1473 551 1521 Haec
602 1482 671 1520 est
722 1489 1039 1522 mensurarum
1089 1475 1207 1522 ratio
1246 1489 1270 1521 a
1306 1473 1580 1521 Ptolemaeis
1631 1474 1856 1519 instituta.

330 1542 470 1599 Quam
497 1545 725 1606 quomodo
751 1545 940 1591 Romani
966 1545 1328 1604 immutaverint,
1363 1560 1502 1606 supra
1530 1542 1858 1590 demonstravi-

329 1628 430 1661 mus
455 1614 503 1674 (5
530 1614 619 1674 39).
671 1615 805 1661 Modii
839 1622 990 1662 autem
1028 1616 1186 1662 satorii
1220 1630 1359 1673 usus,
1404 1616 1459 1661 de
1503 1629 1593 1676 quo
1635 1628 1719 1660 suo
1753 1613 1856 1660 loco

331 1684 524 1731 diximus
552 1684 599 1745 (S
625 1685 698 1745 25)
727 1686 938 1747 deinceps
964 1687 1017 1731 ad
1043 1688 1303 1747 posteriora
1331 1693 1533 1748 tempora
1558 1685 1775 1746 pertinet.

433 1756 531 1801 Non
559 1757 721 1801 omitto
758 1757 847 1803 hoc
880 1756 983 1803 loco
1020 1771 1144 1817 spem
1171 1770 1313 1802 meam
1343 1756 1564 1816 quandam
1593 1768 1857 1816 expromere

330 1826 430 1873 fore
456 1832 509 1872 ut
539 1824 778 1887 aliquando
809 1827 1051 1873 Persarum
1084 1840 1321 1873 mensurae
1355 1826 1705 1885 frumentariae,
1742 1839 1859 1886 quae

332 1897 386 1944 ab
410 1896 509 1942 aliis
535 1895 667 1943 aliter
693 1896 971 1943 definiuntur
983 1893 1034 1957 ³),
1069 1897 1341 1959 comparatis
1367 1897 1602 1958 Aegyptiis
1630 1897 1857 1942 mensuris

332 1966 629 2028 explicentur.
658 1967 745 2013 Sed
764 1968 897 2013 nobis
918 1982 1039 2014 nunc
1061 1969 1103 2013 in
1125 1983 1222 2015 eam
1244 1982 1339 2014 rem
1364 1969 1594 2028 inquirere
1608 1981 1701 2013 non
1715 1972 1858 2013 vacat.

650 2090 715 2130 De
746 2095 926 2131 metreta
956 2091 1236 2132 Antiochensi
1262 2091 1348 2131 sive
1379 2090 1524 2143 Syrio.

243 2167 307 2218 74
440 2161 734 2223 Aliquantum
773 2163 907 2209 etiam
954 2164 1007 2209 ad
1044 2164 1090 2209 id
1124 2170 1438 2223 argumentum
1474 2162 1683 2209 conferre
1719 2176 1857 2223 posse

330 2232 542 2293 suspicor
565 2233 886 2279 Antiochensis
914 2234 1157 2294 amphorae
1182 2234 1392 2292 modum,
1430 2236 1501 2279 cui
1526 2241 1619 2279 tres
1647 2239 1856 2279 auctores

330 2303 385 2349 de
427 2304 651 2348 mensuris
693 2306 913 2349 sextarios
958 2305 1183 2350 Romanos
1229 2303 1336 2349 CXX
1384 2304 1608 2350 tribuunt.
1656 2303 1856 2349 Primum

330 2372 511 2433 appello
542 2373 813 2434 scriptorem
848 2374 1088 2434 fragmenti
1114 2369 1248 2433 Περὶ
1275 2368 1483 2433 μέτρων
1511 2373 1583 2433 (fr.
1615 2376 1689 2433 81,
1717 2371 1785 2434 2):
1823 2367 1856 2420 ὁ

329 2439 389 2490 δὲ
419 2439 741 2504 Ἀντιοχικὸς
766 2440 1021 2504 μετρητὴς
1047 2443 1145 2492 τοῦ
1175 2440 1425 2492 Ἰταλικοῦ
1453 2440 1557 2492 {cn
1584 2438 1857 2492 διπλάειοε

330 2508 415 2559 καὶ
442 2517 490 2559 5.
540 2513 588 2559 ln
624 2514 888 2575 amphoram
926 2515 1169 2561 Romanam
1201 2540 1258 2546 —
1289 2530 1391 2560 nam
1425 2518 1464 2561 is
1498 2521 1569 2561 est
1609 2508 1856 2563 Ἰταλικὸς

331 2579 586 2642 μετρητής
609 2610 679 2617 —-
709 2599 810 2631 cum
841 2585 1006 2631 XLVIII
1044 2585 1226 2631 sextarii
1262 2586 1525 2643 incurrant,
1558 2583 1855 2630 Antiochensi

331 2658 546 2697 metretae
574 2655 756 2700 sextarii
781 2656 1055 2701 conveniunt
1079 2655 1200 2701 CXX.
1249 2655 1370 2701 Idem
1405 2661 1554 2701 autem
1585 2656 1629 2700 in
1658 2653 1856 2700 Galeneo

331 2734 428 2780 cap.
458 2720 529 2765 VII
556 2721 644 2780 (25)
674 2731 719 2769 et
747 2725 793 2769 in
819 2725 1084 2786 Cleopatrae
1111 2725 1264 2771 tabula
1290 2721 1377 2786 (30)
1415 2725 1635 2785 legimus,
1672 2724 1749 2770 ubi
1779 2737 1855 2769 ea-

332 2790 432 2835 dem
467 2804 678 2837 mensura
713 2788 743 2841 ὁ
781 2791 913 2842 κατὰ
956 2791 1157 2856 (Opone
1201 2790 1456 2855 μετρητής
1502 2801 1703 2842 vocatur.
1769 2792 1855 2848 Qui

445 2897 489 2951 3)
520 2899 573 2940 V.
603 2899 785 2941 Metrol.
817 2915 862 2955 p.
894 2904 993 2945 275.
1056 2893 1376 2958 Queiponiana
1409 2902 1447 2956 (I
1469 2917 1511 2956 p.
1536 2904 1618 2945 358
1639 2901 1718 2954 ss.)
1750 2914 1855 2955 pro·
1911 2933 1913 2935 -

330 2953 442 2995 bare
476 2967 563 2995 non
594 2957 735 3007 potui.
