1946 3220
1186 0 1355 26 <ww-<aq
1374 0 1558 28 ‚vv-*ww
1585 0 1590 5 ·
1660 0 1946 30 ’ΜΝ-’τπςῑῆ

595 141 925 184 εοείιΡΤοΒΕε
954 149 1229 185 nominos.
1603 134 1673 187 15

20 323 21 327 Ἰ
63 262 81 298 ”-
147 266 293 313 secuti
323 264 640 310 Lachmannus
677 271 723 309 et
757 260 1104 326 Mommsenus⁶)
1136 265 1256 311 hunc
1293 263 1460 310 librum
1489 265 1543 310 de
1569 280 1671 312 asse

20 330 21 333 ¹
68 338 84 363 ”·
147 336 290 383 eidem
312 333 449 381 Balbo
472 333 730 380 tribuerunt
751 334 804 379 de
828 349 918 394 quo
942 336 1094 381 statim
1115 334 1457 395 disputavimus.
1501 334 1668 382 Contra

61 396 70 410 ⁰
143 405 475 454 dubitationem
508 405 647 450 movit
683 403 934 463 Christius‚
975 404 1053 465 qui
1091 404 1228 450 tertio
1266 405 1444 451 demum
1484 406 1669 453 saeculo

58 469 71 487 ³
142 475 212 522 vel
240 475 373 521 etiam
400 481 563 535 quarto
592 474 783 519 eundem
804 473 970 520 librum
999 474 1054 520 ab
1081 475 1234 536 aliquo
1261 477 1420 535 ignoto
1441 478 1670 537 scriptore

51 551 78 574 ³
142 545 447 606 compositum
485 557 592 601 esse⁴
620 540 990 606 suspicareturss).
1061 546 1124 591 Ac
1161 559 1266 591 vero
1306 545 1439 592 nobis
1473 546 1581 606 quid
1620 549 1667 593 in

136 615 224 662 hoc
248 621 517 676 argumento
546 614 771 671 videatur,
796 616 883 659 iam
910 616 1068 675 paucis
1096 625 1385 676 exponamus.
1410 646 1416 656 ·

246 698 398 744 Omnia
425 697 544 744 Calvi
582 697 716 744 verba
752 698 806 743 de
843 712 893 744 ea
929 714 978 744 re
1014 699 1185 760 scripta
1216 700 1534 760 repetivimus,
1573 716 1665 761 quo

16 819 46 823 Ἴ,
136 769 315 816 facilius
347 769 490 815 cuivis
525 782 576 814 ea
612 768 782 829 legenti
810 770 1023 815 iudicium
1050 769 1199 815 facere
1225 769 1397 816 liceret.
1445 770 1662 817 Nimirum

13 839 61 857 ’“
135 846 323 901 apparet
358 839 648 898 gravissimas
684 852 889 899 quasque
926 853 1000 885 res
1038 848 1126 886 tam
1163 840 1355 886 obscure
1381 848 1426 885 et
1453 840 1661 900 ambigue

135 922 160 956 a
186 909 318 956 Calvo
356 908 631 970 significatas
669 922 796 966 esse,
835 917 887 955 ut
925 910 1163 955 admodum
1190 909 1330 956 multa
1358 925 1473 971 quae
1497 911 1661 971 proba-

133 979 240 1027 bilia
271 980 532 1038 videantur,
568 981 682 1026 certi
710 986 859 1025 autem
897 980 1009 1026 nihil
1039 981 1092 1027 ad
1118 980 1162 1026 id
1192 982 1340 1041 ipsum
1368 981 1422 1026 de
1447 995 1536 1041 quo
1563 981 1660 1042 agi·
1722 994 1727 995 ⁷

138 1057 210 1096 tur
244 1051 348 1097 inde
383 1049 499 1096 effici
534 1052 694 1111 possit.
747 1050 866 1109 Ergo
905 1057 1088 1096 utamur
1127 1057 1355 1111 tamquam
1395 1058 1510 1097 teste
1534 1051 1660 1098 locu-

133 1121 387 1182 pletissimo
416 1122 518 1181 ipso
554 1122 780 1181 scriptore
816 1120 951 1166 huius
985 1120 1128 1167 libelli
1165 1121 1219 1166 de
1257 1135 1346 1182 quo
1385 1123 1660 1182 quaerimus.

132 1191 173 1237 Is
201 1192 320 1237 inter
346 1191 504 1237 unciae
540 1197 693 1251 partes
721 1197 955 1238 enumerat
983 1191 1236 1238 tremissem
1264 1190 1395 1250 (15),
1427 1193 1505 1252 qui
1531 1206 1660 1237 num-

133 1276 232 1307 mus
260 1275 449 1317 aureus,
490 1261 622 1306 tertia
650 1260 783 1307 solidi
809 1264 933 1307 aurei
959 1276 1091 1322 pars,
1133 1262 1327 1322 primum
1356 1263 1562 1321 signatus
1590 1267 1660 1307 est

134 1347 158 1379 a
185 1331 347 1377 Severo
375 1331 627 1377 Alexandro
640 1328 699 1390 ⁷):
729 1345 840 1391 ergo
867 1334 1067 1392 scriptor
1093 1331 1199 1377 libri
1226 1332 1279 1377 de
1307 1345 1408 1378 asse
1440 1347 1532 1379 non
1558 1338 1663 1378 ante
1755 1355 1784 1383 ς

135 1402 364 1448 saeculum
402 1402 587 1447 tertium
623 1402 746 1447 vixit.
824 1396 954 1457 Qu'od
997 1408 1314 1461 argumentum
1356 1408 1445 1448 tam
1482 1408 1658 1449 certum

133 1479 229 1529 est,
270 1478 322 1517 ut
349 1472 416 1516 vix
443 1486 559 1532 opus
586 1473 645 1522 sit
672 1471 757 1517 alia
783 1473 1149 1532 circumspicere.
1206 1474 1263 1517 At
1290 1486 1393 1518 vero
1423 1479 1528 1518 sunt
1556 1472 1659 1533 plu-

53 1536 58 1539 *
133 1542 268 1588 rima:
303 1549 354 1588 ut
390 1543 660 1602 scriptorem
696 1542 750 1586 de
777 1556 877 1587 asse
904 1542 1145 1588 nonnullas
1172 1548 1327 1602 partes
1354 1543 1515 1588 afferre
1543 1556 1658 1603 quae

131 1614 313 1673 ignotae
341 1612 434 1658 sint
457 1612 711 1670 Maeciano,
742 1614 816 1673 qui
844 1612 1079 1673 aliquanto
1107 1619 1214 1673 post
1238 1612 1422 1658 Balbum
1448 1613 1657 1674 scrip'sit3

134 1689 227 1728 tum
261 1682 451 1728 formam
481 1686 605 1727 assis
630 1684 675 1727 in
702 1684 976 1728 nominativo
1012 1697 1118 1728 casu
1146 1683 1335 1733 alienam
1364 1697 1464 1729 esse
1490 1698 1514 1728 a
1540 1683 1657 1729 Mae·

9 1749 15 1756 ’
51 1764 58 1771 “
131 1754 260 1799 ciano
297 1766 380 1798 nec
416 1767 523 1798 vero
561 1753 747 1799 eandem
775 1753 912 1798 tribui
940 1766 1077 1813 posse
1103 1752 1266 1809 Balbo,
1304 1748 1454 1813 quiin
1481 1754 1659 1813 exposi-

133 1825 256 1870 tione
297 1823 542 1869 sormarum
579 1837 692 1868 usus
728 1829 799 1868 est
823 1823 999 1869 dicendi
1025 1837 1192 1883 genere
1220 1818 1657 1881 emendatissimo⁸);

245 2043 288 2096 5)
321 2044 438 2084 Vide
473 2044 623 2085 Grom.
655 2044 701 2083 II
731 2057 773 2096 p.
810 2046 890 2085 134
921 2057 955 2084 3.
1001 2045 1080 2084 150
1112 2056 1146 2084 s.

245 2099 289 2152 6)
321 2100 438 2140 Vide
472 2101 791 2141 commentarii
822 2100 876 2140 de
901 2100 1122 2151 Victorio,
1157 2100 1234 2153 qui
1255 2100 1378 2140 infra
1399 2100 1424 2149 ξ
1448 2102 1528 2141 117
1551 2100 1656 2143 adn.

135 2157 157 2196 1
191 2156 434 2209 citabitur,
467 2171 509 2210 p.
546 2158 624 2197 106
656 2169 691 2197 3.

248 2211 290 2265 7)
323 2213 494 2253 Auctor
535 2217 606 2253 est
644 2212 937 2266 Lampridius
977 2214 1025 2253 in
1063 2213 1161 2253 vita
1200 2212 1303 2253 Sev.
1343 2211 1474 2253 Alex.
1515 2225 1552 2253 c.
1585 2215 1656 2255 39.

131 2269 192 2309 Et
231 2272 414 2310 exstant
460 2269 609 2309 adhuc
649 2268 768 2309 tales
819 2269 1054 2310 tremisses
1096 2282 1123 2309 a
1161 2267 1409 2309 Valeriano
1461 2269 1655 2320 aliisque

133 2325 329 2378 signati:
360 2326 464 2366 vide
497 2325 763 2366 Mommsen.
796 2339 839 2378 p.
872 2327 966 2375 775.
1025 2324 1242 2366 Efficitur
1273 2328 1425 2365 autem
1459 2338 1512 2374 ex
1544 2337 1654 2377 pons

50 2397 54 2400 ·
132 2381 238 2422 dere
279 2381 504 2421 tremissis
544 2381 662 2434 quod
701 2382 748 2420 in
785 2382 872 2422 hoo
911 2382 1028 2423 libro
1069 2382 1124 2421 de
1166 2394 1268 2422 asse
1309 2380 1497 2421 affertur
1529 2380 1655 2421 aliud

133 2437 251 2490 quod
289 2438 608 2490 gravissimum
655 2441 725 2478 est
757 2438 814 2478 ad
846 2452 1023 2479 omnem
1055 2438 1181 2478 illius
1214 2437 1384 2477 aetatis
1415 2436 1655 2477 historiam

132 2495 452 2534 nummariam:
475 2493 728 2546 legitimum
747 2496 876 2535 aurei
892 2495 1081 2548 pondus,
1101 2494 1156 2533 de
1180 2506 1265 2546 quo
1288 2493 1435 2533 adhuc
1458 2494 1654 2534 maxime

134 2550 460 2603 ambigebatur
510 2550 571 2603 (v.
611 2551 793 2592 Metrol.
834 2566 877 2603 p.
901 2553 1033 2601 241),
1082 2550 1218 2590 tertio
1269 2548 1457 2590 saeculo
1508 2547 1652 2590 fuisse

133 2606 470 2659 sexagesimam
530 2610 739 2659 quartam
796 2611 972 2660 partem
1023 2606 1170 2646 librae
1223 2603 1346 2656 (nam
1397 2605 1653 2647 tremissem

48 2657 54 2663 ’
133 2664 329 2715 scriptor
368 2662 423 2702 de
456 2675 559 2704 asse
594 2665 695 2704 16⁸¹¹¹
725 2665 892 2705 unciae
932 2666 1111 2715 partem
1151 2661 1291 2701 fuisse
1324 2661 1457 2712 dicit,
1501 2662 1548 2702 id
1581 2665 1651 2702 est

131 2716 281 2759 librae
315 2720 458 2769 leam,
501 2720 622 2760 unde
661 2721 716 2765 64
757 2720 886 2760 aurei
926 2718 1203 2760 conveniunt
1234 2717 1280 2756 in
1310 2716 1511 2771 libram).
1571 2718 1650 2758 At·

134 2786 218 2826 que
257 2774 378 2815 idem
416 2775 590 2828 pondus
627 2776 771 2816 fuisse
802 2776 982 2817 videtur
1013 2775 1224 2826 argentei
1254 2774 1424 2814 nummi
1454 2775 1531 2828 qui
1560 2775 1650 2815 Au-

133 2829 336 2871 relianus
367 2830 547 2872 dicitur.
588 2831 721 2872 Unde
754 2831 860 2883 quid
891 2843 1024 2884 porro
1056 2828 1415 2871 concludendum
1446 2833 1521 2883 sit,
1557 2831 1651 2872 alio

132 2884 235 2928 loco
267 2900 322 2927 ac
353 2890 558 2941 tempore
592 2900 829 2941 exponam.

244 2942 288 2997 8)
321 2943 452 2985 Haec
484 2956 660 2998 quoque
694 2943 881 2984 Christii
911 2947 1016 2984 sunt
1047 2947 1316 2996 argumenta
1346 2958 1390 2997 p.
1423 2945 1516 2985 106.
