1946 3220
1 2897 21 2987 ‘'s-m*-
2 1965 33 2884 *ff-WWWQ-*m-w-‘f
4 1505 24 1953 ·‘²·-'y„··waet·‘·‘‹··⁸“1vrnawo·:xw
6 1431 25 1489 πει(
7 1308 24 1420 wrm-*⁴
8 1287 17 1299 τ
15 1270 18 1276 -
18 1212 24 1214 .
13 1127 19 1138 -—
11 1085 28 1106 2,
10 1042 22 1066 κ
19 1023 21 1026 Α

594 161 914 196 sempronns
942 161 1199 197 GRAECOS.
1555 145 1657 198 159

127 281 225 322 tum
258 274 353 320 sere
388 274 433 320 in
473 274 746 321 oblivionem
782 274 948 321 abiisse
978 275 1239 333 videbatur,
1279 289 1380 322 cum
1404 275 1655 322 Boeckhius

127 345 245 391 idem
272 344 325 392 ab
351 344 526 406 Angelo
554 343 668 390 Maio
695 346 741 390 in
767 345 1013 405 appendice
1040 346 1095 391 ad
1119 345 1351 407 Didymum
1371 345 1426 405 (S
1447 346 1535 406 14),
1563 347 1655 392 edi-

131 423 226 462 tum
258 429 360 462 esse
394 415 710 462 animadvertit
746 414 878 475 eique
909 417 1154 476 pristinum
1185 417 1469 463 auctoritatis
1502 416 1654 464 locum

124 486 358 545 restituit,
396 498 529 546 quem
565 483 846 532 confirmavit
871 499 1016 547 nuper
1040 483 1403 546 Mommsenus³).
1453 488 1517 534 Ac
1541 489 1651 534 mihi

123 570 252 615 vero,
280 569 381 602 cum
408 562 478 602 tot
497 561 679 616 tamque
699 556 819 601 varia
845 556 1122 602 incertorum
1140 564 1376 603 auctorum
1399 557 1653 619 fragmenta

123 627 170 672 in
204 626 294 673 hoc
327 625 445 672 libro
474 625 711 672 scribendo
749 625 994 686 diligenter
1023 629 1321 688 pertractavi,
1360 642 1414 674 ex
1443 634 1541 674 toto
1568 642 1652 674 nu-

122 710 250 743 mero
276 695 452 743 nullum
480 696 630 742 afferri
659 710 797 757 posse
821 696 1018 756 videtur,
1048 697 1170 758 quod
1197 698 1410 758 quopiam
1436 705 1568 759 pacto
1597 699 1652 744 ad

122 767 259 814 huius
294 767 349 812 de
396 781 486 828 quo
532 767 707 826 agimus
742 767 1050 827 integritatem
1086 769 1493 829 auctoritatemque
1527 783 1652 815 acce-

123 838 213 883 dat.
265 836 381 894 Quin
419 838 553 883 etiam
586 844 771 898 praeter
804 837 1113 896 Herodotum,
1158 838 1476 896 Aristotelem,
1521 839 1651 900 Didy-

122 922 263 967 mum,
290 907 419 954 illum
445 908 637 969 denique
659 909 735 968 qui
754 908 1110 954 vetustissimam
1136 907 1335 954 tabulam
1351 908 1649 955 Heronianam

122 979 322 1026 confecit
348 1005 411 1011 —
439 985 625 1039 praeter
650 979 752 1036 hos,
784 980 985 1039 inquam,
1011 978 1187 1025 nullum
1215 980 1469 1040 graviorem
1498 986 1652 1026 aucto·

121 1063 218 1095 rem
254 1048 472 1096 Graecum
510 1049 564 1095 de
598 1050 794 1095 nummis
833 1064 884 1096 ac
917 1049 1196 1110 ponderibus
1238 1054 1396 1096 nostra
1433 1050 1651 1097 memoria

122 1126 298 1166 exstare
324 1120 525 1166 arbitror
549 1134 683 1182 quam
708 1119 831 1166 hunc
853 1118 1200 1166 Alexandrinum
1226 1121 1512 1181 scriptorem.

223 1190 516 1237 Alexandriae
552 1197 703 1237 autem
729 1204 832 1236 eum
856 1191 1020 1237 vixisse
1044 1192 1240 1252 primum
1268 1191 1371 1238 inde
1398 1191 1650 1251 colligitur,

122 1261 246 1321 quod
282 1275 437 1307 omnes
472 1261 724 1322 ponderum
765 1267 812 1307 et
850 1275 1138 1308 nummorum
1179 1260 1382 1308 rationes
1419 1262 1472 1308 ad
1499 1260 1652 1307 Ptole-

120 1332 315 1378 maicum
352 1330 568 1378 talentum
607 1338 903 1388 revocantum
942 1338 1037 1379 tum
1075 1332 1197 1393 quod
1230 1327 1421 1392 ετατήρ
1459 1331 1535 1378 ille
1573 1333 1651 1392 qui

118 1402 319 1462 pondere
346 1409 565 1463 quattuor
592 1402 933 1462 drachmarum,
974 1403 1125 1463 pretio
1155 1409 1307 1448 autem
1330 1405 1466 1449 unius
1493 1402 1650 1448 drach-

118 1486 216 1518 mae
260 1486 360 1519 esse
400 1472 591 1531 dicitur,
647 1474 847 1534 itemque
894 1472 1113 1520 vocabula
1160 1468 1288 1532 ὁλκή
1342 1488 1393 1520 ac
1441 1467 1650 1534 ψεμμόε

121 1678 382 1732 διαιρεῖται
423 1675 477 1722 δὲ
517 1672 569 1721 ἐκ
606 1680 887 1747 περιουσίας
923 1678 1006 1722 καὶ
1044 1675 1098 1722 τὸ
1131 1674 1366 1747 δηνάριον
1395 1674 1519 1722 κατὰ
1539 1673 1649 1721 Ρω-

119 1736 292 1802 μαίους
328 1732 397 1783 εἰς
435 1731 555 1802 μέρη
586 1733 751 1795 αρνβ’.
785 1733 882 1790 ἔχει
911 1731 1003 1790 γὰρ
1042 1733 1281 1790 τροπαϊκὰ
1317 1731 1374 1791 β’,
1407 1734 1650 1790 νούμμους

120 1786 178 1845 δ’,
218 1786 424 1862 ἀσσάρια
463 1787 537 1838 ις’.
586 1780 732 1835 ‘Haec
781 1795 899 1846 apud
945 1793 1205 1847 Scaliyerum
1255 1795 1379 1835 etiam
1427 1798 1648 1845 corrupta.

118 1825 358 1901 τροπαὶκά
407 1856 530 1891 vocat
578 1851 840 1891 victoriatos.
908 1851 979 1890 Ex
1016 1849 1088 1891 his
1128 1854 1326 1903 apparet
1371 1849 1648 1890 Salmasium

120 1906 280 1947 codice
302 1906 457 1959 aliquo
477 1918 608 1947 usum
641 1919 742 1947 esse
774 1906 957 1948 diverso
988 1919 1079 1947 11011
1110 1907 1255 1947 solum
1277 1919 1305 1946 a.
1327 1905 1648 1960 Scaligeriano

118 1963 200 2003 sed
233 1962 372 2004 etiam
404 1962 462 2003 ab
494 1963 554 2004 iis
594 1975 707 2016 quos
748 1975 834 2017 ego
875 1962 1072 2014 contuli3
1114 1976 1170 2004 ac
1207 1963 1391 2005 videtur
1428 1963 1508 2003 ille
1547 1962 1649 2015 ipse

119 2019 263 2060 codex
312 2018 631 2060 Salmasianus
681 2019 764 2060 sub
815 2018 926 2060 Iulii
973 2019 1185 2060 Africani
1222 2018 1359 2060 titulo
1398 2016 1443 2071 (ξ
1480 2017 1554 2071 47)
1601 2018 1650 2058 id

117 2075 427 2130 fragmentum
467 2075 743 2117 exhibuisse.
814 2075 959 2126 Quem
1000 2076 1206 2117 codicem
1251 2076 1493 2117 verissime
1535 2074 1650 2115 dixit

116 2133 335 2197 optimum
365 2131 644 2185 Salmasius,
659 2131 902 2197 siquidem
930 2132 1051 2173 haec
1083 2132 1171 2173 duo
1202 2132 1502 2186 gravissima:
1536 2129 1648 2183 μέρη

115 2181 599 2289 ffssvrssaviia‘ssffissm
631 2165 1021 2288 '’iissorri‘gt‘izssssfftit
1065 2201 1191 2286 {⁰2³2
1219 2188 1477 2286 333⁸&ss
1506 2187 1649 2283 ἐέἓὲἶῗ

117 2301 142 2350 ἓ
172 2258 205 2342 ἔ
238 2300 511 2342 afferuntur:
563 2299 589 2342 ὁ
628 2299 678 2342 δὲ
715 2302 922 2353 νοῦμμοε
961 2259 1166 2352 οιξγκίαν
1197 2299 1291 2353 ἔχει
1328 2302 1398 2353 τῷ
1438 2257 1647 2350 εξαθμῷ,

116 2361 212 2398 tum
242 2357 414 2398 ibidem
448 2371 471 2398 e
503 2358 528 2407 ἕ
558 2359 608 2398 4:
660 2356 761 2408 ἄγει
790 2356 877 2398 οὖν
906 2356 965 2398 τὸ
996 2358 1198 2410 χρυεοῦν
1227 2356 1468 2398 τάλαντον
1499 2353 1647 2396 Ἀττι-

117 2412 201 2454 κὰ(
232 2412 438 2465 δραχμὰς.
477 2411 587 2465 δύο,
626 2412 874 2467 γράμματα
911 2407 967 2466 ς’,
998 2412 1229 2466 τετάρτας
1267 2411 1442 2476 δηλαδὴ
1477 2404 1529 2463 β’,
1566 2411 1648 2451 ubi

118 2469 372 2511 Salmasius
402 2469 521 2510 haec
553 2445 703 2510 a’ddit:
732 2483 963 2522 perperam
992 2473 1111 2523 vulyo
1144 2472 1297 2523 Ieyitur
1319 2461 1375 2511 δ’.
1431 2468 1648 2508 Talentum

117 2528 215 2567 auri
251 2527 522 2568 Homericum
569 2527 679 2566 idem
729 2527 862 2567 tradit
907 2527 1043 2577 fuisse
1092 2539 1181 2566 eum
1218 2527 1380 2566 Dar-ico
1421 2524 1492 2578 qui
1539 2525 1647 2565 duas

117 2584 343 2624 drachmas
370 2582 607 2636 pendebat,
646 2583 854 2634 scriptula
882 2595 985 2634 sex,
1025 2588 1068 2622 et
1097 2584 1204 2623 duas
1236 2586 1435 2635 quartas,
1474 2580 1552 2622 Ιιοο
1582 2586 1647 2620 est

119 2640 225 2680 duos
255 2641 517 2694 quadrantes
546 2641 613 2679 vel
641 2639 746 2679 duos
776 2651 918 2686 asses,
959 2651 1053 2678 nam
1083 2639 1193 2678 assis
1222 2639 1433 2679 Romanus
1470 2638 1647 2678 duarum

118 2697 411 2738 drachmarum
447 2697 687 2737 Atticarum
729 2697 897 2759 pondus
940 2694 1097 2735 habuit.
1148 2716 1202 2723 —
1251 2694 1465 2759 Denique
1504 2707 1549 2746 p.
1590 2693 1645 2734 58

116 2751 258 2793 haec.
290 2753 427 2793 Iulius
456 2752 723 2816 Africanus:
761 2745 812 2792 τὸ
845 2748 1079 2816 δηνάριον
1108 2743 1231 2792 κατὰ
1258 2742 1516 2818 Ρωμαίους
1549 2744 1646 2803 ἔχει

118 2802 353 2873 τροπαϊκα
386 2802 523 2874 δύο,
541 2801 781 2872 νούμμους
814 2801 871 2859 δ’,
912 2798 1117 2859 άσσάρια
1148 2801 1223 2852 ις’.
1283 2798 1308 2848 ὁ
1341 2802 1394 2849 δὲ
1435 2804 1645 2860 νοῦμμος

122 2859 217 2918 ἔχει
248 2856 444 2917 οὖγκίας
475 2859 560 2907 τὸν
589 2858 822 2917 σταθμόν

232 2919 275 2974 3)
313 2921 431 2963 Vide
471 2920 676 2962 Boeckh.
771 2920 868 2963 ..U
907 2933 954 2973 p.
987 2921 1060 2973 11,
1102 2919 1368 2962 Mommsen.
1412 2918 1459 2959 G.
1492 2918 1543 2959 R.
1575 2917 1642 2961 M.
