1946 3220
0 0 166 135 55
191 15 214 21 ”

0 230 54 290 ⁹·
98 274 151 341 (ἦ
178 276 236 334 ÷
263 273 337 340 *2²5
367 277 425 333 4-
455 272 563 341 ffi
594 276 652 333 ÷
681 273 832 340 τὴ),
859 291 1051 338 quarum
1080 278 1276 338 partium
1303 291 1477 323 summa
1507 278 1625 324 idem

22 364 34 410 g
98 341 301 408 efficit⁸).
344 345 574 392 Interdum
595 353 743 392 tamen
764 348 897 392 ctiam
927 347 1037 393 tales
1063 348 1290 394 fracturae
1315 347 1625 408 inveniuntur,

24 413 26 420 ’
98 416 255 479 quales
282 431 367 463 nos
393 416 754 477 frequentamus,
775 431 966 478 quarum
986 424 1248 466 numerator
1266 425 1337 464 est
1363 418 1625 479 multiplus:

17 496 42 517 ‘>
96 494 194 534 tum
226 487 263 532 is
290 488 369 548 qui
404 487 536 532 index
570 493 760 534 vocatur
786 487 856 532 bis
883 487 1146 534 scribendus
1178 494 1241 535 ost
1258 525 1270 547 ,
1296 489 1419 534 velut
1444 483 1506 539 ιζ’
1530 482 1626 536 κα”

93 550 210 617 κα”,
242 557 287 602 h.
317 570 354 602 e.
382 551 731 606 ἑπτακαίδεκα
755 551 1214 618 εἰκοετόπρωταῃ.
1265 557 1355 604 Sed
1382 559 1493 605 haec
1519 560 1627 620 quia

93 642 187 675 non
217 634 304 674 tam
327 627 382 673 ad
409 628 658 688 scriptores
686 627 1011 688 metrologicos
1037 643 1169 690 quam
1195 630 1250 674 ati
1272 629 1495 675 Heronem
1523 643 1627 690 per-

94 698 260 757 tinent,
285 698 373 744 iam
398 700 535 744 m1ssa
563 698 679 744 facio
701 705 836 760 atque
856 699 1040 744 omnino
1067 701 1173 744 huic
1196 700 1468 759 praefationi
1494 699 1626 744 finem

18 786 31 812 ³
94 770 311 830 impono,
355 783 442 829 qua
472 769 559 814 etsi
586 783 872 830 nequaquam
901 770 1049 815 omnia
1074 769 1298 830 explicare
1325 776 1370 814 et
1395 769 1627 816 illustrare

12 848 24 902 :g
94 840 256 900 potui,
281 846 432 885 tamen
458 839 501 884 id
529 853 599 884 me
627 846 884 886 assecutum
910 853 1012 885 esse
1040 839 1214 886 confido
1230 875 1244 898 ,
1270 846 1322 885 ut
1346 841 1432 885 iam
1464 840 1515 885 ad
1540 840 1628 885 hoc

16 927 21 953 5
96 909 352 956 litterarum
385 922 530 969 genus
577 909 683 955 olim
726 911 910 971 penitus
955 910 1218 956 abstrusum
1255 923 1307 955 ac
1342 910 1628 956 reconditum

13 1016 15 1018 .
97 980 305 1027 omnibus
331 993 709 1042 quorumcunque
740 982 931 1026 interest
959 981 1107 1027 aditus
1132 986 1299 1041 pateat.

559 162 881 199 scmrromes
919 162 1174 199 amcos.
1222 142 1230 149 ”
1524 147 1627 200 175

13 750 23 770 ,ι
12 603 37 743 ιετιῇνίμρ.-
17 579 35 590 ⁸
18 559 21 568 n

100 1131 358 1185 Conspectus
395 1144 658 1173 numerorum
697 1144 800 1186 quos
837 1134 888 1229 iri
923 1131 1065 1173 tabula
1102 1132 1148 1172 V
1172 1132 1428 1172 Heroniana
1458 1131 1628 1172 codices

760 1189 864 1229 eoelzi
891 1193 975 1230 ent.

197 1262 421 1308 Extremis
456 1262 527 1307 his
561 1262 898 1322 prolegomenis
932 1261 1048 1307 bene
1085 1261 1194 1308 mihi
1226 1262 1513 1308 occasionem
1546 1260 1626 1307 ob·
1656 1256 1754 1308 108

94 1331 232 1379 latam
259 1346 359 1378 esse
387 1332 624 1390 existimo,
664 1339 716 1378 ut
753 1332 887 1378 huius
925 1333 1073 1378 scidae
1100 1331 1344 1392 explendae
1370 1332 1518 1392 gratia
1540 1346 1626 1377 nu·

95 1416 325 1449 merorum
353 1410 487 1448 notas
514 1417 625 1463 quas
652 1403 698 1448 in
723 1401 875 1449 tabula
899 1402 934 1447 V
951 1402 1208 1448 Heroniana
1234 1402 1414 1449 codices
1434 1402 1627 1447 Parisini

96 1473 307 1520 exhibent
342 1487 396 1519 ex
434 1473 590 1519 ordine
624 1473 888 1519 describam.
945 1471 1068 1528 Quae
1100 1472 1251 1519 tabula
1277 1487 1379 1519 cum
1403 1472 1627 1533 plurimos

7 1328 26 1426 mas-⁹2
9 1264 12 1267 ⁴
9 1230 17 1244 <⁷
15 1147 18 1150 l

95 1558 147 1590 ac
173 1546 363 1590 maxime
392 1544 542 1590 varios
570 1558 786 1590 numeros
821 1543 1078 1600 contineat,
1122 1543 1277 1590 eadem
1314 1544 1497 1590 omnino
1525 1556 1628 1602 spe-

95 1616 208 1661 ciem
240 1614 430 1675 praehet
459 1628 614 1660 earum
646 1614 894 1660 formarum
929 1628 1040 1675 quas
1074 1614 1175 1660 aliis
1214 1628 1396 1675 quoque
1431 1613 1545 1660 locis
1580 1613 1628 1658 in

95 1685 254 1731 iisdem
282 1685 410 1731 libris
437 1685 617 1731 litterae
644 1685 900 1731 numerales
926 1685 1093 1731 habere
1120 1684 1285 1731 solent.

6 1657 20 1789 *tw-uum*
15 1626 19 1631 .

501 1821 725 1864 Codices
756 1821 950 1863 Graeci
978 1820 1215 1864 Parisini

4 1842 18 1938 *νον-4.
8 1796 16 1812 ‹-

235 1896 295 1942 Ρ8
325 1895 473 1955 (1670)
847 1890 913 1941 Pcl
940 1894 1088 1955 (2013)
1275 1895 1338 1940 ΡΘ
1370 1893 1518 1953 (2013)

4 1959 18 2039 ξ
123 1970 162 2010 1.
202 1960 303 2026 εἷς,
330 1961 445 2026 μία,
473 1961 532 2015 ἕν
772 1966 890 2012 idem
1197 1966 1316 2011 idem
1342 1964 1411 2011 vel
1436 1954 1485 2012 α’

4 2042 18 2103 '3
123 2042 164 2082 2.
203 2031 302 2086 δύο
328 2038 398 2084 vel
423 2034 499 2097 pf„
775 2032 874 2085 δύο
899 2036 968 2083 vel
993 2030 1037 2098 β’
1203 2031 1246 2096 β’

4 2109 18 2190 ξ’
122 2111 163 2154 3.
201 2104 342 2168 τρεῖς
368 2106 438 2154 vel
471 2104 502 2155 Γ
777 2100 826 2165 γ’
1202 2107 1320 2152 idem

4 2194 14 2238 -Ξ
123 2183 166 2224 4.
204 2174 447 2238 τέεεαρεε
474 2178 542 2224 vel
570 2172 616 2227 δ’
776 2168 821 2226 δ’
1200 2178 1318 2222 idem

5 2243 18 2315 ξ
124 2253 164 2294 5.
203 2244 364 2299 πέντε
391 2249 461 2296 vel
488 2242 527 2298 ε’
776 2243 816 2297 e'
1201 2248 1318 2294 idem

5 2318 14 2344 ¹
124 2322 167 2365 6.
208 2315 253 2373 ς’
775 2320 892 2365 idem
1166 2338 1167 2342 ¹
1202 2318 1319 2363 idem

1 2349 26 2620 1
125 2395 165 2435 7.
206 2384 249 2440 Z'
728 2390 733 2393 ’
778 2390 895 2435 idem
1204 2389 1319 2433 idem

126 2462 167 2506 8.
205 2453 254 2519 η’
777 2460 893 2505 idem
1202 2458 1320 2503 idem

125 2533 166 2576 9.
207 2525 251 2578 O'
777 2530 893 2575 idem
1204 2528 1321 2572 idem

3 2620 21 2666 g
99 2603 167 2647 10.
207 2596 333 2649 δέκα
364 2599 431 2646 vel
459 2594 488 2647 ι’
780 2593 811 2646 ι’
1206 2597 1323 2642 idem

2 2671 17 2705 δ
101 2675 170 2717 15.
209 2668 295 2720 ιεπ
322 2667 515 2733 (duobus
545 2670 676 2730 locis)
781 2664 839 2718 ιε’
1204 2668 1322 2713 idem

215 2851 259 2902 6)
292 2852 487 2905 Legitur
527 2850 612 2891 hoc
651 2848 910 2902 exemplum
949 2847 1069 2902 apud
1099 2847 1331 2889 Heronem
1362 2859 1465 2887 mox
1495 2844 1626 2885 nobis

7 2875 22 2922 s
104 2907 324 2949 edendum
352 2908 400 2947 in
432 2907 652 2948 Stereom.
684 2907 720 2957 Ι,
752 2908 829 2958 52,
861 2907 924 2955 2„

2 2924 21 3005 ξ
217 2964 260 3016 7)
292 2964 419 3005 Idem
451 2963 671 3004 Stereom.
704 2963 741 3013 I,
774 2962 814 3005 8.

0 3103 22 3169 νῶιν·
4 3076 23 3092 5·
2 3006 22 3059 «ΦΛ
