1946 3220
316 125 422 178 324
915 137 1231 171 FRAGMENTA
1712 117 1844 191 [104]
1856 86 1900 182 ¹⁵³2.

423 250 724 313 Πέλεθρον,
767 246 963 310 μέτρον
999 246 1123 309 γῆς,
1169 244 1200 298 ὅ
1240 261 1367 311 φαςι
1410 245 1626 311 μυρίους
1668 247 1840 302 πόδας

319 335 474 399 ἔχειν.
524 333 661 385 τινὲς
690 331 748 383 δὲ
775 329 987 383 ςταδίου
1014 329 1183 383 ἕκτον.

425 430 690 493 Πέλεκυς,
728 428 875 493 ἀξίνη
911 427 1167 493 οίςτομος.
1216 430 1248 493 ἢ
1278 428 1523 495 ςταθμίον
1557 430 1839 495 ἑξαμναῖον

318 516 559 580 ἀρχαῖον.
612 512 662 565 οἱ
692 513 751 566 δὲ
785 515 1201 578 δωδεκαμναῑον.

261 613 287 653 5
421 597 850 663 Πεντάςχοινον,
891 597 1117 652 ςτάδιον.

420 682 930 747 Πεντηκοντόγυον,
969 682 1303 747 πεντήκοντα
1338 683 1471 745 γύας
1518 682 1672 747 ἔχον·
1721 683 1840 737 οἷον

315 766 928 833 πεντηκοντοπέλεθρον.

422 850 713 920 Περίοδος]
745 872 768 903 *
794 852 876 903 καὶ
903 850 1099 915 μέτρον
1125 867 1171 903 τι
1201 853 1312 904 τῶν
1338 851 1629 915 μετάλλων.

420 950 632 1015 Πῆχυς,
661 951 897 1018 ζνεῦρον,
935 949 1055 1014 ἣ’τὸ
1085 952 1182 1002 τοῦ
1207 950 1367 1004 τόξου
1394 950 1577 1014 μέςον,
1616 950 1748 1004 ἔνιοι
1777 951 1844 1003 τὰ
1917 968 1939 997 z-

233 1049 287 1088 10
318 1035 476 1100 ἂκρα,
513 1035 597 1087 καὶ
630 1034 845 1099 κιθάρας
874 1034 947 1087 δέ.
1001 1038 1173 1098 πῆχυς
1210 1034 1240 1086 ὁ
1276 1034 1481 1098 ἀγκών,
1522 1035 1554 1099 ἢ
1583 1035 1614 1088 ὁ
1651 1033 1724 1088 εἷς
1759 1035 1842 1087 καὶ

313 1118 494 1184 ἥμιςυς
518 1118 670 1171 πούς.

420 1203 666 1266 Πιάτοις,
700 1203 763 1255 τὸ
792 1201 993 1267 ἄςημον
1017 1201 1289 1267 ἀργύριον.

420 1286 616 1352 Πίχυς,
647 1286 910 1351 βραχίων,
939 1286 1146 1351 μέτρον.

418 1371 663 1438 Πλέθρα,
696 1371 860 1436 μέτρα
891 1373 1003 1435 γῆς.
1058 1371 1089 1435 ἢ
1117 1370 1366 1435 διύγρους
1403 1371 1486 1424 καὶ
1521 1370 1843 1436 βοτανώδεις
1899 1343 1937 1411 el>

231 1468 284 1508 ,15
313 1455 530 1509 τόπους.

421 1541 705 1603 Πλῆθρον,
732 1538 979 1602 κλῆθρον.
1027 1538 1060 1602 ἢ
1090 1536 1234 1591 εἶδος
1259 1538 1467 1603 μέτρου.

421 1623 634 1687 Ποτήρ,
666 1621 861 1687 μέτρον
886 1621 1062 1675 ποιόν.

421 1708 704 1773 Προῦχος,
734 1705 926 1770 ξέςτης.

422 1791 705 1856 Πρόχοος,
731 1789 933 1854 ξέςτης,
960 1790 1168 1855 μέτρον.

230 1890 287 1931 20
422 1875 703 1940 Πυγόνος,
731 1877 831 1927 τοῦ
866 1874 1095 1940 πήχεως.
1155 1874 1260 1928 ἔςτι
1307 1875 1366 1929 δὲ
1410 1874 1442 1938 ἡ
1492 1874 1679 1937 πυγὼν
1734 1874 1842 1928 ἀπὸ
1916 1864 1944 1897 2*

317 1959 627 2025 ὠλεκράνου
658 1959 780 2024 ἄχρι
808 1962 906 2012 τοῦ
940 1959 1430 2031 μικροῦχδακτύλου.

420 2044 633 2107 Πυγός,
665 2043 696 2095 ὁ
725 2046 910 2109 πῆχυς.

419 2128 751 2192 Πυγούςιον,
779 2129 1060 2192 πηχυαῖον.

418 2212 651 2275 Πυγών,
700 2210 895 2276 μέτρον
931 2211 994 2264 τὸ
1033 2209 1141 2263 ἀπὸ
1183 2212 1280 2263 τοῦ
1326 2209 1661 2275 ὠλεκράνου,
1705 2209 1841 2276 ὅπερ

429 2440 469 2478 2.
503 2434 688 2479 ςταδίου
719 2434 860 2478 ἕκτον
891 2425 1105 2488 Ρενίτοη.,
1138 2425 1350 2479 ςταδίους
1381 2434 1554 2479 ἑκατόν
1586 2436 1686 2480 cod.
1744 2463 1746 2467 -
1803 2439 1828 2479 3

318 2505 567 2558 ἑξαμναῑον
606 2510 653 2548 et
689 2508 732 2550 4.
762 2505 1115 2557 δωδεκαμναῑον
1157 2508 1276 2550 coni.
1314 2506 1439 2548 Voss.
1480 2504 1621 2558 (conf.
1652 2505 1839 2548 Lobeck.

320 2576 380 2617 ad
409 2577 579 2629 Phryn.
610 2591 654 2630 p.
684 2577 767 2633 553
797 2589 846 2628 s.,
899 2574 1162 2628 ἑξαμνιαῖον
1214 2579 1260 2617 et
1307 2574 1677 2627 δωδεκαμνιαῖον
1723 2576 1840 2629 cod„

317 2645 440 2698 vulg·
530 2648 574 2687 5.
600 2636 802 2688 ςταδίων
831 2646 1078 2700 legendum
1110 2648 1156 2687 et
1185 2658 1420 2687 numerum
1452 2645 1706 2687 addendum
1739 2658 1840 2687 esse

318 2715 440 2755 coni.
459 2715 631 2756 Albert.
720 2718 788 2758 10.
809 2715 885 2758 καὶ
917 2716 1075 2757 addidi
1106 2719 1153 2757 et
1182 2719 1285 2769 post
1314 2713 1364 2758 δέ
1392 2717 1656 2770 interpunxi
1773 2717 1838 2758 11.
1917 2693 1943 2718 ῖς

320 2781 456 2834 ἥμιςυ
479 2784 590 2835 cod„
613 2785 751 2839 vulgo
869 2787 937 2829 12.
958 2783 1123 2837 ἄςιμον
1144 2785 1245 2827 οοᾶ.
1361 2787 1429 2829 13.
1449 2782 1654 2838 βραχίων
1685 2783 1838 2838 Solva„

315 2851 535 2905 βραχεῑον
567 2854 667 2894 cod.
813 2856 879 2899 18.
909 2853 1119 2908 προύχός
1151 2855 1267 2909 cod„
1298 2854 1453 2908 Solem„
1485 2853 1691 2907 πρόχους
1722 2855 1836 2896 Mus.
1920 2824 1930 2915 J

320 2923 389 2966 20.
421 2920 557 2972 πυγώ
581 2923 697 2976 cod.‚
720 2936 835 2968 corr.
850 2925 947 2967 Alb.
1067 2922 1324 2979 ὀλεκράνου
1346 2924 1462 2978 cod„
1482 2923 1604 2967 idem
1624 2938 1746 2968 vers.
1768 2925 1836 2968 24.
1917 2920 1923 2922 ”
