1946 3220
194 109 210 119 ”
272 132 318 170 ‘X
883 127 1202 164 PRAEFATIO.

276 244 450 290 editum
475 249 521 287 et
547 255 647 287 cum
675 240 932 286 Endlicheri
955 239 1074 285 libro
1100 206 1316 285 collatum
1345 239 1399 285 ab
1429 239 1598 293 Orellio
1627 243 1675 288 in
1701 230 1854 304 app
1891 229 1896 233 ⁵

275 315 333 359 ad
359 312 547 358 Phaedri
575 311 663 356 sab.
691 325 736 370 p.
763 309 861 355 241
891 315 1080 367 s.,tu1n
1109 308 1449 369 Sangallensem
1476 310 1577 357 817
1602 314 1750 374 nuper
1779 327 1826 359 a
1847 308 1849 312 ’

276 384 374 428 Car.
412 380 678 427 Schenkelio
714 380 926 425 collatum
964 378 1302 440 (Sitzunqsber.
1337 380 1382 425 d.
1419 379 1610 426 Wiener
1645 380 1839 428 Akad
1820 414 1858 446 ,5.,

283 452 416 498 1863
453 466 498 510 p.
528 449 593 496 56
623 465 683 495 ss.
689 447 729 510 );
781 450 858 495 scd
894 463 995 495 cum
1032 449 1227 495 viderem
1265 464 1345 495 eos
1379 449 1560 496 codices
1594 451 1718 497 nulla
1748 440 1834 516 ref
1844 463 1868 514 1,-

279 521 638 582 praestantiores
674 533 774 565 esse
815 519 1058 578 GudianiS,
1094 520 1221 565 nolui
1258 519 1347 566 hoc
1379 521 1695 580 supplemento
1729 502 1849 598 aii-'J

279 592 562 636 notationem
589 591 792 636 criticam
821 603 1011 635 onerare
1036 590 1179 649 magis
1207 604 1340 650 quam
1367 604 1540 636 ornare.
1758 623 1806 643 0.
1922 588 1939 611 ¹·

382 703 472 748 lam
509 717 616 748 vero
654 717 765 763 quas
806 702 930 761 leges
966 703 1012 746 in
1056 702 1332 747 recensendo
1376 701 1574 748 carmine
1621 689 1874 759 secutus-s*
1927 713 1941 742 τ*

275 775 390 832 sim,
439 772 634 818 breviter
679 786 913 832 exponam.
987 771 1147 817 Merito
1193 786 1329 832 supra
1372 773 1642 832 reprehendi
1682 773 1881 820 illius
1927 763 1942 801 ³?

276 842 451 889 librarii
488 843 564 903 qui
598 842 866 888 Bohiensem
900 842 1102 888 codicem
1150 843 1346 887 exaravit
1388 841 1724 902 neglegentiam
1760 849 1806 889 et
1843 829 1865 899 ‘s

282 914 570 973 imperitiam.
624 912 712 958 Sed
740 919 886 958 tamen
915 927 967 959 ea
997 914 1095 973 ipsa
1130 913 1388 972 ignorantia
1422 915 1638 958 maiorem
1665 912 1806 959 efficit
1864 908 1867 913 '

281 985 414 1028 huius
440 983 544 1028 libri
572 984 889 1029 auctoritatem
921 997 1053 1043 quam
1081 989 1336 1028 ceterorum
1363 982 1586 1036 omnium;
1629 997 1730 1030 nam
1761 985 1805 1028 in

276 1055 364 1099 hoc
399 1054 576 1113 quidem
607 1053 720 1098 nibil
747 1053 1009 1098 coniectura
1046 1054 1109 1097 ita
1134 1052 1418 1098 immutatum
1445 1059 1537 1109 est,
1573 1059 1622 1098 ut
1648 1053 1693 1098 id
1719 1067 1804 1114 pro
1860 1047 1885 1103 f
1935 1079 1937 1082 <

279 1137 383 1168 vero
412 1123 568 1167 haberi
594 1124 757 1182 possit.
809 1123 865 1167 Ut
889 1123 1068 1182 planius
1095 1122 1265 1178 dicam,
1291 1129 1368 1167 aut
1394 1123 1634 1185 genuinam
1664 1124 1806 1184 scrip-

280 1201 428 1238 turam
462 1193 679 1238 habemus
717 1193 761 1237 in
799 1192 1011 1238 Bobiensi
1048 1200 1126 1237 aut
1161 1206 1211 1237 ea
1250 1193 1409 1237 menda
1447 1207 1560 1252 quae
1594 1192 1804 1244 facillime
1849 1188 1874 1243 ,J

277 1270 631 1322 cognoscantur.
691 1263 810 1321 Ergo
843 1263 993 1323 quoad
1026 1262 1175 1322 aliqua
1211 1261 1458 1322 probabilis
1499 1263 1616 1308 ratio
1655 1262 1805 1308 afferri
1867 1272 1897 1319 j

278 1334 475 1394 poterit,
510 1341 588 1378 aut
624 1334 724 1393 ipsa
758 1333 995 1379 Bobiensis
1033 1335 1260 1392 scriptura
1297 1334 1384 1377 erit
1426 1333 1680 1397 sequenda,
1711 1340 1806 1392 aut,
1860 1331 1895 1358 θ’

278 1403 423 1449 sicubi
457 1417 552 1449 eam
580 1406 841 1463 corruptam
868 1417 968 1449 esse
995 1402 1257 1463 apparebit,
1282 1417 1348 1458 ¹ex
1376 1403 1446 1455 his
1476 1404 1588 1462 ipsis
1614 1417 1807 1462 corrup·

279 1472 396 1518 telae
424 1473 629 1532 vestigiis
667 1473 986 1519 elaborandum
1018 1481 1070 1518 ut
1098 1487 1199 1518 vera
1233 1472 1367 1517 lectio
1395 1474 1662 1518 inveniatur.
1695 1472 1806 1523 [Nec
1851 1464 1894 1487 ‘²
1918 1484 1923 1485 ⁷

276 1544 432 1604 priuS,
464 1557 600 1602 quam
627 1543 672 1587 id
698 1542 798 1588 fieri
826 1543 952 1588 nullo
979 1542 1116 1587 modo
1146 1542 1344 1602 poterit,
1371 1542 1724 1601 confugiendum
1751 1542 1805 1587 ad
1859 1542 1905 1584 .’

279 1613 581 1672 interpolatos
615 1613 818 1669 codices,
860 1627 1053 1672 quorum
1082 1614 1354 1671 scripturam
1378 1612 1636 1672 ubicunque
1661 1613 1805 1671 diver-

272 1697 371 1727 -sam
401 1696 424 1726 a
450 1682 658 1727 Bobiensi
693 1683 972 1742 recepimus,
1011 1695 1061 1728 ea
1100 1688 1221 1728 certe
1255 1681 1480 1727 dubitatio
1514 1682 1805 1742 relinquitur,
1860 1675 1901 1729 s-

278 1754 398 1797 sitne
424 1752 500 1797 illa
529 1766 631 1797 vera
659 1753 883 1812 scriptura
906 1767 1012 1798 casu
1040 1752 1233 1812 quodam
1262 1751 1380 1797 felici
1409 1759 1598 1809 servata,
1625 1767 1680 1798 an
1707 1759 1806 1798 orta

278 1822 432 1867 eadem
461 1835 512 1866 ex
529 1822 728 1867 hominis
750 1823 1031 1883 grammatici
1057 1821 1282 1882 probabili
1308 1824 1582 1867 coniectura.
1617 1824 1680 1868 Ac
1701 1837 1805 1868 vero
1871 1830 1879 1838 ·’
1933 1838 1935 1840 ·

277 1891 458 1952 saepius
495 1893 781 1938 coniecturas
821 1906 954 1952 quam
989 1893 1175 1952 antiqua
1199 1892 1333 1937 verba
1366 1894 1412 1936 in
1444 1892 1544 1937 istis
1572 1892 1805 1938 codicibus

283 1970 461 2007 exstare
489 1962 701 2007 arbitror.
758 1962 947 2022 Reliqua
973 1963 1336 2008 commodissime
1370 1963 1431 2007 ita
1466 1962 1804 2019 demonstrabo,
1865 1960 1868 1962 ’

280 2038 349 2090 ut,
377 2031 541 2091 quibus
567 2026 683 2078 locis
713 2031 766 2076 ab
793 2033 1047 2078 Endlicheri
1075 2033 1273 2078 editione
1299 2032 1610 2089 discesserim,
1647 2031 1806 2092 singil-
1876 2035 1906 2065 >³²

211 2159 217 2164 .
278 2101 404 2146 latim
437 2115 704 2161 proponam.
753 2102 826 2147 Vs.
857 2103 885 2148 7
911 2103 1063 2162 recepi
1091 2107 1285 2148 minora
1313 2115 1365 2146 ex
1389 2103 1454 2158 A,
1489 2095 1806 2161 quippequod

275 2171 439 2216 melius
487 2173 761 2231 respondeat
801 2173 946 2232 priori
981 2177 1141 2218 maius
1174 2186 1305 2232 quam
1341 2169 1570 2230 vulgatum
1604 2177 1803 2217 minuta.
1860 2203 1894 2234 K.
1932 2159 1935 2162 ⁵

276 2241 442 2286 Ibidem
479 2243 552 2286 m’l
576 2255 628 2286 ex
656 2242 812 2287 eodem
847 2242 1226 2305 libroxvidebatur
1251 2240 1537 2287 scribendum
1565 2255 1691 2299 esse,
1728 2242 1806 2286 sed

276 2353 376 2384 cum
405 2339 466 2384 ibi
493 2311 525 2382 vlt
551 2346 780 2385 exaratum
816 2354 917 2385 esse
951 2342 1270 2399 cognovissem
1303 2338 1447 2397 (Endl.
1475 2339 1615 2398 praes.
1643 2355 1686 2400 p.
1714 2339 1803 2398 Xl),

279 2423 368 2467 quo
403 2410 672 2470 compendio
708 2411 842 2455 etiam
876 2425 959 2470 pro
998 2411 1123 2456 nillil
1159 2410 1379 2455 festinans
1418 2408 1634 2455 librarius
1674 2410 1804 2455 facile

278 2478 344 2522 uti
378 2486 563 2539 posset,
602 2481 772 2525 servavi
807 2481 955 2538 nillil,
998 2481 1120 2540 quod
1157 2487 1281 2526 certe
1319 2487 1388 2524 est
1430 2492 1619 2525 numero
1653 2479 1804 2540 aptifis

278 2546 341 2604 (et
368 2549 487 2594 cons.
511 2565 574 2594 vs.
599 2547 733 2612 188).
759 2576 831 2585 ——
860 2551 938 2596 11.
963 2564 1020 2594 ve
1042 2551 1159 2612 apud
1177 2549 1490 2595 Endlicherum
1517 2564 1540 2594 a
1569 2551 1803 2610 typotheta

278 2624 479 2662 erratum
518 2633 618 2665 esse
658 2620 800 2666 videri
835 2627 960 2666 recte
998 2621 1158 2667 scribit
1197 2618 1491 2665 Schenkelius
1527 2620 1556 2664 l.
1589 2634 1627 2665 c.
1663 2635 1706 2680 p.
1738 2620 1800 2666 61

278 2685 403 2738 adn.;
432 2701 516 2732 nos
542 2691 619 2734 vel
642 2690 862 2735 edidimus
894 2705 946 2735 ex
965 2692 1017 2736 A.
1069 2690 1347 2750 Scripturam
1375 2690 1513 2733 lentis
1539 2697 1804 2750 verqantur

277 2759 329 2799 in
354 2763 477 2812 octo,
507 2772 639 2816 quam
667 2760 807 2805 altera
835 2760 1041 2806 codicum
1063 2761 1230 2805 familia
1256 2758 1410 2816 habet,
1432 2757 1652 2804 Christius
1673 2759 1801 2817 (Mus.

277 2823 418 2871 Rhen.
444 2825 517 2869 XX
543 2842 587 2886 p.
619 2828 702 2887 71)
730 2837 875 2875 ortam
903 2845 1002 2876 esse
1028 2832 1286 2890 suspicatur
1320 2843 1373 2874 ex
1409 2829 1609 2873 lentisve
1640 2843 1803 2889 yrana

276 2902 351 2940 ter
381 2901 504 2939 οοιο.
531 2921 601 2928 —
632 2897 712 2942 17.
745 2900 995 2959 draqmam
1020 2907 1061 2946 et
1091 2902 1154 2946 sic
1180 2913 1263 2960 per
1289 2914 1318 2958 9
1343 2912 1394 2943 ea
1418 2911 1502 2943 vox
1535 2899 1704 2959 ubique
1738 2899 1803 2944 le·
1868 2881 1907 2915 ‘7'
