1946 3220
297 185 367 238 30
822 196 1214 232 PROLEGOMENA
1253 198 1308 232 m

298 317 415 361 rium
451 328 542 358 non
580 311 725 357 solum
761 309 1050 357 duodenariis
1081 309 1398 371 partibuS,·ut
1420 309 1558 370 vulgo
1583 310 1680 357 fieri
1706 310 1824 358 sole·

298 380 455 443 bat¹³),
488 382 565 428 sed
594 381 858 427 continuata
885 380 1000 426 assis
1028 380 1348 426 distributione
1375 381 1566 433 eundem
1592 395 1738 442 usque
1769 382 1823 428 ad

299 453 545 514 scripulum
573 451 720 510 dividi.
767 448 889 505 Quae
913 450 1158 511 descriptio
1185 464 1293 497 num
1319 450 1494 511 vulgari
1519 451 1565 496 in
1591 465 1679 497 usu
1705 451 1824 512 apud

296 524 526 569 Romanos
554 521 754 568 medicos
779 521 945 580 fuerit,
972 533 1057 581 ego
1084 521 1158 567 hic
1183 521 1435 581 disquirere
1461 521 1593 567 nolo:
1621 523 1730 567 satis
1756 528 1826 566 est

298 595 635 639 demonstrasse
668 605 765 638 eam
803 591 1023 637 diversam
1067 604 1166 638 esse
1199 606 1222 637 a
1255 590 1387 637 bonis
1426 591 1517 636 illis
1561 591 1824 638 auctoribus

299 665 375 724 qui
407 662 601 709 Graecas
631 661 832 719 tabum,
870 661 949 708 sed
978 675 1053 708 eas
1083 662 1205 723 ipsas
1234 661 1424 708 maxime
1449 661 1752 708 Romanorum
1779 663 1824 706 in

295 747 456 792 usum,
489 738 860 794 composuerunt.
1284 791 1287 793 μ

402 803 647 864 Postquam
671 809 809 863 poeta
837 802 891 848 de
915 803 985 848 his
1011 803 1206 848 minimis
1235 802 1416 847 sextarii
1444 801 1649 862 partibus
1677 802 1827 848 absol-

297 875 387 931 vit,
418 881 514 920 tres
538 887 774 919 mensuras
802 873 1016 933 amphora
1043 874 1236 919 maiores
1263 873 1484 932 adiungit,
1510 873 1706 918 Atticum
1734 886 1825 917 me·

300 952 486 1004 tretam‚
526 958 659 1004 quem
695 946 793 1004 ipse
832 943 1026 990 Atticam
1061 943 1320 1004 amphoram
1361 944 1453 988 sive
1499 942 1657 988 cadum
1697 942 1822 1000 dicit,

298 1022 392 1060 tum
429 1014 651 1074 culleum,
687 1015 923 1060 maximam
957 1014 1264 1060 Romanorum
1302 1026 1583 1069 mensuram,
1630 1013 1825 1073 denique

298 1085 497 1131 artabam
515 1086 788 1146 Aegyptiam
815 1083 938 1130 illam
970 1098 1102 1145 quam
1130 1085 1330 1143 scriptor
1363 1078 1483 1142 περὶ
1509 1079 1716 1142 μέτρων
1745 1085 1826 1128 tri-

296 1155 382 1201 hus
408 1156 572 1202 modiis
599 1169 699 1201 cum
735 1155 902 1200 triente
937 1153 1095 1201 definit
1128 1154 1160 1214 (I
1186 1168 1232 1214 p.
1261 1153 1324 1200 62
1356 1168 1390 1198 s.
1426 1153 1557 1211 258,
1584 1152 1694 1211 2Ο);
1742 1159 1825 1199 nec

298 1224 430 1271 aliter
455 1226 530 1272 hic
555 1231 714 1286 poeta:
757 1225 959 1271 artabae
983 1225 1137 1272 modii
1160 1230 1376 1284 superest
1399 1238 1520 1283 pars
1548 1228 1696 1270 tertia
1719 1230 1827 1282 post

299 1303 398 1341 tres
424 1295 617 1355 (modios
645 1291 850 1357 scilicet).
1144 1345 1147 1349 ,

406 1368 516 1412 Tum
542 1366 729 1427 perinde
756 1372 892 1426 atque
923 1368 968 1411 in
996 1365 1176 1412 Graecis
1212 1363 1377 1411 tabulis
1411 1364 1645 1426 plerisque
1675 1364 1827 1428 sequi·

301 1445 376 1483 tur
417 1440 695 1498 comparatio
731 1436 947 1496 ponderis
990 1437 1216 1482 variorum
1260 1435 1490 1496 liquorum
1527 1431 1606 1493 (vs.
1637 1435 1698 1481 91
1731 1433 1825 1493 Ss.).

283 1507 380 1553 rUbi
406 1507 609 1553 videmus
633 1513 817 1567 poetam
839 1520 934 1552 eam
962 1507 1182 1553 rationem
1208 1512 1414 1552 secutum
1444 1503 1543 1551 esse
1570 1517 1710 1565 quam.
1729 1504 1826 1549 Ori-

297 1578 453 1623 basius
482 1584 527 1622 et
554 1577 838 1623 Dioscorides
870 1577 1151 1622 tradiderunt
1180 1573 1239 1637 (p.
1266 1576 1381 1623 101.
1414 1575 1531 1632 224,
1555 1575 1601 1621 7.
1629 1574 1732 1622 240
1752 1573 1824 1633 s),

300 1663 390 1708 qua
426 1647 603 1707 quidem
639 1660 781 1707 aquae
810 1647 878 1692 vel
914 1648 1003 1692 vini
1041 1648 1262 1692 sextarius
1289 1645 1426 1691 habet
1452 1647 1605 1691 uncias
1634 1645 1707 1690 XX
1734 1644 1826 1690 sive

298 1718 456 1763 libram
495 1731 596 1764 cum
644 1716 803 1775 besse,
854 1717 942 1762 olei
987 1717 1143 1763 uncias
1182 1716 1310 1761 XVIII
1355 1717 1447 1762 sive
1491 1714 1826 1776 sesquilibram,

298 1787 443 1833 mellis
471 1790 624 1834 uncias
648 1787 758 1832 XXX
787 1788 877 1833 sive
915 1787 1054 1832 libras
1089 1786 1185 1833 115.
1237 1786 1488 1832 Prudenter
1516 1793 1665 1832 autem
1691 1791 1826 1846 poeta

297 1858 419 1903 addit
444 1871 534 1904 non
561 1857 694 1918 plane
722 1857 838 1903 idem
865 1870 964 1902 esse
992 1871 1133 1917 aquae
1164 1863 1208 1902 et
1226 1857 1315 1902 vini
1337 1857 1533 1917 pondus,
1563 1856 1638 1902 sed
1660 1854 1826 1902 multas

299 1941 400 1974 esse
425 1941 508 1988 pro
537 1926 802 1988 regionibus
829 1927 1137 1988 locorumque
1164 1934 1324 1979 natura
1350 1927 1643 1973 differentias.
1697 1925 1825 1980 Quod

298 2006 615 2058 argumentum
652 2005 704 2044 ut
741 1999 936 2060 primum
969 1998 1147 2058 attigit,
1189 1997 1241 2043 ad
1276 1997 1483 2054 latiorem
1521 1998 1620 2043 eius
1656 1998 1722 2042 rei
1752 1996 1826 2041 de—

299 2070 674 2114 monstrationem
713 2082 760 2114 se
798 2070 1023 2115 convertit
1061 2082 1293 2129 porroque
1330 2068 1383 2113 ad
1420 2066 1505 2113 alia
1542 2067 1824 2127 perducitur,

300 2152 412 2199 quae
451 2153 551 2185 cum
588 2138 723 2198 plane
761 2141 1020 2199 pertineant
1056 2139 1109 2184 ad
1142 2138 1392 2184 doctrinam
1443 2137 1701 2197 physicam,
1738 2136 1825 2182 hoc

298 2210 402 2255 loco
426 2209 640 2269 explicari
666 2223 755 2255 non
777 2217 996 2270 possunt;
1027 2209 1103 2254 sed
1122 2208 1318 2254 breviter
1344 2214 1492 2253 tamen
1521 2220 1824 2253 commemoro

299 2282 429 2325 istam
460 2279 646 2325 alteram
675 2280 883 2326 carminis
910 2285 1086 2340 partem
1122 2293 1173 2324 ea
1199 2278 1387 2323 maxime
1413 2278 1466 2323 de
1497 2291 1630 2324 causa
1658 2291 1825 2323 memo·

300 2349 485 2396 rabilem
513 2363 638 2408 esse,
667 2350 787 2410 quod
818 2350 949 2407 inde,
990 2356 1207 2409 quantum
1234 2348 1421 2395 Romani
1452 2347 1610 2393 medici
1640 2348 1685 2392 in
1712 2347 1825 2408 phy·

302 2421 405 2466 sicis
433 2420 770 2481 processerint,
798 2420 1013 2480 cognosci
1039 2426 1209 2480 potest.

404 2491 641 2536 Postremo
683 2497 826 2537 restat
869 2498 920 2536 ut
961 2491 1015 2536 de
1048 2497 1194 2536 aetate
1230 2490 1366 2536 huius
1403 2489 1522 2535 docti
1574 2495 1736 2549 poetae
1772 2501 1823 2533 ea

302 2567 561 2620 repetamus
590 2574 703 2622 quae
733 2560 1000 2607 Schenkelio
1029 2567 1074 2606 et
1101 2560 1296 2606 Christio
1335 2562 1427 2605 visa
1459 2566 1590 2617 sunt,
1633 2571 1823 2618 quorum

303 2629 413 2674 alter
453 2630 633 2678 saeculo
674 2638 837 2692 quarto
875 2638 1065 2677 exeunte
1107 2630 1176 2677 vel
1214 2631 1371 2691 quinto
1418 2630 1602 2674 ineunte
1645 2641 1823 2674 carmen

303 2699 521 2759 scriptum
562 2716 661 2748 esse
700 2703 921 2761 coniecit,
967 2700 1082 2747 alter
1125 2701 1237 2746 idem
1281 2701 1334 2746 ad
1378 2701 1559 2746 tertium
1597 2696 1823 2743 saeculum

301 2769 658 2831 Diocletianique
710 2780 912 2834 tempora
971 2772 1197 2818 revocavit
1220 2767 1284 2834 14).
1366 2772 1428 2816 Ac
1480 2769 1587 2814 mihi
1643 2768 1822 2827 quidem

417 2877 487 2929 13)
520 2879 634 2919 Vide
666 2885 867 2921 nostram
898 2881 1216 2934 metrologiam
1247 2893 1290 2932 p.
1325 2880 1393 2921 92.

301 2988 384 3029 XX
416 2932 822 3041 1124)7(S)>·‹3henkelius
854 2937 884 2976 1.
921 2950 956 2979 c.
988 2952 1031 2990 p.
1064 2939 1139 2989 60,
1181 2935 1405 2977 Christius
1443 2934 1490 2973 in
1530 2933 1646 2974 Mus.
1678 2932 1822 2974 Rhen.
