1946 3220
549 113 871 149 SCRIPTORES
908 114 1164 149 GRAncos.
1515 98 1615 152 103

86 242 191 276 cum
225 228 280 275 ad
314 228 525 274 decimam
560 227 758 274 tabulam
791 229 1160 288 pervenerimuS‚
1199 227 1438 274 afferemus
1475 228 1523 288 (S
1559 233 1614 274 82

10 290 14 294 ⁴
86 300 193 346 adn.
225 298 282 359 1).

492 422 557 462 De
587 423 697 461 mina
727 421 885 461 Italica
914 421 1214 474 sesquilibrali.

196 509 364 565 Quarta
400 509 652 570 ponderum
689 515 735 554 et
767 522 1078 555 mensurarum
1103 508 1255 556 tabula
1290 506 1398 571 (sive
1427 510 1609 558 Charte-
1639 504 1698 554 61

0 565 14 642 ξ’
86 581 263 627 rianum
298 588 435 642 caput
458 578 529 638 IX)
558 579 670 625 duas
705 579 842 625 hahet
869 587 1051 640 partes,
1088 594 1278 641 quarum
1306 581 1350 626 in
1377 582 1531 643 priore
1559 581 1615 627 de

0 682 5 685 „
87 651 366 712 ponderibus
411 651 569 697 eodem
611 649 708 696 sere
751 650 885 696 modo
924 665 1015 711 quo
1057 650 1102 695 in
1137 651 1282 712 prima
1327 653 1612 712 expositione

0 759 4 764 .
86 720 206 782 (cap.
230 721 301 781 ΙΙΙ)
325 722 491 781 agitur.

0 833 2 837 .
190 792 270 838 Hic
303 794 498 852 primum
532 788 850 852 disputandum
877 797 947 837 est
985 791 1040 837 de
1075 790 1195 837 mina
1223 789 1302 838 illa
1333 790 1485 838 Italica
1520 806 1613 838 ses-

0 922 4 927 ,
85 861 340 923 quilibrali‚
373 862 501 908 cuius
536 864 622 908 iam
655 862 724 907 his
763 861 810 906 in
839 861 1154 922 superioribus
1184 862 1302 908 sacta
1336 869 1405 908 est
1439 863 1611 908 mentio

85 932 202 993 (cap.
230 933 328 991 vn,
361 935 428 977 11.
456 932 572 991 vm,
599 932 686 991 10).
735 932 794 977 Ea
819 932 885 978 sic
911 931 1150 978 definitur:
1190 927 1222 991 ἡ
1247 931 1352 992 μνᾶ
1385 927 1523 992 πρὸ(
1548 930 1612 981 τὸ

0 1007 2 1059 J
83 998 336 1051 Ἰταλικὸν
364 997 472 1063 ἔχει
498 998 735 1063 δραχμὰς
762 995 894 1062 puis,
930 1009 975 1049 et
999 1017 1163 1064 porro:
1205 997 1338 1052 ὥετε
1362 999 1459 1063 τὴν
1487 999 1612 1051 Ἰτα·

0 1068 4 1115 ἶ
85 1070 236 1134 λικὴν
265 1071 403 1133 μνᾶν
431 1068 569 1122 εἶναι
594 1068 640 1120 λι
671 1063 720 1120 α’
747 1068 994 1133 ἡμίεειαν.
1048 1073 1157 1120 Item
1199 1076 1399 1135 scriptor
1434 1074 1613 1120 tabulae

8 1156 12 1157 ⁷
84 1144 399 1191 Dioscorideac
435 1144 572 1204 (XIV,
615 1143 683 1204 8):
730 1139 762 1203 ἡ
809 1141 913 1203 μνᾶ
945 1169 1017 1178 -
1054 1140 1188 1192 κατὰ
1230 1142 1327 1205 τὴν
1356 1140 1611 1205 Ἰταλικὴν

86 1211 292 1276 (χρῆειν
341 1210 471 1278 ἔχει)
506 1212 546 1264 [ἔ
581 1208 663 1274 ιη’,
712 1211 948 1263 τουτέετι
982 1209 1165 1274 λίτραν
1192 1210 1322 1274 ’μίαν
1358 1211 1612 1275 ἡμίεειαν,

87 1282 122 1348 <
149 1282 208 1333 δὲ
240 1276 366 1345 ρμδ’.
414 1287 505 1331 lam
529 1286 724 1346 primum
751 1285 1042 1332 recordemur
1066 1288 1260 1332 Atticam
1284 1288 1449 1332 minam
1472 1286 1613 1332 fuisse

86 1356 178 1401 XVI
203 1356 465 1415 unciarum,
494 1363 590 1401 tum
617 1356 860 1401 Romanam
891 1355 1040 1415 illam,
1071 1370 1185 1416 quae
1212 1370 1236 1401 e
1259 1356 1612 1416 centumpondio

86 1426 204 1472 facta
237 1433 333 1485 est,
369 1425 582 1472 habuisse
608 1427 763 1472 uncias
789 1426 862 1472 XX
891 1427 1046 1486 (supra
1073 1425 1102 1484 S
1129 1430 1180 1469 51
1216 1426 1370 1485 extr.):
1406 1427 1495 1472 iam
1525 1426 1613 1473 hoc

83 1496 188 1543 Ioco
221 1499 353 1543 tertia
379 1497 594 1557 quaedam
616 1497 814 1555 additur,
843 1511 976 1557 quac⁷
1005 1510 1107 1542 cum
1127 1497 1256 1541 XVIII
1278 1498 1511 1542 unciarum
1534 1497 1612 1555 sit,

86 1568 236 1628 ipsum
273 1567 470 1613 medium
502 1566 653 1613 locum
694 1569 814 1612 inter
842 1568 1037 1613 Atticam
1073 1574 1118 1612 et
1142 1567 1385 1613 Romanam
1420 1566 1610 1613 obtinet.

84 1636 231 1693 Quid?
278 1645 508 1684 tantamne
547 1638 772 1683 minarum
807 1638 1068 1683 varietatem
1102 1637 1149 1683 in
1182 1637 1384 1685 Romano
1422 1637 1611 1698 imperio

86 1708 260 1755 fuisse?
310 1708 448 1754 lmmo
483 1709 615 1754 etiam
642 1707 787 1754 multo
813 1708 967 1769 plures
994 1709 1140 1754 minae
1176 1708 1377 1754 fuerunt.
1427 1708 1514 1754 Sed
1539 1710 1614 1756 hic

85 1779 141 1825 de
177 1780 232 1825 iis
259 1784 431 1825 tantum
455 1779 695 1831 dicendum
721 1778 888 1838 quibus
911 1780 952 1823 in
980 1778 1106 1824 Italia
1135 1777 1392 1825 utebantur.
1448 1779 1611 1840 Ingens

0 1842 4 1847 ’
86 1849 339 1910 ponderum
363 1849 623 1895 Italicorum
652 1849 897 1894 multitudo
934 1848 988 1893 ad
1020 1855 1178 1894 nostra
1206 1855 1411 1909 tempora
1436 1856 1612 1905 servata

85 1926 175 1978 est,
197 1934 287 1979 quo
314 1934 337 1965 e
365 1933 553 1966 numero
579 1919 771 1965 ducenta
797 1919 892 1964 sere
907 1918 1158 1964 Boeckhius
1181 1919 1227 1964 in
1251 1933 1342 1965 uno
1362 1926 1611 1980 conspectu

87 1985 390 2050 proposuit¹).
440 1989 502 2035 Ex
542 1990 612 2035 his
651 1990 869 2049 pleraque
907 1989 960 2034 ad
993 1989 1136 2049 ipsam
1166 1989 1410 2035 Romanam
1449 1990 1609 2036 libram

87 2066 243 2106 exacta
272 2074 373 2106 esse
407 2066 452 2105 et
481 2075 564 2122 per
594 2074 641 2105 se
667 2067 1023 2106 consentaneum
1050 2065 1120 2104 est
1147 2066 1192 2105 et
1227 2058 1411 2106 calculis
1443 2060 1612 2107 subdu-

85 2130 175 2176 ctis
201 2130 341 2183 ,saoile
380 2137 582 2191 apparet.
636 2130 721 2176 Sed
758 2130 954 2176 dubitari
992 2144 1084 2175 non
1118 2136 1300 2190 potest,
1334 2130 1440 2191 quin
1477 2132 1610 2176 etiam

87 2201 310 2246 minarum
345 2201 547 2261 pondera
580 2201 625 2246 in
664 2199 741 2246 illa
766 2200 1054 2246 multitudine
1084 2201 1385 2260 reperiantur.
1440 2200 1497 2246 Ut
1520 2200 1609 2246 duo

88 2270 437 2317 Herculanensia
471 2271 674 2332 pondera
700 2286 724 2317 a
748 2270 949 2332 Bayardo
978 2271 1206 2330 descripta
1240 2271 1295 2316 ad
1326 2272 1468 2331 ipsam
1495 2270 1613 2315 Atti-

10 2358 13 2359 ’
87 2355 185 2386 cam
219 2343 383 2387 minam
424 2348 576 2387 exacta
611 2338 789 2400 sunt2),
826 2355 940 2402 quae
975 2355 1063 2401 ego
1098 2341 1460 2401 pharmaceutica
1498 2354 1612 2400 pon-

88 2411 196 2456 dera
231 2411 373 2456 fuisse
410 2412 632 2457 existimo.
698 2411 813 2457 Sunt
853 2425 959 2456 vero
995 2412 1128 2456 etiam
1165 2410 1278 2467 alia,
1314 2410 1431 2455 unde
1466 2409 1613 2454 maior

88 2481 207 2526 mina
231 2488 552 2541 cognoscatur.
602 2483 662 2528 De
688 2481 852 2542 quibus
872 2482 1139 2542 priusquam
1165 2478 1611 2539 singillatimssdicam,

202 2742 251 2796 2)
281 2744 545 2784 Afferuntur
582 2744 700 2784 haec
738 2743 941 2796 pondera.
972 2755 1000 2782 a
1029 2741 1267 2783 Boeckhio
1306 2756 1350 2796 p.
1383 2744 1463 2784 183
1496 2746 1609 2783 extr.

89 2797 296 2840 Alterum
328 2801 489 2853 pendit
525 2813 713 2853 gramm.
743 2801 850 2849 424,
892 2798 1086 2839 alterum
1114 2800 1213 2840 452.
1274 2800 1375 2840 Fac
1414 2798 1611 2839 medium

92 2867 148 2895 ex
178 2855 374 2897 duobus:
406 2856 552 2897 habes
584 2869 769 2909 gramm.
790 2856 890 2907 438,
920 2854 964 2895 h.
990 2868 1030 2896 e.
1062 2857 1211 2909 ipsum
1241 2855 1426 2896 Atticae
1457 2855 1610 2895 minae

90 2911 188 2952 sive
218 2912 325 2953 XVI
353 2913 592 2953 unciarum
623 2912 811 2966 pondus.
