1946 3220
338 164 440 216 142
858 175 1248 212 PROLEGOMENA
1270 175 1327 210 m

335 301 539 341 exstante
565 292 626 353 (p.
655 290 909 349 178-81)‚
946 303 1034 350 qua
1059 303 1112 334 ex
1140 288 1369 348 farragine
1391 301 1478 349 ego
1503 288 1616 334 nihil
1639 289 1728 334 nisi
1753 302 1858 338 eum
1893 293 1946 351 '-:‘{³

333 365 484 412 locum
517 362 745 422 excerpsi,
770 360 849 406 ubi
876 373 1038 405 rursus
1064 360 1119 405 de
1143 359 1296 405 modio
1320 360 1472 419 agitur
1499 357 1604 421 (10).

439 434 530 479 Hac
566 433 849 492 digressione
885 429 1013 475 finita
1046 431 1246 490 scriptor
1279 429 1332 475 ad
1362 443 1600 475 mensuras
1625 428 1857 490 explicari·

331 505 409 549 das
434 503 564 548 redit.
619 501 705 547 Sed
730 503 818 547 iam
852 501 982 547 illum
1008 502 1086 561 qui
1122 501 1169 545 in
1202 501 1318 546 hanc
1343 514 1458 561 quae
1483 499 1618 546 nobis
1643 501 1691 545 in
1716 502 1856 547 mani·

327 573 413 618 bus
441 579 511 618 est
534 573 727 618 formam
754 573 1001 632 genuinum
1026 585 1144 632 opus
1164 570 1344 631 redegit
1371 571 1575 617 videmus
1601 572 1647 616 in
1672 570 1856 617 brevius
1920 563 1933 625 ᾖ

330 644 480 689 omnia
513 644 811 689 contraxisse.
873 642 1112 688 Praeterea
1150 642 1318 687 mirum
1352 641 1564 702 quiddam
1597 640 1855 701 legentibus
1923 662 1946 702 :32

329 714 544 760 occurrit.
617 713 940 774 comparantes
991 713 1125 759 enim,
1169 725 1266 757 eam
1315 711 1514 757 tabulam
1566 713 1855 758 summariam

327 797 462 844 quam
499 785 632 830 initio
668 784 962 844 praemissam
999 796 1099 828 esse
1132 782 1223 828 dixi
1250 781 1310 841 (3)
1339 795 1495 828 omnes
1521 781 1703 843 quidem
1731 795 1856 828 men·
1917 814 1934 837 .3

326 868 457 900 suras
484 868 600 916 quae
625 854 719 901 illic
754 854 1007 900 afferuntur
1029 859 1192 914 postea
1216 853 1377 899 eodem
1402 852 1498 899 sere
1529 853 1689 899 ordine
1714 851 1856 913 expli·

325 925 418 970 cari
442 925 643 971 videmus
675 921 734 986 (p.
756 924 1011 983 181—84),
1045 924 1124 970 sed
1147 929 1256 985 post
1281 923 1496 984 congium
1521 922 1612 983 (29)
1640 923 1855 969 omissam

324 1008 427 1040 esse
447 990 678 1055 (τάμνον
703 993 928 1056 χρυεῆν,
966 996 1157 1056 eiusque
1191 995 1294 1042 loco
1327 994 1613 1040 interiectam
1648 1007 1750 1040 esse
1781 1007 1855 1039 ex·
1940 1048 1946 1060 .

323 1065 598 1126 positionem
643 1066 698 1112 de
734 1065 1014 1127 ponderibus
1049 1072 1096 1111 et
1136 1066 1332 1111 nummis
1373 1063 1618 1124 (aci—49),
1661 1064 1854 1124 denique

324 1136 522 1182 reditum
556 1135 655 1182 fieri
691 1137 746 1182 ad
789 1150 863 1182 eas
907 1149 1145 1182 mensuras
1190 1150 1306 1197 quae
1347 1141 1524 1182 restant
1567 1135 1854 1195 explicandas

322 1204 540 1265 (30—33)
575 1220 771 1267 eumque
805 1221 907 1253 esse
943 1206 1078 1252 finem
1119 1207 1263 1252 totius
1298 1205 1457 1253 libelli.
1511 1204 1634 1260 Quae
1657 1219 1760 1251 cum
1789 1206 1854 1250 ita

323 1277 440 1334 sint,
468 1291 577 1322 num
602 1279 812 1338 cuiquam
838 1277 1025 1324 dubium
1053 1290 1155 1323 esse
1180 1282 1360 1338 potest,
1398 1276 1508 1337 quin
1541 1275 1652 1322 haec
1690 1275 1750 1321 sit
1784 1276 1854 1320 in·
1931 1327 1933 1329 ,

322 1347 548 1407 terpolata
584 1349 736 1408 operis
771 1348 945 1406 forma,
983 1361 1077 1394 non
1114 1347 1344 1407 genuina?
1404 1345 1767 1407 Sane‘quidem‚
1805 1344 1854 1390 id

324 1418 444 1477 quod
489 1432 543 1463 ex
580 1418 878 1479 inscriptione
915 1413 1037 1478 περὶ
1071 1413 1280 1479 μέτρων
1315 1412 1401 1465 καὶ
1436 1413 1734 1476 Εταθμῶν
1774 1430 1853 1462 co·

325 1490 587 1546 gnoscitur‚
626 1489 758 1535 locus
785 1489 839 1534 de
865 1488 1148 1549 ponderibus
1179 1495 1225 1534 et
1250 1488 1447 1534 nummis
1487 1501 1593 1548 pars
1628 1487 1717 1533 fuit
1747 1486 1853 1546 Epi·

321 1558 475 1618 phanii
499 1558 670 1615 libelli3
708 1559 788 1604 sed
817 1565 969 1604 tamen
1003 1558 1102 1619 ipse
1139 1560 1338 1619 scriptor
1362 1572 1456 1604 non
1484 1558 1637 1619 potuit
1673 1571 1726 1603 ea
1758 1563 1851 1602 tam

322 1627 475 1688 inepte
501 1630 622 1674 inter
647 1629 818 1675 medias
842 1643 1079 1676 mensuras
1106 1628 1349 1676 inculcare.

650 1781 716 1821 De
747 1782 844 1820 aliis
874 1781 1003 1821 libelli
1031 1776 1327 1833 Epiphaniani
1350 1780 1517 1832 formis.

232 1863 296 1913 88
423 1866 581 1913 Adhuc
606 1867 661 1913 de
698 1869 963 1929 integritate
998 1867 1142 1914 libelli
1172 1866 1469 1928 Epiphaniani
1505 1872 1772 1927 quaerentes
1799 1879 1851 1912 ea

316 1937 508 1996 vestigia
536 1939 680 1984 secuti
708 1953 865 1984 sumus
892 1952 1006 1999 quae
1032 1940 1079 1983 in
1104 1940 1206 2001 ipsa
1230 1939 1402 1984 Petavii
1428 1937 1628 1983 editione
1657 1941 1847 1982 exstant.

318 2005 405 2052 Sed
430 2007 597 2053 clarior
621 2010 756 2055 etiam
782 2008 859 2054 lux
879 2009 946 2054 rei
965 2009 1152 2055 affertur
1178 2022 1203 2054 6
1226 2010 1456 2054 variorum
1482 2007 1689 2053 codicum
1712 2007 1848 2052 manu

319 2078 598 2137 scriptorum
628 2081 981 2140 comparatione.
1039 2078 1133 2134 Qua
1160 2079 1214 2124 de
1240 2093 1289 2124 re
1317 2078 1405 2123 iam
1435 2077 1679 2124 Salmasius
1710 2090 1848 2137 quae-

319 2146 420 2191 dam
455 2156 885 2195 commemoraverat
900 2143 950 2208 ¹),
979 2149 1190 2209 idemque
1218 2148 1463 2194 nonnullos
1488 2148 1615 2194 locos
1641 2147 1847 2193 emenda-

317 2216 408 2262 tius
448 2218 649 2264 ediderat
696 2234 830 2280 quam
879 2220 998 2280 apud
1034 2220 1266 2265 Petavium
1308 2218 1526 2279 leguntur
1537 2215 1587 2276 2).
1654 2217 1845 2263 Omnino

429 2413 470 2462 1)
501 2412 555 2453 V.
587 2412 745 2453 Refut.
777 2426 820 2466 p.
849 2414 927 2453 45:
961 2426 1057 2452 nam
1085 2412 1162 2453 sub
1194 2413 1375 2453 diversis
1406 2413 1537 2452 titulis
1566 2411 1672 2451 haec
1702 2412 1845 2451 conci-

313 2468 486 2518 piantur
514 2470 559 2509 in
587 2469 798 2511 veteribus
827 2469 946 2509 libris
976 2482 1027 2509 ae
1057 2471 1101 2509 in
1129 2471 1324 2510 versione
1353 2469 1551 2522 antiqua,
1588 2468 1668 2508 Izoe
1695 2468 1844 2508 modo:

316 2524 367 2562 de
398 2527 634 2578 amenteis,
675 2527 728 2566 de
759 2527 952 2577 nummis,
993 2527 1046 2566 cle
1076 2525 1424 2585 milliarepsibus,
1463 2526 1517 2566 de
1550 2522 1661 2575 folli-
1722 2523 1842 2567 Ibid.

317 2591 358 2629 p.
379 2580 455 2618 49:
488 2582 575 2621 vidi
597 2585 746 2634 plures
774 2595 896 2622 manu
915 2583 1102 2634 scriptos
1132 2583 1313 2630 codices,
1346 2583 1418 2636 qui
1444 2579 1519 2622 sub
1550 2580 1712 2620 nomine
1733 2579 1842 2631 Epi-

312 2634 462 2684 pltanz‘i
490 2641 714 2679 tractatum
743 2640 854 2679 illum
885 2639 936 2679 de
965 2639 1227 2691 ponderibus
1257 2660 1311 2666 —
1341 2638 1517 2678 seorsim
1555 2635 1841 2676 continebant.

428 2690 471 2741 2)
505 2692 705 2733 Primum
733 2695 878 2735 verba
907 2699 1094 2736 nostrae
1128 2695 1344 2736 editionis
1375 2695 1399 2744 ξ
1431 2693 1486 2734 34
1516 2704 1552 2733 s.
1585 2691 1840 2732 Salmasius

317 2743 497 2787 Confut.
528 2760 571 2799 p.
604 2751 657 2788 96
689 2749 824 2790 affert
852 2751 921 2791 ita
950 2755 1000 2792 ut
1031 2751 1152 2804 apud
1188 2750 1432 2791 Petavium
1470 2748 1707 2801 leguntur;
1746 2750 1842 2788 tum

315 2813 421 2841 vero
454 2802 614 2842 eadem
652 2805 719 2845 sie
760 2807 995 2847 emendat:
1038 2804 1310 2858 ἑξακιεχίλια
1339 2803 1490 2847 λεπτὰ
1519 2802 1780 2857 ταλάντου,
1811 2801 1842 2843 ἃ

315 2855 466 2897 λεπτὰ
497 2858 705 2899 καλεῖται
735 2859 940 2913 ἀεεάρια,
973 2862 1203 2915 ἑξήκοντα
1233 2861 1283 2904 δὲ
1312 2858 1541 2913 ἀεεαρίων
1561 2857 1759 2911 ὑπάρχει
1780 2858 1839 2900 τὸ

314 2911 549 2965 δηνάριον.
608 2909 648 2965 ρ’
678 2914 726 2954 δὲ
756 2915 993 2967 δηναρίων
1023 2918 1234 2971 ὑπῆρχεν
1266 2918 1292 2960 ὁ
1323 2917 1566 2971 ἀργυροῦς.
1604 2914 1839 2967 ἀργυροῦς

315 2967 364 3009 δὲ
402 2967 623 3022 ἐτυπώθη
666 2969 751 3011 ἀπ’
784 2971 925 3023 ἀρχῆς
967 2973 1023 3014 τὸ
1069 2975 1278 3027 νόμιεμα.
1349 2975 1478 3025 Quae
1526 2973 1707 3026 quidem
1746 2984 1837 3013 non
