1946 3220
115 137 216 211 [54]
533 175 539 182 -
559 155 710 191 omns
747 156 816 191 Ac
852 154 1205 191 PoNnEmBus.
1539 138 1647 193 223

221 263 266 316 8.
306 263 365 318 ‘O
401 263 461 317 δὲ
494 261 690 317 κύαθος
728 263 837 329 ἔχει
871 264 1040 331 χήμας
1074 263 1256 330 μικράς
1296 264 1415 330 ἤτοι
1449 263 1649 332 μύςτρα

114 347 269 414 μικρὰ
297 346 354 414 β’.

224 431 270 485 9.
309 433 362 487 Εἰ
388 433 448 487 δὲ
473 431 694 500 βούλοιο
728 431 812 486 καὶ
836 432 932 488 τὸν
959 432 1185 499 ςταθμὸν
1214 434 1325 488 τῶν
1360 432 1543 500 ὑγρῶν
1578 433 1647 487 εἰ-

115 519 264 572 δέναι
289 518 527 584 μέτρων,
564 516 871 582 πάμπολλοι
896 517 991 583 μὲν
1023 517 1208 572 αἰτῶν
1239 517 1646 584 ὑγρῶνούςιῶν

115 602 207 656 εἰςι
231 603 363 655 κατὰ
384 602 481 668 τὴν
508 601 684 667 ῥοπὴν
711 602 985 667 διαφοραί,
1014 602 1088 656 ὡς
1115 601 1200 655 ἐπὶ
1223 600 1648 668 παραδείγματος
1678 606 1708 645 5

117 686 301 740 ἐλαίου
330 703 388 740 τε
414 686 499 739 καὶ
525 684 681 741 οἴνου
704 686 789 739 καὶ
811 685 1020 751 μέλιτος
1045 685 1280 752 λέξομεν.

223 770 302 822 10.
341 770 419 824 Τὸ
458 771 552 835 μὲν
591 769 690 824 οὖν
731 771 847 837 μέλι
888 772 985 823 τοῦ
1023 769 1178 825 οἴνου
1216 769 1509 837 βαρύτερόν
1546 770 1650 824 ἑςτι

114 855 349 923 τετάρτῳ
376 855 519 921 μέρει
543 854 628 907 καὶ
646 853 862 920 προςέτι
887 853 1108 923 δεκάτῳ,
1137 853 1271 920 ὅπερ
1298 854 1402 908 ἑςτὶ
1428 855 1489 908 τὸ
1516 854 1649 909 ὅλον

28 939 32 941 ’
118 939 372 1003 ςύνεγγυς
401 938 574 1009 τρίτῳ.
635 937 744 1004 ἔχει
772 937 875 1004 γὰρ
908 938 992 1007 [τὸ
1020 937 1152 992 αὐτὸ
1177 942 1254 1009 τῷ
1281 938 1415 1010 οἴνῳ
1441 941 1538 992 τοῦ
1563 938 1650 1004 μέ-

117 1024 261 1078 λιτος
280 1023 475 1092 ποςόν]
497 1022 631 1077 ὅλον
656 1022 753 1076 τὸν
778 1025 876 1076 τοῦ
904 1021 1059 1077 οἴνου
1087 1023 1317 1089 ςταθμόν
1332 1023 1416 1077 καὶ
1437 1023 1651 1090 προςέτι
1683 1027 1738 1067 10

116 1107 180 1163 τὸ
204 1108 386 1175 τρίτον
415 1107 583 1161 αὐτοῦ
610 1108 830 1177 [μέρος]
1311 1176 1325 1181 -

231 1193 310 1246 11.
348 1193 460 1246 Τοῦ
485 1193 545 1246 δὲ
571 1191 754 1245 ἐλαίου
780 1191 842 1245 τὸ
868 1192 983 1258 μέλι
1007 1197 1084 1263 τῷ
1119 1191 1285 1257 ἡμίςει
1313 1192 1458 1259 μέρει
1493 1189 1652 1259 βαρύ-

117 1278 276 1343 τερόν
303 1278 455 1331 ἐςτιν.
504 1275 612 1342 ἔχει
645 1276 748 1342 γὰρ
786 1276 920 1330 ὅλον
953 1277 1049 1330 τὸν
1080 1279 1179 1330 τοῦ
1215 1276 1398 1330 ἐλαίου
1423 1276 1651 1342 ςταθμόν

118 1363 200 1415 καὶ
227 1361 443 1426 προςέτι
471 1361 533 1414 τὸ
559 1360 712 1426 ἥμιςυ
738 1359 920 1413 αὐτοῦ.
962 1367 968 1378 ’

229 1444 308 1497 12.
346 1445 407 1498 Ὁ
437 1445 496 1499 δὲ
521 1443 673 1499 οἶνος
696 1446 795 1498 τοῦ
821 1444 1005 1498 ἐλαίου
1039 1443 1249 1515 έννάτῳ
1284 1445 1431 1511 μέρει
1461 1444 1652 1512 ὑπερέ-
1673 1431 1740 1521 7¹ss

118 1546 214 1598 χει.
262 1530 395 1584 ὅλον
421 1529 524 1596 γὰρ
548 1529 681 1584 αὐτὸ
706 1528 816 1595 ἔχει
840 1529 924 1582 καὶ
948 1528 1010 1582 τὸ
1037 1528 1265 1585 ἔννατον
1293 1529 1477 1583 αὐτοῦ.
1787 1543 1791 1548 ·

230 1614 309 1668 13.
346 1614 498 1682 Πρὸς
531 1614 825 1681 ςαφήνειαν
862 1614 922 1668 δὲ
954 1613 1182 1669 πλείονα
1220 1613 1307 1667 καὶ
1340 1613 1415 1667 ὡς
1450 1614 1510 1669 ἐν
1544 1615 1654 1667 δια-

91 1693 378 1766 ’γράμματι
414 1701 526 1754 τῶν
560 1699 694 1752 κατὰ
728 1699 887 1764 μέρος
912 1698 1122 1765 μέτρων
1145 1699 1244 1754 τὸν
1272 1698 1502 1763 ςταθμόν
1527 1697 1655 1752 ὑπε-

122 1783 374 1850 τάξαμεν,
401 1784 570 1850 δήλου
596 1785 925 1837 καθεςτῶτος
954 1782 1029 1836 ὡς
1055 1783 1188 1837 κατὰ
1211 1785 1399 1837 κοινοῦ
1431 1781 1654 1836 πάντων

124 1871 235 1925 τῶν
283 1867 652 1934 ὑποκειμένων
697 1866 881 1921 αὐτοῖς
930 1866 1065 1920 κατὰ
1112 1867 1210 1921 τὸν
1260 1867 1475 1932 ςτοῖχον
1505 1865 1568 1920 τό
1598 1881 1654 1918 τε
1685 1880 1742 1920 20

126 1953 308 2009 ἔλαιον
334 1953 419 2007 καὶ
445 1952 475 2006 ὁ
504 1951 656 2007 οἶνος
681 1951 764 2006 καὶ
791 1951 854 2006 τὸ
878 1951 993 2017 μέλι
1017 1950 1454 2018 κατηγορούμενα
1478 1950 1654 2004 κεῖται.

235 2038 315 2091 14.
344 2037 421 2092 Τὸ
447 2036 697 2091 Ἰταλικὸν

126 2122 377 2189 κεράμιον
406 2121 514 2189 ἔχει
871 2119 1056 2175 ἐλαίου
1148 2119 1304 2174 οἴνου
1411 2118 1623 2185 μέλιτος

889 2204 938 2258 λι
964 2203 1043 2270 οβ’
1165 2203 1213 2257 λι
1239 2203 1294 2259 π’
1428 2202 1476 2255 λι
1507 2201 1587 2268 ρη’

131 2290 162 2347 ὁ
186 2292 321 2356 χοῦς
635 2289 652 2294 “
892 2289 940 2343 λι
967 2287 1012 2343 θ’
1164 2288 1213 2343 λι
1246 2287 1276 2342 ι’
1429 2285 1479 2339 λι
1512 2284 1609 2348 ιγ’.5
1689 2302 1743 2342 25

133 2374 164 2429 ὁ
191 2374 368 2439 ξέςτης
556 2446 564 2452 „
893 2375 934 2429 ῐΐ
966 2372 1031 2439 ιη’
1167 2375 1208 2430 Ιο·
1234 2368 1278 2426 κ’
1432 2373 1473 2425 Ιῖ
1497 2368 1571 2425 κζ’

246 2603 286 2644 4.
317 2599 589 2653 πάμπολλαι
617 2600 684 2641 Ne
798 2600 840 2643 9.
877 2597 936 2641 τὸ
974 2597 1095 2641 αὐτὸ
1133 2610 1277 2651 usque
1309 2596 1367 2639 ad
1396 2594 1543 2639 ποςὸν
1573 2609 1661 2638 om.

136 2670 187 2713 St
303 2674 370 2715 11.
408 2669 544 2724 μέρος
583 2683 670 2712 om.
711 2667 831 2712 NeSt
947 2671 1014 2711 13.
1052 2666 1259 2719 ςταθμὸν
1296 2680 1385 2713 om.
1414 2669 1480 2710 Ne
1597 2670 1663 2711 17.

135 2739 213 2784 ἐπὶ
250 2739 594 2795 διαγράμματος
633 2741 699 2783 Ne
815 2741 880 2781 19.
919 2737 1065 2791 δῆλον
1101 2738 1222 2780 NeSt
1353 2740 1422 2783 21.
1468 2749 1664 2791 καταγο-

139 2809 346 2864 ρούμενα
377 2811 436 2853 ΟΙι
550 2815 654 2866 post
689 2812 839 2853 κεῖται
870 2810 929 2851 Ch
960 2808 1088 2851 add.:
1118 2806 1195 2860 ιΤὸ
1225 2805 1487 2862 διάγραμμα
1515 2810 1664 2862 χεῖται

139 2884 208 2927 23.
238 2880 332 2935 ἔχει
361 2894 448 2923 om.
478 2882 545 2925 Ne
660 2883 726 2923 24.
757 2878 811 2934 λῑ]
845 2877 897 2921 Λι
927 2880 1016 2933 Νε,
1055 2876 1100 2922 λί
1130 2878 1201 2932 St,
1239 2876 1285 2928 λῑ
1322 2879 1382 2922 ΟΙι
1421 2882 1468 2921 et
1502 2878 1580 2921 hie
1620 2883 1666 2919 et

141 2952 328 3008 reliquis
357 2952 474 2997 locis
590 2953 660 2996 25.
691 2950 717 2994 ὁ
751 2955 797 2992 et
827 2950 1029 3006 reliquos
1061 2949 1280 2994 articulos
1311 2963 1396 2993 om.
1429 2950 1494 2991 Ne
