1946 3220
352 161 421 214 32
883 168 1271 206 PROLEGOMENA
1295 168 1350 203 IN
1391 192 1393 194 .

354 287 606 351 τροῦντεε
633 282 845 334 ἕκαστος
871 279 967 341 τὴν
993 275 1126 329 ἰδίαν
1150 278 1250 340 γῆν
1276 275 1614 341 ἀπελάμβανε
1638 274 1758 340 δίχα
1782 274 1877 340 μά-

355 372 453 422 χηε
476 354 559 406 καὶ
588 351 778 417 φόνου.
830 348 1017 410 ἐκλήθη
1050 345 1148 399 οὗν
1173 345 1205 409 ἡ
1233 346 1430 411 ῥάβδος
1458 346 1563 414 [ἐν]
1588 347 1620 414 ᾖ
1651 345 1876 408 ἐγεωμέ-
1933 353 1938 356 “

357 441 519 489 τρουν
546 421 758 482 ἄκαινα,
784 419 815 482 ἢ
845 418 1122 481 ετερεοῦεα
1149 416 1345 469 αὐτοὺς
1371 419 1467 468 τοῦ
1492 415 1688 473 καίνειν
1720 415 1879 479 ἀλλή-

358 498 487 548 λου(
526 492 555 544 ὅ
593 492 695 543 ἐετι
734 487 1003 554 φονεύειν.
1056 491 1117 536 Ex
1156 492 1228 537 his
1265 499 1464 539 extrema
1502 504 1713 552 perversa
1757 497 1879 547 sunt,

358 583 459 615 nam
496 567 580 612 alia
623 571 693 610 est
736 565 856 610 vocis
895 556 1083 610 ἄκαινα
1119 557 1313 623 origofl),
1364 562 1443 607 sed
1477 562 1532 607 de
1567 568 1664 607 arte
1701 560 1881 620 quidem

359 636 571 684 metiendi
610 633 755 695 qualis
787 633 905 694 apud
938 633 1190 692 Aegyptios
1215 632 1260 676 in
1296 645 1383 677 usu
1417 638 1540 678 esset
1574 639 1697 678 recte
1725 636 1884 678 auctor

360 713 542 754 secutus
573 711 641 751 est
671 703 894 751 Heronem
922 702 1283 748 Alexandrinum.

474 844 530 884 In
559 844 706 883 eadem
736 841 880 882 tabula
909 842 1113 894 quaedam
1142 854 1168 880 a
1197 841 1437 880 recentiore
1467 852 1588 880 manu
1618 839 1780 879 addita.

278 928 347 980 20
468 931 625 976 Restat
647 930 856 990 denique,
883 935 933 974 ut
957 928 1012 973 de
1031 927 1343 973 additamentis
1371 941 1485 989 quae
1506 927 1549 972 in
1571 926 1714 987 prima
1736 925 1890 972 tabula

364 1003 654 1054 inveniuntur
679 1002 833 1061 paucis
863 999 1077 1044 dicamus.
1126 998 1233 1043 Nam
1259 1012 1358 1044 cum
1382 998 1564 1043 omnino
1591 997 1686 1043 eius
1714 995 1890 1043 tabulae

366 1073 510 1119 forma
535 1086 584 1117 ac
610 1070 726 1115 ratio
751 1071 805 1115 ad
831 1069 1058 1116 saeculum
1086 1068 1283 1129 primum
1301 1069 1371 1114 vel
1394 1068 1638 1114 secundum
1659 1073 1767 1128 post
1786 1065 1889 1112 Chr.
1917 1117 1930 1127 ἄ

367 1155 412 1188 11.
437 1142 676 1202 pertineat,
701 1138 919 1186 nonnulla
943 1146 1092 1184 tamen
1121 1138 1438 1185 aetatemulto
1467 1138 1719 1184 recentiore
1745 1137 1892 1183 addita

369 1225 467 1258 esse
502 1217 706 1271 apparet.
757 1210 955 1255 Primum
981 1216 1087 1270 post
1113 1209 1244 1255 verba
1277 1204 1648 1269 εὐθυμετρικὸν
1676 1204 1770 1268 μὲν
1796 1201 1894 1255 οὖν

369 1278 471 1330 ἐετι
498 1278 605 1328 πᾶν
635 1275 696 1327 τὸ
722 1275 854 1327 κατὰ
881 1277 1044 1338 μῆκος
1066 1274 1234 1339 μόνον
1262 1274 1623 1340 μετρούμενον
1653 1274 1697 1339 (S
1719 1277 1762 1337 3)
1787 1278 1897 1323 haec

371 1352 541 1398 adiecta
569 1356 699 1396 sunt:
730 1344 907 1409 ὥςπερ
940 1345 998 1397 ἐν
1023 1347 1138 1397 ταῖς
1164 1346 1538 1398 εκουτλώεεειν
1566 1344 1616 1397 οἱ
1649 1343 1896 1410 ετροφίο-

372 1420 457 1469 λοι
479 1416 563 1468 καὶ
588 1416 646 1468 ἐν
676 1417 788 1467 τοῑε
815 1417 1041 1477 Ξυλικοῑε
1068 1415 1133 1467 τὰ
1159 1415 1378 1479 κυμάτια
1411 1416 1494 1468 καὶ
1520 1414 1617 1467 ὅεα
1643 1414 1780 1480 πρὸς
1806 1416 1898 1477 μῆ-

372 1503 466 1539 κοε
506 1486 673 1550 μόνον
715 1488 987 1550 μετρεῖται.
1061 1491 1108 1535 In
1151 1490 1314 1551 quibus
1350 1490 1626 1551 explicandis
1666 1497 1899 1536 auctorem

376 1563 608 1621 sequimur
643 1560 909 1619 Salmasium
958 1561 1003 1606 in
1043 1562 1167 1606 notis
1202 1561 1247 1606 in
1287 1561 1529 1622 Vopiscum
1545 1557 1604 1621 ¹),
1653 1561 1732 1607 ubi
1766 1559 1902 1607 allata

377 1631 660 1692 quorundam
692 1637 736 1676 et
762 1631 1034 1677 Graecorum
1067 1638 1113 1677 et
1137 1631 1403 1678 Latinorum
1428 1631 1753 1678 vocabulorum
1780 1629 1901 1676 simi-

374 1702 565 1747 litudine
606 1696 949 1749 εκουτλώεειε
993 1715 1147 1747 vocem
1192 1715 1216 1747 e
1248 1702 1408 1748 Latino
1459 1716 1667 1748 sermone
1715 1702 1902 1762 petitam

375 1772 566 1817 vestium
592 1778 906 1831 praetexturas
935 1770 1021 1830 (vel
1046 1771 1436 1831 circumtexturas)
1464 1771 1716 1832 significare
1757 1771 1902 1817 docet.

376 1837 742 1903 (τροφῑόλουε
766 1848 916 1888 autem
946 1856 1082 1902 parva
1107 1843 1315 1902 strophia
1343 1843 1388 1887 h.
1416 1857 1453 1888 e.
1482 1843 1644 1889 fascias
1674 1840 1744 1887 vel
1770 1841 1903 1886 vittas

379 1912 544 1972 quihus
589 1912 780 1958 vestium
825 1913 1133 1958 extremitates
1185 1920 1514 1973 praetexuntur
1563 1914 1904 1973 interpretatur.

381 1981 497 2036 Quid
522 1995 627 2027 vero
657 1978 904 2041 κυμάτιαὶ)
954 1983 1143 2043 Depingi
1168 1996 1239 2028 res
1264 1984 1440 2029 facilius
1467 1990 1620 2044 potest
1646 1997 1778 2043 quam
1808 1986 1906 2027 ver'-

380 2051 452 2097 bis
476 2051 682 2098 describi.
734 2053 863 2112 Apud
879 2053 1130 2098 Vitruvium
1141 2050 1176 2110 2)
1206 2060 1311 2099 sunt
1336 2067 1387 2099 ea
1415 2067 1529 2113 quae
1555 2054 1643 2099 tori
1668 2053 1736 2098 vel
1758 2052 1906 2112 spirae

382 2122 526 2167 instar
561 2124 821 2182 prominent
858 2123 903 2167 in
938 2123 1189 2178 columnis;
1234 2131 1340 2169 sunt
1372 2138 1478 2169 vero
1517 2124 1650 2169 etiam
1690 2124 1733 2168 in
1769 2135 1907 2182 opere

383 2191 536 2251 ligneo
564 2191 738 2237 taeniae
771 2206 885 2252 quae
909 2207 991 2253 per
1023 2194 1328 2240 extremitates
1353 2194 1398 2239 in
1423 2193 1755 2254 longitudinem
1784 2191 1908 2251 affigi

386 2257 593 2320 solent3).
620 2289 679 2296 —
707 2263 849 2309 Porro
875 2263 951 2308 ubi
979 2263 1034 2309 de
1060 2264 1199 2310 cubiti
1227 2279 1436 2311 mensura
1463 2266 1613 2324 agitur
1639 2263 1685 2323 (S
1714 2262 1782 2322 12)
1812 2264 1908 2309 sine

500 2468 548 2576 δὲ
577 2469 691 2510 Vide
723 2482 805 2511 nos
839 2483 891 2511 eo
922 2469 1024 2510 loco
1057 2485 1188 2524 quem
1220 2473 1243 2521 ξ
1277 2474 1327 2513 18
1362 2472 1465 2512 adn.
1499 2474 1523 2512 2
1557 2473 1815 2513 citavimus.

503 2526 524 2564 1
553 2554 556 2556 -
579 2526 814 2566 Historiae
835 2527 1068 2580 Augustae
1092 2528 1339 2581 scriptores
1361 2530 1423 2569 VI
1444 2541 1535 2571 rec.
1555 2527 1714 2568 Claud.
1733 2525 1910 2567 Salma-

393 2580 486 2620 sius
509 2580 659 2629 (Paris
682 2583 823 2633 1620),
847 2585 954 2623 tom.
978 2583 1023 2623 11
1047 2581 1282 2636 (Salmasii
1302 2583 1459 2637 notae)
1481 2599 1523 2638 p.
1544 2586 1626 2625 405
1646 2597 1672 2624 a
1689 2583 1724 2622 F
1741 2605 1795 2610 —
1813 2582 1839 2622 b
1857 2582 1909 2622 Β.

505 2636 547 2686 2)
578 2638 647 2676 De
681 2638 841 2680 archit.
873 2642 912 2691 3,
945 2641 984 2691 5,
1020 2642 1066 2691 ’ἴς
1100 2643 1140 2692 3,
1173 2643 1212 2691 5,
1248 2643 1320 2691 103
1352 2643 1392 2692 4,
1426 2643 1464 2692 1,
1499 2643 1522 2681 7
1557 2640 1615 2680 al.

505 2692 547 2742 3)
580 2692 631 2733 V.
669 2693 869 2745 Hesych.
910 2708 943 2737 s.
982 2710 1046 2738 v.:
1099 2694 1144 2738 αἱ
1180 2696 1405 2749 ὑπεροχαὶ
1444 2695 1568 2748 παρὰ
1612 2693 1792 2736 τέκτοει
1837 2692 1912 2734 καὶ

395 2745 660 2787 λιθοποιοῑε.
698 2770 751 2777 -
791 2750 868 2790 Sic
907 2753 1048 2805 igitur
1085 2753 1332 2795 vernaculo
1373 2765 1579 2793 sermone
1610 2751 1736 2792 locus
1767 2752 1910 2790 inter·

396 2803 643 2854 protandus
679 2804 877 2845 videtur:
918 2811 1010 2848 ‘mie
1047 2810 1115 2849 bei
1151 2812 1232 2850 den
1262 2809 1642 2850 Kleiderbesdtzen
1678 2810 1745 2848 die
1776 2807 1914 2847 Fran-

396 2871 470 2897 sen
508 2859 593 2898 und
630 2858 696 2899 bei
734 2861 823 2900 dem
854 2863 1081 2905 Holzwerlc
1111 2867 1180 2906 (lie
1211 2866 1419 2906 Lelscen)
1479 2864 1752 2905 Letronnius
1784 2876 1826 2915 p.
1859 2864 1911 2902 51

395 2912 545 2953 locum
583 2914 651 2955 sic
691 2915 1016 2969 interpretatus
1056 2926 1145 2962 est:
1187 2935 1335 2963 comme
1366 2923 1511 2975 quand
1538 2923 1569 2961 il
1595 2923 1722 2973 s'nyz‘t
1752 2921 1803 2960 de
1834 2931 1915 2958 me«

396 2982 520 3010 snrer
563 2972 637 3011 des
682 2970 840 3013 bandes
884 2975 935 3014 de
969 2976 1168 3030 franyes,
1215 2991 1266 3019 ou
1305 2979 1380 3019 des
1416 2978 1679 3030 planehettes
1717 2975 1768 3018 de
1808 2974 1897 3015 bois
