1946 3220
313 155 414 208 160
841 167 1227 203 PROLEGOMENA
1249 167 1303 202 m

311 286 630 346 Aegyptiacam
656 280 897 340 fragmenti
927 279 1149 339 originem
1179 277 1432 325 luculenter
1458 279 1674 340 produnt.
1725 279 1832 336 Qui-

311 356 396 402 bus
434 351 711 414 argumentis
751 352 789 396 si
825 350 898 395 cui
936 363 1030 394 non
1071 350 1183 395 satis
1222 349 1576 409 persuadeatur,
1617 364 1704 410 ego
1741 364 1832 398 non

312 427 439 486 prius
472 423 656 468 verbum
691 420 876 478 addam,
924 433 1057 480 quam
1090 419 1168 465 ille
1202 420 1354 480 aliquo
1385 418 1488 466 loco
1522 427 1705 480 praeter
1729 421 1832 467 Ale-

311 495 537 540 xandriam
562 505 614 536 ea
639 491 810 551 scripta
840 503 940 536 esse
965 490 1276 536 demonstrare
1303 497 1490 536 conatus
1517 492 1590 536 sit.

421 564 532 608 Tum
574 561 626 606 ad
664 567 857 607 aetatem
893 559 1093 606 eiusdem
1132 561 1375 621 scriptoris
1416 560 1714 607 definiendam
1741 563 1834 622 pri-

310 646 431 679 mum
457 634 503 677 in
531 632 796 677 memoriam
821 630 1071 677 revocanda
1097 638 1205 676 sunt
1230 645 1281 676 ea
1313 644 1427 691 quae
1451 631 1753 678 Mommsenus
1779 632 1832 677 de

309 718 359 750 ea
390 716 439 750 re
468 702 714 762 disputavit
739 700 800 762 (p.
826 703 910 746 723
936 700 1007 760 s.).
1060 699 1182 756 Quae
1207 701 1282 747 hic
1309 715 1334 746 a
1359 715 1446 759 me,
1476 703 1686 762 quoniam
1716 701 1836 748 diffi-

308 772 474 820 cillima
505 779 576 819 est
603 774 838 832 quaestio,
873 772 1070 818 breviter
1104 774 1248 832 repeti
1272 785 1364 818 non
1395 779 1616 833 possunt3
1651 779 1697 819 at
1725 786 1833 819 vero

308 843 418 890 satis
445 850 514 889 est
532 843 644 889 haec
668 843 758 889 duo
782 855 896 903 quae
915 856 999 903 pro
1027 842 1164 888 certis
1189 841 1393 888 habenda
1418 849 1526 889 sunt
1547 856 1832 904 proponere:

306 915 506 975 primum
537 913 731 960 Atticam
764 913 1021 959 drachmam
1050 913 1104 959 ab
1130 913 1431 960 Alexandrino
1458 915 1686 974 scriptore
1712 927 1836 961 com·

308 990 599 1035 memoratam
627 984 934 1030 Romanorum
958 997 1058 1030 esse
1088 983 1320 1030 denarium
1348 982 1395 1043 (S
1423 982 1526 1043 67),
1555 983 1715 1030 deinde
1743 991 1835 1030 sta-

309 1055 420 1101 teris
446 1053 752 1115 appellatione
771 1054 889 1115 apud
915 1054 1104 1101 eundem
1129 1053 1374 1115 significari
1393 1054 1667 1116 Aegyptiaca
1698 1061 1835 1101 tetra·

307 1125 543 1182 drachma,
586 1138 702 1184 quae
731 1125 835 1170 inde
862 1139 886 1170 a
914 1125 1082 1170 Tiberii
1118 1125 1399 1185 temporibus
1427 1139 1480 1172 ex
1507 1138 1610 1171 aere
1637 1125 1834 1171 admixto

308 1202 499 1256 argento
527 1195 839 1254 signabantur,
871 1209 1065 1256 quorum
1090 1196 1270 1256 pondus
1295 1195 1350 1241 ad
1378 1201 1598 1255 quattuor
1625 1195 1834 1242 denarios

307 1265 566 1324 accedebat,
594 1266 791 1326 pretium
823 1273 971 1312 autem
997 1265 1220 1327 aequabat
1245 1279 1385 1311 unum
1412 1265 1646 1312 denarium
1672 1264 1719 1325 (S
1745 1266 1834 1326 72).

307 1336 420 1383 Hinc
445 1337 598 1382 statim
620 1335 816 1383 efficitur
844 1337 1113 1398 scriptorem
1139 1350 1230 1382 non
1256 1342 1358 1383 ante
1386 1335 1616 1382 Tiberium
1643 1336 1832 1392 vixisse3

306 1421 390 1453 nec
416 1419 522 1452 vero
563 1413 666 1452 ante
690 1407 943 1466 Neronem,
983 1421 1086 1454 cum
1115 1407 1233 1453 idem
1274 1413 1405 1453 octo
1442 1406 1649 1453 denarios
1675 1409 1835 1454 unciae

306 1477 491 1523 tribuat.
544 1475 824 1537 Quamquam
859 1477 904 1523 id
934 1478 1082 1539 ipsum
1118 1491 1202 1538 per
1235 1491 1283 1524 se
1318 1491 1481 1538 parum
1517 1478 1733 1537 interest,
1775 1480 1836 1524 si-

307 1547 488 1607 quidem
513 1548 600 1592 hoc
619 1548 806 1593 maxime
831 1555 902 1594 est
924 1548 1324 1595 demonstrandum
1347 1548 1536 1594 eundem
1557 1562 1649 1594 non
1670 1555 1832 1609 quarto

307 1618 521 1677 quintove
569 1616 751 1664 saeculo
800 1619 1038 1679 scripsisse
1075 1617 1198 1664 velut
1231 1617 1479 1679 plerosque
1517 1619 1614 1664 eius
1653 1619 1834 1678 generis

306 1695 515 1733 auctores
551 1701 744 1747 quorum
782 1689 1033 1749 fragmenta
1060 1695 1250 1734 exstant.
1302 1688 1386 1735 Hic
1409 1690 1606 1750 primum
1641 1702 1835 1735 comme-

305 1771 435 1804 moro
485 1771 582 1804 eam
633 1760 699 1804 rei
748 1761 1026 1806 nummariae
1066 1761 1290 1806 rationem
1335 1773 1469 1820 quam
1502 1759 1832 1806 Alexandrinus

307 1828 644 1875 accuratissime
689 1831 874 1890 exponit
909 1832 998 1875 iam
1034 1831 1172 1876 tertio
1211 1830 1391 1876 saeculo
1432 1829 1566 1891 plane
1605 1830 1833 1877 immutari

305 1899 536 1959 coepisse:
575 1906 750 1946 restant
775 1900 921 1960 igitur
946 1900 1126 1947 ducenti
1166 1900 1261 1946 sere
1303 1901 1407 1947 anni
1443 1901 1546 1946 inde
1581 1915 1606 1946 a
1638 1899 1832 1959 Nerone,

307 1968 471 2028 quibus
509 1968 631 2015 illius
664 1976 786 2016 aetas
815 1971 1230 2018 circumscribatur.
1288 1971 1452 2017 Verum
1488 1971 1659 2017 multae
1694 1973 1833 2018 ratio-

305 2052 387 2084 nes
412 2038 711 2099 probabiliter
745 2041 894 2087 afferri
919 2048 1140 2102 possunt,
1178 2040 1342 2101 quibus
1371 2041 1414 2087 id
1445 2041 1641 2102 spatium
1670 2042 1723 2087 ad
1752 2056 1834 2088 an-

305 2109 538 2168 gustiores
563 2109 674 2156 fines
702 2111 950 2172 redigatur.
1004 2110 1126 2166 Quae
1154 2111 1333 2171 quidem
1360 2112 1510 2158 omnia
1536 2126 1589 2158 ex
1615 2125 1668 2157 eo
1698 2125 1833 2172 argu·

304 2186 457 2225 mento
477 2179 676 2240 pendent
696 2182 817 2241 quod
832 2182 1132 2228 Mommsenus
1154 2181 1487 2242 comprobavit:
1522 2196 1832 2246 quaecumque

305 2249 423 2310 apud
448 2250 567 2296 hunc
585 2250 937 2298 Alexandrinum
955 2251 1184 2312 legantur,
1213 2266 1264 2298 ea
1284 2254 1514 2314 pertinere
1534 2253 1587 2298 ad
1607 2252 1829 2313 legitimas

303 2333 590 2366 nummorum
631 2328 677 2367 et
709 2322 962 2383 ponderum
999 2323 1198 2369 rationes
1227 2337 1250 2368 a
1284 2322 1443 2383 primis
1479 2322 1830 2383 imperatoribus

306 2390 554 2436 institutas.
598 2390 687 2437 Iam
711 2406 818 2439 vero
852 2393 891 2439 si
918 2394 972 2439 ad
997 2393 1110 2439 hane
1140 2394 1270 2454 quasi
1297 2407 1501 2439 normam
1540 2400 1684 2440 totum
1710 2393 1831 2454 frag-

305 2468 507 2506 mentum
534 2462 760 2522 exigitur,
798 2463 994 2510 dubitari
1030 2477 1122 2510 non
1151 2471 1330 2524 potest,
1370 2467 1479 2525 quin
1505 2465 1703 2525 scriptor
1730 2465 1829 2510 eius

306 2537 500 2576 extrema
538 2540 665 2592 parte
701 2535 836 2594 primi
869 2534 1036 2582 saeculi
1077 2549 1121 2596 p.
1150 2534 1251 2580 Chr.
1287 2549 1333 2580 n.
1369 2535 1437 2580 vel
1474 2535 1603 2580 initio
1643 2534 1827 2581 secundi

305 2602 479 2644 vnxerit.

405 2669 560 2715 Omnia
595 2674 632 2717 si
672 2675 857 2735 exsequi
900 2674 1059 2722 vellem
1110 2690 1225 2736 quae
1264 2675 1350 2721 sibi
1383 2688 1642 2736 proponere
1677 2675 1830 2722 solent

307 2738 335 2782 ii
372 2741 449 2798 qui
485 2741 788 2799 praefationes
823 2745 1052 2803 scribunt,
1096 2748 1230 2792 etiam
1267 2746 1320 2791 de
1356 2744 1441 2791 fide
1479 2753 1524 2791 et
1559 2745 1828 2793 auctoritate

306 2808 506 2854 eiusdem
544 2811 780 2870 scriptoris
814 2817 877 2861 ita
911 2816 1222 2862 disserendum
1258 2823 1402 2875 esset,
1439 2822 1491 2861 ut
1525 2830 1638 2876 quae
1675 2816 1729 2862 ab
1771 2830 1825 2862 eo

307 2877 547 2924 traduntur
585 2887 629 2924 et
662 2881 845 2928 uberius
883 2885 1148 2945 explicarem
1176 2893 1221 2932 et
1246 2887 1395 2931 omnia
1431 2893 1555 2932 recte
1580 2901 1628 2932 se
1659 2885 1828 2932 habere

304 2947 674 2995 demonstrarem.
732 2953 794 2998 Ac
824 2955 1074 3014 ponderum
1113 2957 1292 3017 quidem
1328 2957 1529 3003 rationes
1561 2957 1648 3003 iam
1687 2970 1826 3018 supra
