1946 3220
544 171 872 208 sempronns
901 171 1166 208 Gnaacos.
1510 158 1612 211 115

88 287 343 335 drachmam
377 301 402 333 a
437 285 648 333 Romanis
687 300 789 333 cum
826 299 909 332 suo
945 285 1131 333 denario
1172 287 1234 333 ita
1273 289 1609 349 aequiperatam

88 371 216 416 esse,
266 363 319 403 ut
366 363 411 403 et
459 356 678 402 talentum
716 356 915 403 Atticum
953 356 1007 402 VI
1046 355 1167 403 milia
1211 357 1470 416 denarium,
1518 374 1610 406 non

88 428 425 486 drachmarum,
456 426 732 488 significaret
758 434 802 473 et
828 428 983 473 Graeci
1008 428 1191 474 illorum
1217 435 1473 490 temporum
1500 432 1612 476 scri·

86 506 244 559 ptores
278 499 374 544 sere
409 512 614 559 semper,
649 496 725 543 ubi
750 497 960 543 denarios
994 497 1337 559 intellegerent,
1374 495 1611 561 δραχμάς

87 569 306 616 dicerent.
357 568 546 614 Omnino
587 568 730 628 igitur
764 569 811 613 in
845 568 1106 628 vulgaribus
1149 570 1404 616 rationibus
1435 571 1610 618 nullum

87 639 206 685 inter
241 640 351 686 haec
384 639 626 685 discrimen
659 636 950 700 faciebant2).
1011 637 1181 694 Quibus
1217 648 1366 686 autem
1414 642 1459 687 in
1502 656 1610 702 pro-

85 709 244 756 vinciis
276 709 463 756 Romani
500 709 798 770 imperatores
831 709 1092 768 edixerunt,
1135 715 1187 755 ut
1220 712 1367 756 Attica
1401 711 1609 758 drachma

0 814 9 835 1,
86 780 270 826 denario
294 780 630 839 aestimaretur,
650 779 719 826 ibi
746 781 896 840 ipsum
922 780 1156 827 denarium
1171 780 1346 828 Atticae
1374 781 1611 828 drachmae

87 986 535 1042 11-13(id.p.189):
569 989 676 1029 trois
695 989 828 1040 petits
844 989 973 1041 poids
993 989 1164 1041 carreis,
1195 1002 1247 1030 en
1267 988 1441 1038 bronze,

226 1044 398 1086 ibidem
427 1057 470 1087 n.
502 1047 627 1087 3035.
658 1046 786 1087 3051.
818 1046 951 1098 3052,
992 1057 1109 1098 quae
1139 1045 1347 1099 pendunt
1376 1058 1442 1099 gr.

1204 1104 1318 1154 3,62.
1349 1103 1464 1155 3,57.
1496 1103 1610 1155 3,56.

84 1156 207 1198 Huic
245 1156 438 1199 tabulae
483 1170 575 1198 non
619 1157 780 1199 dubito
816 1158 934 1211 quin
971 1156 1167 1211 plurima
1207 1172 1262 1199 ex
1301 1158 1408 1200 aliis
1439 1160 1611 1200 muscis

84 1214 287 1268 pondera
320 1214 425 1254 addi
454 1215 653 1267 possint3
685 1214 766 1255 sed
795 1213 912 1255 haec
944 1215 1068 1266 ipsa,
1102 1215 1262 1268 quanti
1292 1228 1365 1255 res
1395 1216 1613 1256 momenti

86 1271 163 1321 sit,
195 1269 450 1311 declarant.
513 1270 645 1320 Quod
683 1283 802 1311 nunc
834 1284 915 1324 pro
946 1271 1014 1311 rei
1045 1272 1277 1323 gravitate
1309 1273 1423 1312 satis
1456 1272 1610 1325 expla-

84 1340 196 1367 nare
227 1339 316 1367 non
347 1339 542 1380 possum.
605 1327 695 1368 Sed
744 1331 900 1367 tamen
947 1327 1035 1368 hoc
1085 1340 1386 1369 commemoro
1423 1333 1610 1369 nostrae

84 1382 273 1424 tabulae
304 1384 508 1436 pondera
540 1385 580 1424 1.
613 1386 652 1424 2.
676 1386 701 1425 9
735 1383 950 1424 exhibere
980 1384 1130 1437 ipsam
1161 1385 1331 1425 minam
1360 1385 1610 1426 Ptolemai-

84 1453 187 1481 eam
228 1439 416 1492 eiusque
469 1441 704 1480 semissem
746 1443 792 1480 et
830 1441 1128 1483 semunciam.
1196 1441 1421 1481 Exactum
1471 1442 1612 1493 igitur

86 1496 184 1537 eius
214 1496 368 1536 minae
399 1496 576 1549 pondus
615 1496 699 1537 sub
739 1496 960 1536 Romanis
990 1497 1346 1549 imperatoribus
1379 1497 1613 1538 concludi-

0 1544 3 1547 ’
83 1564 183 1593 mus
215 1553 361 1594 fuisse
392 1553 589 1593 medium
623 1566 678 1593 ex
697 1553 769 1593 his
789 1568 846 1588 =
867 1566 933 1606 gr.
955 1554 1096 1603 352,6‚
1132 1566 1248 1606 quae
1280 1566 1454 1594 summa
1476 1566 1612 1606 quam

83 1609 289 1663 proxime
329 1622 430 1650 cum
469 1609 689 1650 drachma
731 1622 796 1663 gr.
830 1610 931 1661 3‚57
978 1611 1216 1659 convenit,
1268 1610 1386 1663 quod
1434 1610 1611 1664 pondus

83 1665 344 1707 Ptolemaei
374 1666 422 1706 in
453 1666 691 1718 signandis
722 1667 916 1706 nummis
948 1665 1099 1707 secuti
1128 1669 1234 1706 sunt
1265 1666 1324 1718 (v.
1342 1667 1610 1707 Mommsen.

83 1736 127 1776 p.
160 1721 252 1775 40).
320 1722 526 1763 Romano
567 1725 720 1763 autem
765 1722 966 1776 pondere
1008 1722 1169 1763 eadem
1209 1735 1384 1763 summa
1424 1727 1494 1764 est
1530 1736 1612 1763 un-

85 1780 259 1820 ciarum
283 1780 335 1820 13
359 1776 445 1831 (tot
477 1779 597 1819 enim
626 1779 793 1819 unciae
816 1779 998 1819 faciunt
1017 1792 1082 1832 gr.
1106 1777 1268 1831 354‚7).
1301 1779 1469 1820 Cetera
1492 1792 1610 1832 quae

6 1863 12 1869 -
83 1836 132 1876 in
161 1835 250 1876 hac
280 1834 443 1876 tabula
471 1835 622 1875 latent
652 1835 784 1876 brevi
814 1835 1019 1876 oratione
1052 1836 1259 1887 expediri
1288 1848 1380 1876 non
1408 1840 1610 1889 possunt.

85 1893 263 1932 Tamen
300 1891 389 1932 hoc
430 1895 554 1933 certe
587 1892 882 1932 manifestum
914 1904 1014 1932 esse
1045 1892 1229 1933 videtur
1257 1892 1427 1932 minam
1458 1891 1610 1933 Ptole-

82 1949 281 1989 maicam
320 1948 402 1988 sub
441 1948 746 1989 Romanorum
784 1948 974 2001 imperio
1018 1960 1108 1988 non
1145 1949 1193 1988 in
1231 1951 1312 1990 100
1351 1949 1610 1998 drachmas,

83 2005 165 2046 sed
194 2004 331 2058 plane
365 2004 423 2044 ad
453 2004 600 2045 librae
623 2005 858 2045 Romanae
882 2004 1231 2045 similitudinem
1260 2005 1457 2047 divisam
1489 2018 1612 2046 esse.

0 2118 2 2122 y
82 2063 222 2113 E1go,
256 2061 481 2114 siquidem
513 2062 665 2102 omnia
686 2061 804 2102 haec
824 2061 1028 2115 pondera
1052 2062 1110 2101 ad
1131 2062 1384 2102 Romanam
1408 2065 1610 2103 aetatem

83 2119 343 2172 pertinent,
394 2117 570 2171 pondus
607 2123 792 2159 nostrae
831 2117 1018 2158 tabulae
1057 2120 1083 2159 3
1121 2117 1382 2159 habendum
1422 2122 1492 2160 est
1530 2131 1611 2172 pro

83 2175 337 2228 quadrante
370 2174 466 2215 sive
498 2174 647 2215 tribus
676 2175 851 2226 unciis,
891 2174 1095 2228 pondera
1124 2176 1151 2215 4
1185 2178 1231 2215 et
1260 2175 1286 2216 5
1316 2187 1396 2228 pro
1428 2178 1611 2215 sextan-

82 2231 230 2282 tibus3
276 2235 371 2271 tum
401 2230 605 2283 pondera
636 2233 677 2273 6.
708 2233 748 2272 7.
782 2231 808 2272 8
838 2234 945 2272 sunt
974 2232 1142 2271 unciae
1176 2231 1244 2283 (ut
1275 2232 1504 2284 expressis
1533 2243 1612 2271 no-

84 2289 144 2329 tis
183 2288 231 2328 in
280 2287 482 2341 pondere
520 2289 546 2328 8
586 2287 807 2340 scriptum
860 2287 1055 2340 exstat),
1106 2289 1135 2342 9γ
1164 2291 1209 2328 et
1240 2289 1292 2329 10
1331 2287 1610 2330 semunciae.

83 2346 249 2394 Porro,
283 2345 323 2385 si
352 2347 511 2384 nostra
540 2344 658 2384 ratio
689 2344 842 2396 valet,
872 2344 1111 2386 semuncia
1138 2344 1283 2385 habet
1310 2345 1338 2384 4
1367 2343 1611 2384 drachmas

86 2424 139 2429 —
172 2405 218 2442 et
247 2400 541 2454 reperiuntur
568 2401 596 2440 4
625 2404 798 2453 puncta
826 2401 874 2441 in
903 2401 1104 2454 pondere
1126 2402 1151 2442 9
1175 2398 1235 2451 (V.
1260 2400 1422 2452 Queip.
1445 2413 1489 2453 p.
1508 2398 1607 2451 191)

2 2479 7 2482 ·
84 2480 136 2486 —
169 2460 267 2499 tota
297 2457 442 2508 mina,
484 2457 698 2509 quoniam
727 2456 875 2498 librae
905 2457 1053 2498 instar
1083 2456 1324 2507 dividitur,
1366 2455 1610 2496 drachmas

86 2515 164 2566 96,
203 2527 294 2554 11011
338 2514 432 2555 100.
493 2513 626 2553 Haec
667 2513 849 2554 omnino
889 2515 1003 2554 satis
1042 2512 1307 2566 probabilia
1339 2516 1460 2555 sunt.
1520 2511 1611 2553 Sed

85 2583 143 2611 ne
176 2571 276 2624 quis
307 2572 399 2610 iam
431 2569 584 2610 omnia
614 2569 735 2610 inter
766 2582 815 2610 se
837 2570 1023 2610 misceri
1043 2581 1179 2622 posse
1213 2569 1459 2613 existimet.
1508 2569 1609 2609 Uti-

87 2640 172 2680 que
213 2631 260 2667 et
296 2627 422 2667 mina
459 2625 748 2666 Ptolemaica
779 2626 1062 2666 secernenda
1093 2628 1164 2665 est
1194 2638 1223 2665 a
1251 2625 1459 2666 Romana
1487 2624 1610 2665 libra

57 2688 135 2733 ,et
163 2684 303 2725 uncia
341 2681 630 2723 Ptolemaica
662 2695 690 2722 a
719 2682 953 2733 Romana,
993 2681 1158 2734 quippe
1199 2693 1314 2734 quae
1354 2682 1607 2723 Romanum

85 2740 259 2794 pondus
299 2739 536 2792 aliquanto
574 2741 811 2791 superent,
852 2741 899 2779 et
938 2750 1054 2792 quae
1087 2737 1306 2779 drachma
1338 2750 1394 2779 ex
1430 2737 1607 2779 unciali

87 2799 265 2838 ratione
297 2808 404 2850 pars
434 2796 539 2836 96¹¹¹⁸
567 2794 887 2836 Ptolemaicae
916 2795 1070 2835 minae
1101 2794 1204 2847 fuit,
1237 2807 1293 2836 ea
1322 2793 1507 2836 diversa
1539 2797 1611 2834 est

87 2865 178 2894 non
207 2853 350 2894 solum
385 2865 412 2892 a
442 2852 648 2893 Romano
687 2851 876 2892 denario
914 2850 996 2891 sed
1035 2850 1173 2892 etiam
1206 2863 1233 2891 a
1264 2856 1425 2892 vetere
1454 2849 1608 2891 Ptole-

87 2911 240 2951 maica
271 2909 510 2961 drachma,
544 2921 661 2961 quae
694 2907 898 2948 eiusdem
928 2907 1080 2948 minae
1111 2919 1219 2961 pars
1251 2908 1340 2948 fuit
1371 2909 1516 2950 loom.

201 2977 246 3034 2)
276 2979 330 3020 v.
362 2978 544 3019 Metrol.
575 2991 618 3031 p.
651 2978 732 3019 185
762 2990 798 3019 s.

1281 3045 1351 3098 8*
