1946 3220
271 146 336 199 18
776 153 1191 194 «ΡΒοιΕαοΜΕΝΑ
1218 155 1273 190 m

268 272 432 335 λόγος
459 283 505 321 et
529 287 642 335 quae
670 277 937 332 sequuntur.
991 270 1080 313 lam
1114 269 1226 314 haec
1262 274 1349 313 tam
1385 281 1499 328 pure
1530 275 1576 314 et
1607 269 1661 314 ad
1695 283 1793 331 rem

270 347 557 394 accomodate
595 343 762 402 scripta
799 346 928 396 sunt,
966 345 1018 384 ut
1054 338 1272 398 originem
1307 351 1465 384 eorum
1494 338 1549 384 ab
1577 339 1677 399 ipso
1705 339 1792 385 He-

267 431 395 475 rone,
423 417 601 461 minime
629 429 651 458 a
678 423 903 471 quoquam
930 410 1183 454 recentiore
1209 408 1499 469 repetendam
1527 422 1628 454 esse
1656 424 1793 470 appa-

267 495 379 534 reat.
429 485 556 540 Quod
594 483 630 528 si
667 479 973 537 concesseris,
1010 479 1144 525 etiam
1181 479 1234 525 de
1267 493 1581 524 mensurarum
1616 481 1793 526 ratione

267 555 480 603 nonnulla
510 554 562 599 ab
583 552 761 598 Herone
787 550 956 609 scripta
990 562 1089 595 esse
1115 563 1168 595 ex
1192 549 1270 594 illa
1294 563 1608 595 mensurarum
1639 549 1792 596 tabula

268 640 380 687 quae
406 624 554 670 addita
581 628 651 668 est
677 620 884 667 efficitur.
937 619 1111 665 Etenim
1137 620 1191 665 ab
1217 618 1292 665 illa
1313 620 1595 680 expositione
1621 620 1674 666 de
1695 627 1793 666 arte

265 695 475 741 metiendi
513 693 567 739 ab
591 692 828 752 Aegyptiis
857 691 1036 735 inventa
1072 690 1126 735 ad
1161 690 1277 736 hanc
1310 704 1624 736 mensurarum
1662 690 1791 736 tabu-

264 766 352 812 lam
378 765 631 811 necessaria
666 762 882 823 quaedam
916 767 987 806 est
1019 760 1239 806 orationis
1275 760 1535 807 coniunctio
1562 767 1605 806 et
1630 773 1792 822 perpe-

266 836 430 893 tuitas,
468 848 581 895 quae
609 833 663 880 ab
691 832 822 878 initio
850 831 896 877 in
923 831 1024 892 ipso
1053 831 1248 877 Heronis
1275 843 1413 891 opere
1441 831 1579 877 suerit
1604 844 1792 877 necesse

266 913 349 952 est.
405 906 476 952 Sic
514 906 652 964 igitur
691 904 957 948 statuimus:
1008 915 1323 948 mensurarum
1368 901 1567 948 tabulam
1609 902 1664 948 de
1705 915 1791 962 qua

265 978 440 1036 agimus
462 976 624 1021 factam
651 988 750 1019 esse
776 971 898 1018 illam
920 972 1100 1032 quidem
1125 972 1384 1033 posteriore
1403 978 1567 1030 aetate,
1590 972 1668 1018 sed
1693 974 1794 1018 eius

262 1045 365 1092 loco
392 1047 522 1092 aliam
547 1045 737 1091 similem
766 1043 962 1089 tabulam
997 1043 1045 1088 in
1082 1043 1276 1088 Heronis
1316 1043 1433 1089 libro
1460 1042 1515 1089 de
1542 1045 1792 1103 geometria

262 1117 431 1174 fuisse,
462 1116 578 1162 unde
627 1115 704 1160 illa
745 1115 975 1161 recentior
1022 1113 1289 1174 quibusdam
1327 1113 1515 1160 mutatis
1551 1120 1596 1159 et
1629 1111 1801 1159 additis,

265 1188 536 1246 transcripta
563 1186 637 1231 sit.
686 1183 816 1239 Quod
845 1191 994 1230 autem
1022 1198 1075 1230 ex
1103 1197 1194 1230 uno
1222 1185 1378 1230 codice
1399 1184 1644 1230 Parisiensi
1669 1197 1791 1230 nunc

261 1257 692 1314 demonstravimus,
739 1255 855 1301 idem
895 1255 992 1301 fere
1029 1262 1286 1301 ceterorum
1322 1269 1506 1315 quoque
1543 1254 1621 1314 qui
1644 1253 1790 1300 Hero-

260 1327 419 1373 nianae
442 1326 717 1387 geometriae
750 1326 969 1385 reliquias
994 1327 1229 1371 continent
1256 1327 1528 1372 auctoritate
1554 1324 1791 1371 confirma-

261 1405 360 1454 tur,
402 1397 614 1456 quoniam
640 1397 684 1440 in
712 1396 922 1441 omnibus
957 1396 1114 1442 eodem
1150 1396 1245 1441 fere
1280 1396 1415 1441 modo
1453 1396 1707 1455 fragmenta
1734 1396 1792 1442 de

259 1468 485 1513 mensuris
512 1467 766 1527 perscripta
791 1466 1094 1512 inveniuntur.

573 1602 792 1643 Conclusio
824 1604 876 1643 de
905 1603 1159 1655 fraymentis
1190 1603 1468 1644 Heronianis.

173 1690 230 1738 12
368 1689 449 1735 Sed
480 1687 591 1735 haec
617 1691 847 1735 hactenus.
900 1690 1057 1735 Restat
1077 1690 1286 1750 denique,
1319 1699 1367 1736 ut
1392 1692 1486 1736 eius
1513 1690 1790 1751 disputatio-

258 1762 328 1805 nis
375 1761 420 1805 in
468 1773 599 1819 quam
644 1759 786 1805 adhuc
837 1760 1128 1806 incubuimus
1168 1761 1402 1807 conclusio
1442 1761 1657 1820 quaedam
1693 1761 1785 1806 fiat.

259 1829 506 1890 Scripsisse
551 1831 691 1890 igitur
723 1830 946 1875 Heronem
1001 1845 1142 1892 opus,
1191 1832 1312 1892 quod
1348 1826 1788 1891 Γεωμετρούμενα

255 1900 604 1957 inscribebatur,
627 1907 908 1961 compertum
930 1901 1160 1947 habemus.
1213 1901 1318 1947 Eius
1340 1902 1450 1947 duas
1470 1909 1623 1962 partes
1645 1902 1787 1948 fuisse

259 1970 477 2029 suspicati
513 1984 695 2028 sumus,
733 1985 924 2032 quarum
961 1971 1007 2016 in
1043 1971 1183 2017 altera
1220 1973 1265 2017 in
1300 1974 1560 2017 universum
1599 1973 1653 2017 de
1688 1980 1784 2018 arte

259 2041 536 2099 geometrica
571 2043 858 2101 praecepisse
895 2042 1083 2102 eiusque
1110 2043 1373 2102 gravissima
1411 2050 1454 2088 et
1490 2044 1709 2088 axiomata
1741 2051 1786 2088 et

213 2157 218 2161 ,
258 2109 537 2156 theoremata
566 2113 887 2171 proposuisse,
913 2114 959 2157 in
986 2111 1128 2158 altera
1154 2111 1435 2172 problemata
1460 2113 1514 2157 ad
1542 2127 1673 2158 usum
1701 2127 1786 2174 po-

256 2179 458 2238 pularem
497 2182 830 2227 accommodata
871 2189 917 2228 et
952 2184 1251 2242 proposuisse
1288 2191 1333 2229 et
1366 2182 1554 2228 solvisse
1593 2184 1786 2230 videtur,

256 2248 442 2295 Maxime
472 2256 620 2296 autem
648 2251 691 2295 id
719 2253 837 2311 egit,
867 2259 920 2298 ut
946 2267 1242 2314 quaecunque
1269 2253 1322 2300 ad
1350 2260 1490 2299 artem
1524 2268 1660 2314 agros
1686 2269 1781 2300 me-

254 2319 410 2376 tiendi,
434 2334 566 2380 quam
586 2335 669 2366 nos
695 2322 984 2381 geodaesiam
1010 2323 1218 2382 dicimus,
1241 2323 1525 2385 pertinerent
1553 2325 1599 2368 in
1627 2325 1782 2371 eodem

254 2389 370 2434 libro
405 2389 676 2450 explicaret,
729 2400 1012 2453 quapropter
1047 2394 1181 2439 etiam
1223 2408 1536 2440 mensurarum
1583 2394 1782 2441 tabulam

255 2459 529 2518 interposuit
550 2457 598 2520 ¹).
650 2461 740 2507 lam
773 2463 847 2509 hic
873 2463 1066 2509 Heronis
1090 2464 1208 2510 liber
1234 2478 1338 2515 non,
1357 2464 1504 2511 solum
1531 2465 1577 2510 in
1612 2466 1787 2512 scholis-

371 2604 417 2655 1)
448 2608 762 2652 Exscribenda.
792 2613 870 2654 hic
901 2614 1116 2656 videntur
1148 2629 1265 2668 quae
1307 2616 1584 2657 Letronnius
1626 2613 1777 2669 (Reclz.

257 2673 299 2712 p.
325 2662 376 2725 73⁸3
399 2661 457 2713 S.)
491 2667 694 2706 extrema
726 2669 1036 2722 disputatione
1069 2671 1122 2711 de
1144 2673 1344 2713 Heronis
1375 2674 1629 2725 geometria
1660 2685 1781 2713 sum-

258 2721 414 2783 matim
454 2722 684 2770 proponit:
749 2724 820 2764 Cet
849 2739 1058 2779 ouvraye,
1097 2731 1355 2769 maintenant
1386 2730 1550 2781 perdta,
1590 2731 1695 2769 §tait
1722 2743 1785 2770 ειη·

257 2778 383 2811 trazte
413 2777 588 2838 eotpplet
619 2777 670 2815 de
705 2779 934 2822 Geometrie
962 2786 1162 2837 prolique
1192 2798 1245 2826 ou
1276 2787 1328 2826 de
1362 2785 1564 2826 Geode‘sie
1595 2783 1778 2835 (suivant

253 2829 537 2895 lfempresszon
570 2834 793 2896 grecque),
842 2839 893 2876 oit
931 2841 972 2878 Ia
1008 2843 1189 2881 solution
1227 2843 1279 2882 de
1319 2848 1411 2882 tous
1446 2844 1508 2882 les
1538 2842 1778 2898 prohlames

255 2889 356 2922 etcut
395 2891 626 2935 rapportee
666 2902 753 2928 auoe
798 2903 981 2933 mes-ures
1019 2898 1174 2947 le'yales
1215 2897 1386 2938 e'table’es
1424 2911 1476 2938 en
1512 2899 1679 2950 Egypte
1721 2911 1774 2939 au

254 2945 385 2991 temps
415 2941 467 2979 de
498 2942 689 2984 l'auteur.
743 2944 817 2984 Get
846 2959 1025 2996 ouvraqe
1058 2954 1159 2992 emit
1184 2955 1370 3005 pret-ede}
1402 2952 1501 2994 d’un
1524 2954 1690 2994 tableau
1721 2954 1782 2994 de
