1946 3220
522 149 854 184 SCRIPTORES
883 148 1140 184 GRAncos.
1522 131 1593 185 69

71 279 158 311 nus
186 263 300 310 olei
326 263 484 310 libram
511 277 647 309 unam
673 269 719 308 et
743 263 971 309 dimidiam
994 263 1190 325 pendere
1215 263 1420 311 traditur.
1461 263 1593 320 Quod

4 360 5 365 =
72 335 251 396 quidem
287 335 538 381 rectissime
572 333 658 380 dici
694 347 945 394 cognosces
979 349 1003 381 e
1028 334 1196 381 tabulis
1232 334 1438 381 Galeneis
1475 333 1591 398 (cap.

68 406 139 463 lv,
166 408 233 451 14.
275 404 381 462 xm,
406 407 432 448 8
460 403 551 464 al.).
622 404 729 450 Inde
766 404 900 450 etiam
937 412 1067 451 antea
1094 405 1154 465 (3)
1187 420 1272 467 pro
1302 401 1335 466 ἡ
1370 401 1430 454 δὲ
1454 400 1590 467 χήμη

69 471 185 534 ἄγει
218 470 397 535 λίτραν
437 470 557 535 μίαν
592 470 745 535 ἥμιςυ
792 476 1030 523 scribenda
1067 483 1173 523 sunt
1208 471 1239 525 ὁ
1278 473 1338 525 δὲ
1370 472 1592 537 ξέςτης

70 554 155 594 etc.
213 547 302 592 Iam
344 552 550 604 constat,
586 547 625 592 si
658 546 852 608 liquoris
895 546 1164 608 significatio
1198 548 1244 593 in
1287 547 1592 609 ponderandis

69 618 294 664 mensuris
326 618 586 675 omittatur,
630 617 902 679 plerumque
944 620 1097 664 vinum
1134 618 1204 664 vel
1242 633 1428 680 aquam,
1473 619 1592 664 unde

69 690 214 735 omnIs
240 687 290 734 fit
315 687 531 750 ponderis
558 687 787 747 definitio,
819 688 1048 749 intellegi3
1091 702 1246 734 verum
1278 703 1330 734 ex
1365 690 1453 735 hoc
1487 689 1591 735 loco

69 758 325 820 colligimus
352 760 487 805 etiam
517 759 572 805 ad
600 759 688 805 olei
714 760 894 821 pondus
923 773 1161 806 mensuras
1190 761 1253 806 ita
1279 758 1455 805 definiri
1483 773 1592 820 pos·

70 844 142 888 se,
171 837 222 876 ut
247 831 345 876 eius
376 829 521 890 ipsius
550 829 742 890 liquoris
767 830 892 876 nulla
915 829 992 876 fiat
1016 828 1248 890 menti02).
1302 828 1432 885 Quod
1456 830 1594 876 maxi-

67 902 129 947 mi
154 901 369 947 momenti
398 907 478 946 estv
494 901 548 947 ad
574 901 743 947 multos
763 900 891 947 locos
915 903 992 962 qui
1014 907 1269 962 sequuntur
1288 900 1593 962 explicandos.

66 973 153 1019 Res
182 978 331 1018 autem
359 972 457 1032 ipsa
481 971 585 1017 inde
610 978 711 1018 orta
738 979 830 1030 est,
869 973 988 1033 quod
1021 972 1183 1019 medici
1207 972 1477 1033 plerumque
1504 971 1593 1017 olei

64 1042 306 1104 liquorem,
328 1056 419 1088 non
445 1042 534 1088 vini
563 1050 640 1089 aut
667 1057 828 1104 aquae,
855 1033 900 1088 in
927 1043 1137 1090 formulis
1162 1043 1593 1090 medicamentorum

69 1113 422 1175 perscribebant.

170 1186 314 1230 Porro
346 1199 400 1230 eo
426 1184 528 1231 loco
554 1185 607 1230 de
634 1199 725 1246 quo
753 1186 927 1245 agimus
953 1185 1089 1230 etiam
1119 1185 1231 1231 haec
1250 1185 1492 1245 leguntur:
1530 1178 1594 1231 τὸ

68 1252 126 1304 δὲ
165 1251 443 1316 ὀξύβαφον
474 1250 729 1316 τέταρτόν
765 1250 868 1303 ἑςτι
906 1250 1152 1314 κοτύλης,
1194 1250 1354 1303 ὁλκὰς
1391 1251 1450 1302 δὲ
1487 1249 1595 1315 ἔχει

67 1322 167 1374 δύο
205 1321 405 1387 ὀβολὸν
433 1319 481 1373 α’
506 1323 737 1385 χαλκοῦς
774 1319 840 1373 δ”
871 1320 901 1374 ὁ
927 1322 986 1374 δὲ
1011 1320 1206 1373 κύαθος
1235 1321 1341 1386 ἔχει
1366 1319 1595 1385 κοτύλης

0 1405 7 1409 ’
68 1393 248 1454 ἕκτον,
284 1392 446 1444 ὁλκὰς
470 1389 533 1456 η’.
583 1397 702 1443 Haec
727 1403 946 1458 corrupta
975 1410 1075 1443 esse
1109 1403 1309 1457 apparet.
1356 1396 1465 1442 Nam
1492 1409 1595 1442 cum

70 1468 356 1529 oxybaphum
393 1474 554 1529 quarta
587 1468 764 1528 cotylae
790 1482 896 1528 pars
928 1467 1013 1525 sit,
1050 1468 1201 1528 cotyla
1232 1473 1381 1512 autem
1412 1466 1595 1512 dimidia

68 1539 278 1596 sextarii,
322 1553 509 1585 necesse
545 1545 615 1584 est
651 1538 934 1599 oxybaphum
970 1538 1134 1584 habeat
1170 1538 1368 1584 uncias
1404 1537 1517 1584 duas
1549 1543 1595 1583 et

68 1610 375 1671 quadrantem.
427 1609 476 1655 In
501 1609 654 1655 tabula
683 1616 832 1655 autem
859 1603 1048 1657 ὁλκαί
1075 1610 1190 1655 duae
1216 1623 1318 1655 cum
1346 1608 1596 1670 quadrante

68 1681 331 1727 afferuntur.
382 1680 471 1726 Iam
509 1680 632 1726 vtdes
666 1680 712 1725 in
750 1694 840 1741 quo
871 1682 930 1726 sit
954 1686 1214 1741 peccatum:
1251 1680 1407 1727 uncias
1434 1685 1480 1725 et
1506 1673 1594 1727 ὁλ-

66 1747 161 1800 κά(
197 1751 290 1797 sive
326 1752 559 1798 drachmas
595 1751 796 1811 scriptor
823 1751 942 1797 inter
975 1765 1022 1797 se
1058 1751 1281 1797 confudit.
1332 1750 1422 1797 Nec
1444 1755 1596 1795 tamen

0 1846 4 1852 v
67 1823 188 1868 hunc
224 1836 429 1868 errorem
471 1821 601 1868 nobis
632 1822 866 1882 corrigere
896 1820 1027 1878 licet,
1074 1822 1180 1882 quia
1223 1835 1307 1882 pro
1349 1821 1596 1882 quadrante

66 1893 272 1939 unciae
318 1892 473 1954 posuit
515 1892 698 1938 obolum
735 1899 781 1938 et
819 1892 1026 1950 chalcos,
1074 1892 1377 1938 drachmae
1420 1898 1593 1952 partes.

68 1963 164 2019 Quo
196 1964 506 2009 demonstrato
544 1963 630 2009 iam
665 1963 874 2024 equidem
912 1963 956 2008 in
993 1962 1256 2024 explicanda
1289 1963 1439 2023 cyathi
1473 1975 1598 2007 men-

69 2048 202 2091 sura,
233 2034 305 2080 cui
340 2041 443 2080 octo
470 2034 706 2080 drachmae
732 2048 944 2095 perverse
969 2034 1263 2092 tribuuntur⁷
1302 2047 1393 2079 non
1420 2032 1597 2089 laboro,

69 2106 282 2165 quoniam
311 2119 425 2166 quae
461 2105 575 2151 falso
602 2105 656 2151 ab
684 2106 784 2166 ipso
820 2112 1007 2151 auctore
1035 2104 1204 2165 scripta
1233 2117 1333 2150 esse
1366 2108 1596 2166 appareat,

69 2189 119 2221 ea
151 2190 242 2222 non
271 2176 547 2222 emendanda
578 2190 677 2222 esse
703 2190 884 2222 censeo.

170 2247 410 2292 Praeterea
438 2249 659 2293 sextarius
684 2247 738 2293 ad
766 2247 876 2292 duas
903 2246 1069 2304 libras,
1099 2253 1144 2292 et
1167 2243 1318 2306 cotyla
1348 2258 1463 2306 quae
1489 2239 1598 2292 Ἑλ-

70 2312 250 2375 ληνική
279 2316 533 2377 appellatur
559 2318 611 2363 ad
640 2332 774 2363 unam
809 2317 968 2363 libram
994 2282 1265 2379 rediguntur
1289 2315 1364 2376 (5).
1414 2314 1505 2360 Hae
1530 2315 1600 2359 ni·

68 2388 232 2432 mirum
271 2394 378 2432 sunt
409 2383 638 2448 μετρικαί
674 2388 766 2434 sive
802 2388 942 2434 librae
978 2403 1146 2434 cornus
1183 2387 1366 2443 olearii‚
1412 2386 1465 2430 de
1506 2398 1596 2445 quo

68 2457 287 2503 continuo
319 2457 577 2503 docebimus
607 2457 654 2517 (g
680 2457 768 2517 46).
820 2458 986 2504 Ibidem
1030 2459 1252 2504 sextarius
1283 2456 1479 2517 primum
1508 2454 1596 2501 olei

68 2528 294 2588 pondere,
340 2528 393 2573 de
421 2542 511 2588 quo
539 2528 624 2573 iam
650 2529 871 2586 diximus,
907 2536 1004 2574 tum
1040 2529 1127 2573 vini
1156 2527 1356 2587 pondere
1385 2509 1595 2586 exigitur.

67 2598 305 2645 Interiecta
350 2604 498 2644 autem
548 2605 619 2645 est
659 2597 983 2645 Alexandrinae
1027 2597 1203 2658 cotylae
1240 2596 1457 2643 definitio.
1514 2595 1597 2643 Hic

67 2668 416 2715 Montfauconus
451 2683 542 2714 non
582 2676 702 2715 recte
728 2664 945 2726 οὐγγίαε
975 2682 1003 2715 κ
1029 2669 1194 2726 edidit,
1229 2682 1328 2714 cum
1354 2660 1402 2727 η’
1428 2667 1595 2715 collato

181 2851 223 2900 2)
254 2850 324 2891 De
356 2850 446 2891 hac
478 2862 526 2890 re
561 2851 599 2890 si
631 2850 706 2891 cui
729 2849 958 2890 dubitatio
983 2849 1246 2901 inhaereat,
1280 2847 1409 2901 legat
1431 2845 1594 2887 Galen.

71 2905 175 2950 coll.
208 2919 310 2960 cap.
342 2908 408 2948 IX
440 2907 513 2959 (fr.
547 2906 736 2959 59‚19),
774 2906 855 2946 ubi
889 2906 1047 2947 eadem
1080 2906 1223 2948 verba
1255 2904 1409 2946 addito
1440 2900 1597 2944 ἐλαίου

67 2964 290 3006 vocabulo
322 2965 630 3007 inveniuntur.
