1946 3220
288 151 395 205 284
458 225 460 227 ·
909 167 1231 203 FRAGMENTA
1711 153 1814 222 [92]

288 279 356 344 ἦν
382 279 441 332 δὲ
471 278 536 331 οὐ
562 277 763 342 δραχμὴ
789 275 1010 341 νόμιςμα
1034 278 1221 342 μόνον,
1253 277 1389 330 ἀλλὰ
1413 277 1496 330 καὶ
1522 295 1813 344 πεντηκον-

288 363 594 428 τάδραχμον
629 362 713 412 καὶ
752 360 1162 427 πεντάδραχμον
1200 362 1345 427 παρὰ
1388 363 1698 428 Κυρηναίοις
1732 364 1816 417 καὶ

288 447 683 511 τετράδραχμον
706 444 945 498 ἐκαλεῖτο
970 446 1053 498 καὶ
1071 445 1390 511 τρίδραχμον
1409 447 1493 499 καὶ
1514 446 1814 513 δίδραχμον.

288 532 350 583 τὸ
376 531 606 584 παλαιὸν
633 529 692 582 δὲ
715 530 869 583 τοῦτ’
893 530 959 594 ἦν
986 530 1282 596 Ἀθηναίοις
1307 532 1556 596 νόμιςμα,
1587 533 1671 584 καὶ
1700 532 1817 585 ἐκα-

232 632 257 671 5
287 615 430 668 λεῑτο
463 617 619 681 βοῦς,
665 615 746 668 ὅτι
774 617 907 682 βοῦν
939 613 1082 680 εἶχεν
1121 616 1575 681 ἐντετυπωμένον.
1625 617 1820 671 εἰδέναι

289 698 346 751 δ’
377 699 510 753 αὐτὸ
539 700 623 752 καὶ
652 700 894 766 Ὅμηρον
919 700 1220 764 νομίζουςιν
1250 699 1470 755 εἰπόντα
1496 701 1818 767 (ἑκατόμβοι’

226 784 657 851 61ἐννεαβοίων.’
716 785 800 838 καὶ
838 786 941 850 μὴν
985 785 1084 838 κάν
1129 786 1241 837 τοῖς
1277 785 1593 851 Δράκοντος
1636 786 1820 850 νόμοις

290 868 427 924 ἔςτιν
454 868 729 924 ἀποτίνειν
755 868 1108 936 εἰκοςάβοιον’
1137 869 1221 922 καὶ
1246 869 1305 922 ἐν
1334 875 1397 939 τῇ
1426 870 1571 935 παρὰ
1598 869 1822 934 Δηλίοις

290 954 490 1021 θεωρίᾳ
522 954 620 1009 τὸν
654 955 853 1020 κήρυκα
883 954 1157 1020 κηρύττειν
1193 955 1384 1020 φαςίν,
1435 954 1601 1008 ὁπότε
1643 955 1823 1020 δωρεά

207 1052 261 1092 10
289 1055 390 1092 τινι
415 1038 633 1102 δίδοιτο,
664 1038 745 1092 ὅτι
775 1039 895 1105 βόες
921 1041 1170 1091 τοςοῦτοι
1195 1039 1510 1102 δοθήςονται
1537 1041 1711 1109 αὐτῷ,
1737 1039 1823 1092 καὶ

289 1123 525 1177 δίδοςθαι
560 1124 682 1175 καθ’
719 1123 936 1176 ἕκαςτον
981 1125 1112 1187 βοῦν
1159 1122 1258 1175 δύο
1301 1123 1536 1188 δραχμὰς
1570 1124 1823 1176 Ἀττικάς·

291 1207 416 1260 ὅθεν
443 1207 575 1261 ἔνιοι
601 1207 823 1272 Δηλίων
849 1207 947 1259 ἀλλ
964 1207 978 1226 ³
1002 1207 1101 1259 οὐκ
1124 1206 1418 1271 Ἀθηναίων
1442 1207 1664 1272 νόμιςμα
1689 1206 1825 1261 εἶναι

290 1290 428 1345 ἴδιον
464 1292 562 1345 τὸν
598 1295 728 1356 βοῦν
754 1291 1071 1356 νομίζουςιν.
1124 1292 1370 1346 ἐντεῦθεν
1400 1292 1459 1344 δὲ
1484 1292 1568 1344 καὶ
1599 1292 1695 1356 τὴν
1724 1307 1823 1344 πα-

250 1375 503 1469 ροιμίαν
540 1376 770 1441 εἰρῆςθαι
805 1377 904 1441 τὴν
933 1378 1092 1441 <βοῦς
1120 1376 1206 1428 ἐπὶ
1230 1377 1437 1445 γλώςςῃ
1467 1375 1732 1442 βέβηκεν,’
1778 1375 1826 1428 εἴ

210 1484 263 1522 15
292 1477 368 1513 τις
393 1460 486 1512 ἐπ’
510 1460 747 1527 ἀργυρίῳ
774 1463 1004 1529 ςιωπῴη.
1054 1459 1120 1524 ἣν
1142 1460 1338 1524 μέντοι
1373 1460 1446 1512 ὡς
1468 1460 1825 1525 Ἀριςτοτέλης

294 1545 481 1609 φηςὶν
517 1543 576 1597 ἐν
610 1545 817 1613 Κυρήνῃ
850 1545 934 1596 καὶ
959 1545 1376 1609 τετραςτάτηρον
1403 1545 1487 1596 καὶ
1523 1545 1716 1610 ςτατὴρ
1742 1545 1826 1596 καὶ

293 1628 643 1694 ἦμιςτάτηρον
690 1631 856 1693 χρυςᾶ
896 1628 1197 1693 νομίςματα.
1268 1631 1360 1692 τῆς
1399 1630 1457 1680 δὲ
1490 1631 1724 1692 δραχμῆς
1761 1629 1823 1680 τὸ

293 1712 443 1778 ἥμιςυ
483 1712 813 1778 ἦμίδραχμον
847 1715 1107 1777 καλεῖται,
1155 1713 1239 1764 καὶ
1275 1712 1452 1776 τρίτον
1498 1711 1826 1778 ἡμίδραχμον

294 1797 347 1849 αἱ
373 1797 472 1850 δύο
497 1797 647 1861 ἥμιςυ
672 1797 910 1861 δραχμαί.

210 1880 265 1919 20
400 1882 476 1934 Τὸ
511 1881 566 1933 δ’
589 1880 919 1946 ἡμίδραχμον
964 1881 1048 1933 καὶ
1089 1881 1387 1946 τριώβολον
1424 1880 1489 1933 ἂν
1528 1881 1725 1933 καλοῖς.
1777 1880 1828 1932 οἱ

296 1965 476 2029 μέντοι
508 1964 650 2017 ὀκτὼ
686 1965 930 2030 ὀβολοὶ
954 1964 1200 2030 ἡμίεκτον
1227 1964 1593 2030 ὠνομάζοντο,
1624 1964 1698 2017 ὥς
1725 1981 1826 2029 φη-

296 2065 374 2102 ςιν
401 2049 460 2102 ἐν
488 2049 656 2116 Λαμίᾳ
685 2049 906 2113 Κράτης·

367 2133 614 2198 ἡμίεκτόν
642 2133 745 2185 ἐςτι
771 2136 997 2197 χρυςοῦ,
1025 2133 1332 2196 μανθάνεις;
1375 2132 1515 2184 ὀκτὼ
1544 2133 1729 2198 ’βολοί.

295 2218 362 2282 ἦν
399 2218 459 2270 δὲ
492 2218 576 2269 καὶ
609 2217 908 2282 τριώβολον
937 2217 1020 2268 καὶ
1046 2218 1313 2281 διώβολον
1342 2215 1452 2280 εἴδη
1493 2216 1826 2281 νομιςμάτων

213 2287 274 2372 2⁶5?
299 2303 574 2364 Ἀττικῶν,
627 2301 689 2353 τὸ
741 2303 835 2366 μὲν
884 2300 1150 2365 διώβολον
1202 2300 1332 2365 ἔχον
1387 2300 1826 2364 ἐντετυπωμένην

297 2388 501 2447 γλαῦκα
524 2385 608 2438 καὶ
634 2384 692 2438 ἐκ
715 2385 942 2450 θατέρου
963 2384 1257 2448 πρόςωπον
1279 2384 1431 2448 Διός,
1458 2385 1521 2437 τὸ
1548 2386 1606 2437 δὲ
1634 2385 1828 2449 τετρώ-

302 2472 466 2533 βολον
492 2471 554 2522 τό
582 2471 676 2534 μὲν
697 2469 993 2534 πρόςωπον
1017 2468 1233 2535 ὁμοίως,
1259 2468 1358 2521 δύο
1384 2470 1443 2522 δὲ
1467 2469 1561 2521 τὰς
1581 2470 1826 2530 γλαῦκας.

418 2603 452 2638 1.
484 2596 545 2649 ἦν
575 2597 624 2639 δὲ
654 2596 682 2648 ἡ
716 2597 894 2651 δραχμὴ
928 2595 985 2638 οὐ
1017 2595 1212 2648 νόμιςμα
1243 2595 1391 2647 μόνον
1422 2581 1479 2636 ΒΞ·
1572 2597 1611 2637 8.
1645 2592 1830 2637 ἀποτεί-

304 2677 401 2706 νειν
432 2665 672 2716 δεκάβοιον
707 2669 761 2707 Di
875 2669 942 2708 10.
974 2664 1146 2708 δίδοιτο
1180 2679 1288 2719 ego,
1321 2664 1501 2706 ἐδίδοτο
1532 2666 1611 2718 Εἰ,
1653 2662 1830 2706 δίδοται

304 2735 386 2786 Be,
419 2732 573 2776 δίδοτο
603 2737 679 2778 vel
711 2735 890 2778 ἐδίδοτο
920 2736 1026 2776 libri
1142 2734 1419 2787 δοθήςονται
1450 2733 1582 2785 αὐτῷ
1615 2735 1830 2775 τοςοῡτοι

305 2802 408 2854 βόες
442 2804 498 2843 Di
612 2807 678 2846 15.
711 2804 960 2858 ςιωπήςειν
990 2808 1050 2847 Di
1164 2808 1230 2849 19.
1270 2804 1344 2845 καὶ
1384 2808 1487 2857 post
1524 2802 1609 2844 δύο
1641 2803 1742 2845 add.
1772 2804 1833 2842 Dz·

306 2875 376 2915 23.
400 2871 635 2924 μανθάνῃς
658 2876 718 2913 Di
812 2878 878 2916 22.
904 2873 1060 2926 ὀβολοί
1081 2875 1241 2929 vulgo,
1275 2887 1386 2915 corr.
1412 2872 1672 2923 Meinekius3
1707 2873 1826 2914 conf.

304 2943 507 2995 Hesych.
539 2956 584 2983 v.
618 2941 758 2992 ’βολοί
872 2947 939 2986 25.
973 2945 1082 2997 ἔχον
1113 2943 1329 2987 ἐντετυπ.
1359 2944 1419 2983 Di
