1946 3220
296 142 402 196 256
688 161 1008 196 FRAGMENTA
1044 162 1113 194 Dm
1150 161 1408 198 mmsmus
1719 146 1821 216 [79]
1908 138 1930 186 f!

373 271 453 323 19.
495 271 570 323 Τὸ
595 269 828 334 τριβλίον
855 269 917 322 τὸ
949 269 1080 322 αὐτὸ
1109 270 1303 335 μέτρον
1328 273 1495 335 χωρεῖ
1519 276 1580 339 τῇ
1611 255 1667 335 ἷέ,
1714 272 1822 336 ἔχει
1910 277 1916 286 ”

298 356 400 420 γὰρ
425 354 599 422 μέτρῳ
626 355 720 418 μὲν
747 353 977 406 κυάθους
1004 349 1064 418 ς’,
1093 360 1301 424 ςταθμῷ
1329 356 1388 407 δὲ
1413 354 1452 409 <0
1478 354 1532 408 Ξ’.

369 438 450 489 20.
488 438 548 490 Ὁ
584 437 763 502 ξέςτης
791 437 821 490 ὁ
857 438 1278 504 Ἀλεξανδρείτης
1314 439 1445 507 [ἔχει
1475 436 1590 509 ,ςβ’]
1628 439 1820 503 μέτρον

299 523 393 586 μὲν
421 522 529 586 ἔχει
554 506 583 573 1‘}
610 519 671 586 β’,
711 526 918 592 ςταθμῷ
954 524 1013 575 δὲ
1052 522 1089 577 <0
1116 522 1153 578 <⁰
1191 522 1279 588 ρκ’.
1330 526 1562 576 καλεῖται
1597 524 1655 577 δὲ
1691 525 1822 588 παρ’

243 617 268 657 5
297 605 597 668 Αἰγυπτίοις
623 606 652 659 ὁ
679 606 856 671 ξέςτης
879 605 1033 660 ἰνίον.

369 688 452 742 21.
492 690 567 745 Τὸ
605 690 881 758 ὀξύβαφον
910 692 1018 757 ἔχει
1046 677 1076 744 κ’
1106 690 1183 757 δ”,
1226 692 1424 746 κύαθον
1458 691 1505 743 α’
1529 701 1587 756 5,
1615 696 1822 756 ςταθμῶ

299 774 360 826 δὲ
385 773 423 829 Φ
449 774 488 829 <0
515 773 587 828 ιε’.

369 857 452 910 22.
495 859 666 926 Κόγχη
690 861 722 925 ἡ
749 861 947 926 μεγάλη
968 861 1030 914 τὸ
1057 861 1189 914 αὐτὸ
1214 862 1408 926 μέτρον
1430 860 1581 914 ςώῑει
1601 865 1677 930 τῷ
1705 861 1823 916 ὀξυ-

303 943 486 1012 βάφῳ’
526 944 635 1008 ἔχει
659 946 761 1010 γὰρ
789 946 983 1010 μέτρον
1007 947 1101 1010 μὲν
1132 946 1331 999 κύαθον
1362 942 1409 998 α’
1433 955 1493 1009 5,
1527 950 1735 1014 ςταθμῷ
1767 947 1826 999 δὲ

219 1038 271 1079 10
302 1026 340 1082 4³
367 1027 443 1092 ιε’,
470 1029 501 1093 ἡ
528 1030 586 1082 δὲ
609 1029 848 1083 ἐλάττων
876 1030 1039 1095 κόγχη
1060 1030 1368 1095 ἡμικύαθον,
1392 1035 1601 1100 ςταθμῷ
1626 1032 1686 1083 δὲ
1711 1030 1749 1084 <0
1772 1027 1823 1083 ε’.

372 1112 455 1164 23.
493 1114 552 1166 Ὁ
582 1114 777 1167 κύαθος
809 1115 917 1179 ἔχει
942 1120 1076 1180 δραχ
1102 1154 1113 1165 .
1140 1155 1150 1165 .
1178 1155 1188 1165 .
1227 1100 1257 1166 ιῖ
1292 1114 1354 1167 τὸ
1379 1112 1451 1173 ς”.

371 1195 454 1248 24.
492 1198 670 1250 Ταῦτα
699 1198 806 1251 ἀπὸ
832 1201 943 1252 τῶν
972 1203 1297 1264 γεωργικῶν.

1024 1368 1105 1420 79.
1156 1424 1158 1426 ,

412 1464 455 1515 1.
493 1465 551 1516 Ἡ
589 1467 721 1529 μνᾶς
760 1466 867 1531 ἔχει
898 1469 938 1520 Ιῖ
965 1466 1046 1530 ις’,
1087 1467 1377 1531 νομίςματα
1402 1464 1500 1528 (3,ςῖ
1563 1466 1594 1529 ἡ
1628 1466 1826 1530 Ἀττικὴ

222 1556 275 1597 15
304 1550 437 1612 μνᾶς
462 1548 569 1613 ἔχει
594 1550 634 1602 13·
652 1548 725 1614 ιβ’
749 1559 799 1614 5,
826 1550 1115 1615 νομίςματα
1142 1550 1229 1603 οε’.
1278 1551 1310 1614 ἡ
1337 1550 1598 1615 Ῥωμαϊκὴ
1628 1551 1668 1604 [δ’
1694 1547 1749 1602 κ’.
1795 1550 1826 1614 ἡ

302 1631 638 1697 Πτολεμαῑκὴ
661 1635 701 1686 [ἲ
724 1633 805 1699 ιη’,
832 1623 1118 1700 νομίςματα
1144 1634 1236 1699 ρη’.

409 1714 456 1768 2.
495 1718 555 1769 ‘O
594 1720 825 1781 χαλκοῦς
868 1720 927 1771 δὲ
964 1717 1017 1772 ε”
1059 1719 1290 1771 Ἀττικοῦ
1333 1717 1659 1783 ἡμιοβολίου.
1715 1718 1829 1770 Νῒκαὶ

303 1800 614 1866 ἡμιοβολίου
640 1803 701 1854 τὸ
729 1798 788 1854 δ”
812 1803 1055 1868 πέμπτον
1086 1804 1148 1855 τὸ
1175 1801 1234 1862 ς”
1255 1802 1363 1872 ἔχει
1389 1803 1620 1855 Ἀττικοῦ
1648 1806 1675 1868 β
1704 1805 1829 1867 χαλ-

305 1889 403 1937 κοῦ
431 1886 514 1938 καὶ
539 1888 715 1950 χαλκ..
744 1885 1027 1952 β’πέμπτα.
1057 1888 1243 1955 [καὶτὸ
1261 1887 1609 1940 διπλούνδιον
1630 1887 1829 1951 ὁμοίως

218 1977 275 2017 20
306 1969 420 2031 ἄγει
444 1970 680 2035 δραχμὰς
709 1971 788 2039 οἳ]

411 2053 457 2104 3.
496 2054 553 2105 Ἡ
581 2055 620 2107 Ιῒ
647 2054 754 2119 ἔχει
780 2054 818 2110 <0
844 2055 904 2120 η’.
931 2057 963 2120 ἡ
992 2056 1030 2110 <0
1057 2056 1166 2120 ἔχει
1185 2058 1224 2110 [3
1242 2056 1304 2108 τὸ
1326 2053 1740 2121 ἥδ’...ὀξύβαφα
1771 2055 1826 2120 β’.

306 2136 368 2189 τὸ
397 2138 456 2190 δὲ
482 2136 759 2203 ὀξύβαφον
786 2140 1015 2192 κυάθους
1042 2138 1107 2201 γ’.
1488 2167 1491 2170 -

411 2221 459 2274 4.
497 2221 555 2273 Ὁ
583 2221 777 2275 κύαθος
803 2223 911 2289 ἔχει
935 2224 1132 2287 μύςτρα
1155 2223 1308 2287 μικρὰ
1334 2217 1390 2287 β’.

411 2304 458 2358 5.
497 2306 572 2358 Τό
598 2307 904 2370 κοχλιάριον
939 2308 998 2359 δὲ
1023 2307 1251 2372 μύςτρου
1283 2307 1344 2359 τὸ
1374 2317 1419 2359 Ξ.

222 2395 276 2436 25
412 2389 458 2442 6.
499 2390 573 2443 Τὸ
607 2391 665 2444 δὲ
693 2390 971 2457 ὀξύβαφον
1010 2394 1214 2445 ποιεῖῐῖ
1243 2389 1299 2450 ς’.

423 2591 461 2629 1.
495 2573 540 2641 3]
585 2587 623 2641 <a
654 2591 750 2632 eod.
894 2592 935 2632 3.
975 2587 1242 2641 ἀλεξανδρει
1274 2592 1320 2630 et
1350 2590 1396 2629 in
1426 2588 1512 2629 fine
1545 2602 1768 2641 suprascr.
1803 2602 1830 2630 τ

313 2658 410 2698 cod.
525 2661 566 2699 4.
595 2644 641 2711 ἓ]
676 2658 715 2712 <ο
747 2659 848 2702 cod.
937 2660 976 2699 5.
1010 2658 1150 2709 ἡνίον
1184 2661 1282 2703 cod.
1390 2660 1429 2702 6.
1461 2643 1488 2699 ἓ
1518 2652 1587 2711 δ”]
1615 2657 1652 2711 <ο
1673 2653 1709 2700 δ’
1734 2660 1827 2702 cod.

309 2726 519 2779 ςταθμῲ]
554 2738 580 2771 ς
619 2742 720 2769 eum
758 2733 868 2770 nota
907 2731 1164 2782 compendii
1195 2730 1309 2781 cod.,
1349 2730 1458 2769 item
1490 2731 1514 2769 9
1686 2732 1726 2771 8.
1759 2732 1828 2781 τῷ

312 2795 444 2849 αὐτῷ
477 2795 630 2848 μέτρῳ
665 2800 763 2839 cod.
937 2801 1005 2842 11.
1043 2798 1159 2851 δραχ
1199 2813 1300 2840 cum
1337 2799 1528 2841 obscuro
1562 2799 1828 2852 compendio

314 2867 435 2918 eod.;
466 2866 610 2907 voluit
639 2867 843 2918 δραχμὰς
873 2863 900 2909 ι’
1009 2853 1056 2922 lq]
1092 2867 1129 2922 <ο
1162 2870 1259 2910 cod.

424 2935 493 2978 21.
528 2939 632 2976 ante
665 2935 877 2989 ὀξύβαφα
908 2940 1072 2981 desunt
1101 2939 1344 2992 nonnulla3
1376 2939 1480 2982 vide
1512 2941 1567 2982 fr.
1600 2942 1652 2981 62
