1946 3220
327 165 398 218 30
604 173 612 180 ‘
845 176 1242 212 PROLEGOMENA
1267 177 1322 211 m

329 296 404 355 qui
430 308 511 354 par
545 299 665 338 esset
688 293 887 337 Romano
917 284 1129 348 cubito⁴).
1179 290 1324 335 Porro
1359 303 1460 335 cum
1497 301 1550 333 ex
1587 288 1740 335 eadem
1776 303 1846 335 ra-

330 365 453 410 tione
481 363 708 424 plethrum
736 359 1059 406 Ptolemaicum
1093 365 1272 405 centum
1309 358 1472 419 pedum
1505 371 1595 404 non
1621 357 1846 404 diversum

327 441 447 480 esset
483 433 537 478 ab
572 439 675 477 actu
706 431 1035 487 Romanorum,
1079 432 1154 489 qui
1191 435 1369 475 centum
1405 435 1452 474 et
1481 429 1641 487 viginti
1670 434 1740 473 est
1770 441 1847 488 pe·

324 504 455 562 dum⁷
487 502 616 547 facile
642 500 840 546 additum
867 505 936 546 est
961 501 1185 559 iugerum,
1216 499 1303 545 hoc
1328 504 1398 545 est
1422 499 1615 544 duorum
1641 497 1846 558 plethro-

325 587 423 618 rum
448 572 517 617 vel
547 577 727 617 actuum
752 583 988 627 mensura,
1017 583 1105 629 qua
1133 569 1319 615 Romani
1346 570 1390 614 in
1417 569 1625 619 omnibus
1649 567 1846 628 publicis

324 642 576 688 rationibus
607 642 675 687 uti
701 640 920 686 solebant.
970 640 1206 685 Postremo
1233 640 1366 685 etiam
1392 641 1439 684 in
1465 640 1686 685 mensuris
1713 638 1845 683 itine-

323 726 449 769 rum,
488 718 704 772 quantum
740 710 836 756 fieri
870 708 1050 770 potuit,
1082 710 1335 760 similitudo
1362 715 1407 754 et
1434 722 1684 755 consensus
1709 721 1845 768 quae·

324 782 422 828 sita.
461 781 568 827 Nam
587 781 788 827 Romano
814 782 969 841 passui
993 781 1272 841 respondere
1292 778 1504 826 volebant
1526 775 1677 840 βῆμα,
1705 778 1843 839 quod,

321 852 507 912 perinde
531 865 582 898 ac
610 851 775 911 gradus
804 853 895 896 sive
921 850 1128 896 dimidius
1164 865 1351 911 passus,
1389 850 1582 896 duorum
1607 849 1772 910 pedum
1799 856 1847 894 et

324 923 526 968 semissis
558 929 702 977 esset;
731 922 810 967 sed
837 936 936 968 cum
963 921 1010 966 hi
1038 922 1176 982 pedes
1204 928 1355 967 essent
1381 919 1679 976 Philetaerei‚
1707 915 1843 979 βῆμα

322 999 416 1038 tres
442 992 579 1053 pedes
611 992 835 1038 Romanos
870 991 1089 1052 aequabat
1116 990 1171 1050 (v,
1197 991 1314 1037 infra
1342 991 1372 1050 S
1399 989 1486 1050 33).
1543 990 1683 1050 Magis
1709 991 1841 1036 etiam

321 1057 492 1120 μίλιον
527 1061 849 1108 Ptolemaicum
884 1076 906 1107 a
933 1061 1067 1107 simili
1095 1062 1397 1108 Romanorum
1433 1074 1646 1107 mensura
1672 1060 1844 1105 discre-

321 1132 471 1192 pabat.
529 1132 702 1178 Etenim
729 1147 782 1178 ex
810 1133 1136 1192 Aegyptiorum
1171 1132 1499 1179 consuetudine
1535 1131 1658 1176 mille
1697 1125 1843 1184 ξύλα,

319 1215 410 1247 non
442 1217 629 1262 passus⁷
665 1202 898 1247 miliariam
934 1216 1189 1248 mensuram
1228 1203 1431 1248 effecisse
1459 1201 1649 1247 vidimus
1678 1200 1725 1260 (S
1754 1198 1842 1260 17)‚'

319 1272 437 1318 unde
469 1272 635 1318 sactum
662 1279 757 1329 est,
787 1280 838 1318 ut
865 1272 977 1318 illud
1003 1267 1175 1331 μίλιον
1206 1272 1328 1318 mille
1356 1274 1615 1332 octingenta
1644 1267 1844 1331 βήματα

322 1338 429 1401 (non
454 1342 541 1387 duo
570 1341 734 1401 milia),
764 1343 854 1388 sive
882 1350 1100 1403 quattuor
1124 1343 1246 1388 milia
1276 1343 1552 1404 quingentos
1580 1342 1716 1403 pedes
1740 1341 1844 1386 Phi·

319 1412 542 1458 letaereos
566 1412 781 1471 haberet,
815 1413 1119 1459 Romanorum
1147 1414 1292 1474 igitur
1317 1413 1440 1459 mille
1466 1427 1630 1473 passus
1657 1426 1842 1472 supera-

319 1490 390 1528 ret
416 1482 608 1542 pedibus
638 1483 997 1543 quadringentis.

516 1648 582 1687 De
613 1649 922 1689 introductione
952 1649 1113 1700 primae
1146 1649 1311 1689 tabulae
1345 1650 1635 1690 Heronianae.

231 1741 290 1789 19
403 1734 598 1780 Diximus
624 1735 767 1782 adhuc
791 1736 844 1781 de
872 1735 983 1796 ipsis
1010 1733 1235 1781 mensuris
1262 1749 1376 1795 quae
1404 1736 1549 1795 prima
1578 1734 1727 1781 tabula
1754 1735 1840 1781 He-

318 1805 506 1850 roniana
543 1806 847 1851 continentur.
895 1805 1058 1851 Verum
1092 1807 1136 1851 in
1162 1805 1393 1852 codicibus
1418 1805 1684 1852 Heronianis
1709 1820 1840 1866 prae-

315 1875 451 1920 missa
479 1881 549 1920 est
577 1875 853 1921 introductio
881 1876 1098 1936 quaedam
1129 1876 1182 1921 de
1219 1882 1315 1921 arte
1354 1875 1569 1921 metiendi
1604 1875 1659 1921 ab
1694 1879 1839 1936 Aegy-

315 1945 422 2005 ptiis
448 1945 638 1990 inventa.
688 1947 751 1991 Ac
775 1939 1204 2005 primufflquidem,
1234 1960 1348 2006 quae
1378 1945 1422 1991 in
1450 1947 1605 1992 codice
1628 1946 1837 1992 Parisino

317 2014 621 2059 vetustissimo
649 2014 695 2073 (S
724 2015 793 2073 11)
831 2017 999 2075 scripta
1034 2018 1147 2072 sint,
1183 2016 1424 2061 videamus.
1481 2016 1571 2073 lbi⁷
1611 2023 1662 2061 ut
1701 2031 1835 2076 supra

315 2084 716 2130 demonstravimus
757 2084 803 2143 (S
838 2084 937 2143 15),
991 2099 1085 2130 non
1126 2085 1287 2145 procul
1332 2085 1386 2131 ab
1435 2086 1563 2131 initio
1610 2086 1838 2132 recentior

314 2167 626 2199 mensurarum
656 2155 807 2200 tabula
832 2155 1027 2215 legitur⁷
1055 2158 1126 2203 cui
1152 2155 1261 2202 haec
1287 2156 1535 2216 praemissa
1559 2164 1689 2203 sunt:

534 2248 783 2312 Ἥρωνος
812 2247 954 2313 ἀρχὴ·
975 2250 1085 2302 τῶν
1108 2250 1609 2314 γεωμετρουμένων.

420 2358 644 2410 Καθὼς<
624 2361 757 2422 ημᾶς
778 2359 808 2412 ὁ
829 2360 1056 2413 παλαιὸς
1076 2361 1298 2426 διδάςκει
1326 2361 1501 2426 λόγος,
1524 2361 1574 2414 οἱ
1598 2363 1834 2415 πλεῑςτοι

311 2430 421 2479 τοῖς
464 2429 582 2493 περὶ
622 2430 717 2493 τὴν
763 2433 864 2494 γῆν
905 2431 1113 2495 μέτροις
1158 2432 1241 2484 καὶ
1284 2435 1556 2499 διανομαῖς
1600 2431 1831 2498 ἀπηςχο-

313 2500 529 2551 λοῦντο
560 2498 683 2552 ὅθεν
707 2501 788 2552 καὶ
814 2501 1103 2565 γεωμετρία
1129 2502 1332 2566 ἐκλήθη.
1384 2503 1415 2567 ἡ
1447 2504 1505 2555 δε
1531 2507 1622 2567 τῆς
1646 2502 1830 2567 μετρή-

313 2582 443 2618 ςεως
478 2568 686 2621 ἐπίνοια
719 2570 938 2635 ηὕρηται
964 2589 1071 2636 παρ
1086 2571 1434 2635 Αἰγυπτίοις.
1489 2574 1575 2625 διὰ
1605 2573 1707 2637 γὰρ
1731 2573 1830 2637 τὴν

310 2639 407 2687 τοῦ
438 2636 628 2689 Νείλου
666 2639 916 2706 ἀνάβαςιν
942 2643 1122 2695 πολλὰ
1158 2643 1327 2707 χωρία
1363 2644 1573 2728 φανερὰ
1608 2642 1741 2696 ὄντα
1764 2647 1828 2710 τῇ

312 2704 560 2770 ἀναβάςει
585 2707 764 2773 ἀφανῆ
786 2711 1006 2775 ἐγίνετο,
1030 2714 1207 2765 πολλὰ
1234 2715 1292 2766 δε
1315 2714 1398 2764 καὶ
1422 2714 1549 2777 μετὰ
1571 2714 1667 2777 τὴν
1695 2712 1829 2766 ἀπό-

421 2917 464 2966 4)
496 2918 564 2956 Ex
602 2917 687 2958 hac
727 2919 826 2971 ipsa
866 2934 1077 2963 mensura
1107 2937 1135 2964 a
1165 2924 1380 2965 Romanis
1410 2924 1685 2976 Aegyptium
1711 2935 1826 2976 qua·

310 2971 487 3013 drantal
522 2985 608 3013 nov
615 2986 728 3026 aque
764 2977 926 3016 artaba
956 2978 1166 3020 derivata
1197 2984 1316 3021 sunt.
1376 2980 1428 3021 V.
1461 2980 1584 3020 infra
1615 2981 1638 3029 ἓ
1670 2982 1737 3021 39.
