1946 3220
184 1057 246 1106 16

270 139 342 193 24
386 144 389 148 ’
782 151 1182 190 PROLEGOMENA
1210 152 1267 186 m

270 272 426 318 haberi
462 283 598 332 posse
633 269 950 315 intelleximus.
1001 265 1118 310 Haec
1142 265 1284 325 igitur
1314 263 1464 310 tabula
1491 263 1546 310 de
1583 278 1670 324 qua
1702 265 1799 324 agi-

271 357 396 399 mus⁷
429 348 480 386 ut
507 346 675 397 aetate,
712 340 774 382 ita
800 338 932 382 etiam
958 335 1058 381 loco
1085 334 1216 380 nobis
1244 342 1315 380 est
1337 336 1496 394 prima.
1547 334 1695 393 Atque
1720 335 1797 379 iis-

272 412 371 457 dem
402 412 495 456 sere
520 410 666 455 verbis
694 421 789 453 eam
812 408 858 450 in
888 405 964 450 illa
989 405 1270 451 Heronianae
1296 405 1569 465 geometriae
1601 404 1799 449 editione

274 497 361 541 qua
388 483 532 542 primo
571 477 822 524 secundove
857 482 965 536 post
988 476 1089 521 Chr.
1119 490 1163 520 n.
1192 475 1372 522 saeculo
1399 473 1536 533 vulgo
1574 474 1641 519 uti
1681 473 1799 519 sole-

272 551 379 597 bant
413 550 459 608 (S
497 547 565 606 12)
602 548 813 607 scriptam
851 546 992 591 fuisse
1026 547 1356 601 existimamus;
1404 559 1546 606 pauca
1569 551 1740 594 *tamen
1775 557 1800 588 a

272 621 522 666 recentiore
550 623 735 663 auctore
761 618 858 662 eius
892 617 1165 676 geometriae
1198 631 1310 676 quae
1338 616 1384 660 in
1418 614 1649 662 codicibus
1675 614 1800 660 Pari-

274 691 382 735 sinis
412 695 557 734 exstat
585 687 732 733 addita
759 700 858 732 esse
890 694 1102 747 apparet,
1141 700 1254 747 quae
1284 700 1393 743 nos,
1431 693 1484 731 ut
1519 699 1653 744 quam
1685 686 1802 729 inte-

274 761 467 819 gerrima
491 758 755 803 vetustioris
774 757 967 803 'tabulae
996 759 1168 818 species
1195 757 1506 817 praeberetur‚
1534 756 1580 800 in
1606 756 1690 800 hac
1710 754 1802 800 edi-

275 830 395 875 tione
419 830 548 875 uncis
573 827 838 873 inclusimus
866 827 913 886 (S
941 827 1028 887 20).

768 965 835 1006 De
862 965 976 1017 pede
1007 964 1292 1006 Philetaereo.

382 1053 471 1099 Iam
497 1055 541 1098 in
569 1053 652 1098 hac
676 1051 927 1097 vetustiore
954 1051 1107 1097 tabula
1133 1065 1350 1113 quaenam
1371 1064 1610 1098 mensurae
1633 1063 1806 1112 propo·

274 1131 439 1169 nantur
473 1124 766 1183 inquiramus.
820 1122 985 1168 Graeca
1018 1123 1236 1183 pleraque
1264 1129 1372 1168 sunt
1398 1124 1608 1180 nomina,
1646 1135 1805 1167 occur-

275 1199 381 1239 runt
434 1199 581 1239 tamen
625 1195 756 1238 etiam
802 1194 1048 1253 Aegyptiae
1091 1207 1354 1250 mensurae,
1405 1186 1594 1250 Ξύλον,
1644 1185 1803 1252 ἅμμα,

275 1259 510 1322 εχοῖνοε,
554 1277 636 1309 nec
670 1263 836 1309 desunt
868 1263 1116 1321 Romanae,
1162 1277 1242 1323 pes
1282 1262 1462 1308 italicus
1501 1268 1544 1308 et
1578 1264 1802 1323 iugerum.

273 1333 471 1393 Denique
505 1340 573 1379 est
614 1347 694 1394 pes
731 1334 911 1394 quidam
938 1328 1364 1393 ΦιλεταίρειοεῙ),
1403 1333 1458 1379 ad
1485 1347 1619 1392 quem
1648 1345 1804 1378 omnes

274 1403 477 1463 reliquae
512 1417 750 1449 mensurae
785 1402 1075 1449 definiuntur.
1149 1404 1281 1449 Varia
1318 1404 1459 1462 igitur
1491 1416 1804 1449 mensurarum

276 1486 441 1532 genera
465 1474 602 1519 mixta
628 1481 673 1518 et
701 1474 959 1527 consociata
989 1487 1089 1519 esse
1120 1474 1335 1519 videmus.
1383 1472 1478 1527 Qua
1498 1473 1551 1518 de
1582 1487 1631 1519 re
1662 1472 1804 1532 longo

275 1542 515 1589 verborum
541 1544 735 1589 circuitu
761 1543 997 1590 dicendum
1023 1550 1143 1590 esset
1170 1558 1422 1604 magnaque
1448 1544 1582 1590 nobis
1610 1544 1663 1590 ad
1698 1558 1806 1589 con-

276 1614 525 1659 clusionem
558 1613 907 1674 properantibus
942 1628 1068 1660 mora
1096 1614 1361 1672 afferretur,
1398 1615 1488 1660 nisi
1522 1628 1574 1660 ea
1611 1627 1724 1674 quae
1751 1613 1806 1658 ab

275 1682 373 1728 aliis
401 1683 640 1743 diligenter
666 1685 870 1744 quaesita
895 1691 940 1729 et
965 1684 1197 1731 enucleata
1225 1691 1359 1745 atque
1387 1699 1410 1730 a
1435 1683 1566 1730 nobis
1588 1682 1686 1729 alio*
1704 1684 1805 1730 loco

274 1759 516 1799 retractata
553 1761 597 1799 et
622 1754 912 1814 comprobata
950 1750 1099 1813 sunt²)
1126 1755 1323 1800 breviter
1353 1755 1426 1801 hic
1453 1761 1659 1814 repetere
1697 1755 1807 1800 satis

278 1831 412 1868 esset.

380 1894 613 1954 Aegyptiis
660 1895 911 1954 antiquitus
959 1894 1139 1940 cubitus
1177 1895 1254 1955 qui
1291 1895 1446 1954 regius
1481 1894 1727 1942 vocabatur
1762 1895 1807 1940 in

391 2043 431 2094 1)
470 2045 541 2084 De
582 2044 729 2084 forma
759 2044 978 2085 vocabuli
1010 2042 1326 2096 Φιλεταίρὲιο(
1359 2046 1466 2097 (non
1498 2042 1808 2099 Φιλεταίριοε)

275 2098 379 2140 vide
410 2099 747 2152 praefationem
779 2101 991 2141 criticam
1024 2101 1082 2141 ad
1112 2101 1204 2143 tab.
1229 2101 1400 2144 Heron.
1431 2103 1466 2145 Ι.

392 2156 433 2206 2)
473 2155 643 2196 Pedem
682 2156 918 2207 Italicum,
969 2157 1045 2210 qui
1083 2158 1131 2197 in
1170 2158 1374 2198 secunda
1411 2157 1571 2198 tabula,
1611 2171 1808 2199 comme-

278 2214 501 2262 moratur,
561 2212 813 2252 Romanum
865 2225 964 2253 esse
1015 2214 1186 2266 primus
1237 2214 1498 2267 suspicatus
1551 2218 1620 2254 est
1657 2214 1808 2254 D'An·

276 2266 386 2307 ville
439 2266 732 2320 (Tutini-des
776 2282 960 2310 mesmes
1005 2283 1048 2322 p.
1090 2269 1184 2322 18);
1246 2270 1366 2310 idem
1418 2271 1682 2311 accuratius
1732 2270 1808 2310 de·

278 2322 551 2364 monstravit
589 2326 726 2376 atque
766 2325 872 2364 inde
911 2338 1168 2367 mensuram
1211 2325 1486 2366 Ptolemaici
1524 2328 1622 2368 sive
1653 2326 1808 2366 Phile-

280 2380 429 2419 taerei
478 2379 608 2432 pedis
659 2379 864 2430 definivit
912 2382 1040 2421 Hase
1093 2381 1162 2433 (in
1209 2381 1490 2436 Palaeologo
1531 2396 1573 2435 p.
1617 2384 1670 2423 20
1711 2381 1808 2435 ssu).

280 2435 491 2487 Denique
534 2436 796 2476 acutissime
837 2437 892 2477 de
935 2438 1094 2477 eodem
1135 2442 1404 2491 argumento
1437 2439 1687 2492 disputavit
1716 2439 1810 2478 Le-

282 2494 441 2530 tronne
474 2491 756 2539 (Reeherclzes
787 2506 829 2545 p.
866 2493 1121 2543 104—118).
1179 2495 1242 2534 Hi
1294 2494 1475 2546 quidem
1527 2507 1682 2536 omnes
1729 2507 1810 2535 eas

284 2557 517 2585 mensuras
547 2547 802 2600 Aegyptias
842 2549 1012 2588 aetatis
1051 2549 1366 2591 Ptolemaicae
1409 2563 1507 2591 esse
1540 2554 1668 2591 recte
1703 2563 1809 2591 con—

283 2599 541 2642 tenderunt.
630 2603 861 2645 Obstabat
910 2608 1066 2645 tamen
1114 2606 1398 2647 Philetaerei
1445 2607 1578 2659 pedis
1626 2619 1807 2656 nomen,

285 2654 401 2705 quod
434 2667 460 2693 a
492 2655 774 2708 Pergameno
823 2673 965 2714 regno
996 2661 1201 2702 ‘ductum
1244 2675 1344 2703 esse
1387 2663 1573 2716 egregie
1606 2663 1810 2703 coniecit

284 2709 472 2774 Boeckli
511 2707 705 2760 (Metroz.
743 2716 911 2757 Unters.
945 2731 988 2770 p.
1021 2718 1103 2758 215
1128 2718 1198 2768 s.).
1259 2718 1348 2759 Sed
1380 2718 1600 2770 quomodo
1633 2718 1810 2759 factum

286 2776 385 2804 esse
417 2764 650 2816 videatur,
681 2772 731 2807 ut
750 2770 988 2812 Asiaticae
1020 2786 1264 2814 mensurae
1295 2787 1460 2814 nomen
1481 2775 1529 2813 in
1550 2774 1810 2827 Aegyptum

283 2820 630 2870 transferretur,
665 2835 808 2875 nuper
831 2839 856 2865 a
877 2828 1006 2868 nobis
1030 2829 1324 2881 explanatum
1347 2834 1417 2870 est
1443 2831 1489 2869 in
1511 2829 1809 2871 Fleckeiseni

285 2875 869 2983 {iggiglssjbulsoepgiglplogicis
920 2882 1200 2932 (Jahrbic'elzer
1235 2886 1311 2938 fiir
1348 2886 1502 2926 Philol.
1543 2900 1581 2927 ze.
1613 2887 1830 2938 Paeda9.-

1863 62 1875 65 i

1879 62 1889 64 1
1878 10 1883 12 .

1895 75 1905 114 a,
1893 1 1902 35 «μ

1904 0 1923 86 ..ων-ἰ
