1946 3220
320 169 422 221 164
849 180 1237 216 Pnomoommm
1260 181 1315 214 m

317 305 451 359 rupta
475 304 542 343 est
568 297 683 358 apud
701 295 971 355 Hesychium
993 292 1210 354 aliosque.
1263 292 1452 339 Omnino
1474 300 1623 340 autem
1648 294 1691 339 id
1719 294 1839 354 frag-

318 377 519 414 mentum
553 367 696 412 multo
732 366 924 425 propius
962 378 1094 424 quam
1130 363 1556 424 lexicographorum
1590 363 1681 410 loci
1713 363 1839 410 abest

319 439 371 484 ab
408 441 564 497 ignoto
602 436 679 481 illo
718 436 870 491 fonte,
922 434 1040 479 unde
1082 435 1329 494 scriptores
1375 435 1534 480 aetatis
1565 435 1838 495 posterioris

320 521 497 553 omnem
537 512 739 551 veterum
790 505 855 550 rei
900 506 1176 550 nummariae
1218 505 1427 550 notitiam
1469 505 1736 565 repetivisse
1776 505 1840 549 vi-

321 578 498 622 dentur.

424 645 491 691 111.
525 644 659 704 (101).
687 645 783 691 Non
812 645 945 691 omisi
969 644 1187 704 colligere
1221 644 1350 690 locos
1377 645 1430 690 de
1456 647 1651 691 nummis
1679 647 1838 691 aetatis

314 717 610 776 Byzantinae,
639 716 715 776 qui
742 716 786 760 in
809 714 983 760 Glossis
1009 716 1200 760 nomiois
1227 729 1251 760 a
1275 714 1480 761 Labbaeo
1507 715 1638 761 editis
1650 710 1684 774 ⁴)
1711 729 1840 776 repe-

316 786 513 831 riuntur.
568 787 615 830 In
645 786 808 846 quibus
837 786 1100 844 gravissima
1138 799 1240 831 esse
1278 799 1328 830 ea
1365 800 1479 845 quae
1511 785 1564 830 de
1591 786 1840 831 miliarensi

319 862 364 900 et
389 856 445 905 de
472 855 581 901 folle
616 856 858 901 traduntur
890 870 981 901 non
1017 856 1149 901 latuit
1179 855 1447 901 Salmasium
1474 862 1520 901 et
1546 857 1837 914 Gronovium,

319 926 396 986 qui
425 925 697 986 aliquotiens
725 939 802 972 eos
829 925 955 972 locos
981 922 1294 985 citaverunt5).

421 996 547 1042 Addo
587 996 718 1042 stadii
756 1009 938 1056 quoque
974 997 1250 1042 mentionem
1285 996 1331 1042 in
1366 995 1436 1041 his
1472 994 1645 1042 Glossis
1679 992 1838 1053 fieri⁶).

421 1065 490 1110 IV.
525 1066 763 1111 Postremo
791 1066 1038 1126 adiungere
1062 1072 1269 1126 poteram
1307 1081 1446 1126 pauca
1483 1066 1692 1112 breviora
1718 1067 1839 1126 frag·

316 1143 490 1194 menta,
519 1136 565 1180 in
592 1150 706 1196 quae
731 1151 839 1182 casu
866 1138 1009 1195 magis
1036 1150 1170 1197 quam
1197 1136 1390 1182 consilio
1417 1137 1711 1194 incurreram,
1737 1150 1839 1182 cum

315 1205 559 1265 Du-Cangii
585 1205 759 1252 lexicon
783 1206 1113 1266 pervolvebam.
1157 1208 1216 1252 At
1240 1206 1382 1251 multa
1408 1213 1644 1266 praeterea
1674 1206 1839 1252 ibidem

314 1275 458 1322 latere
484 1276 691 1321 existimo
721 1290 835 1336 quae
862 1276 915 1322 ad
941 1290 1035 1322 rem
1061 1278 1357 1322 nummariam
1384 1277 1544 1322 aetatis
1568 1277 1839 1338 Byzantinae

314 1347 588 1406 pertineant,
616 1360 700 1393 nec
729 1351 874 1391 tamen
899 1360 1049 1392 meum
1077 1360 1177 1393 esse
1201 1347 1304 1393 duxi
1330 1361 1381 1392 ea
1406 1349 1687 1408 perquirere.
1723 1346 1839 1402 Qua-

313 1423 507 1476 propter
538 1423 584 1461 et
619 1416 729 1462 haee
764 1417 1051 1477 praetermisi
1088 1424 1133 1463 et
1167 1417 1386 1463 nonnulla
1420 1417 1504 1462 alia
1533 1433 1647 1478 quae
1674 1432 1698 1463 e
1728 1419 1837 1464 scri-

313 1485 525 1546 ptoribus
551 1486 805 1545 Byzantinis
833 1488 969 1532 citata
998 1489 1070 1533 hic
1097 1486 1191 1534 illic
1218 1489 1392 1547 reperi,
1426 1502 1557 1548 quam
1584 1488 1839 1534 litterarum

312 1562 488 1616 partem
519 1556 558 1600 si
585 1557 809 1616 attingere
837 1556 1013 1615 vellem,
1041 1558 1087 1603 in
1113 1571 1318 1617 campum
1344 1558 1453 1602 mihi
1479 1559 1838 1604 descendendum

314 1639 415 1671 esse
439 1625 657 1683 videbam,
684 1626 802 1672 unde
831 1628 1044 1673 excedere
1071 1642 1161 1673 non
1190 1628 1348 1674 liceret
1372 1628 1460 1674 nisi
1486 1629 1732 1675 multorum
1759 1643 1837 1675 an-

312 1710 475 1742 norum
499 1696 656 1742 labore
679 1704 850 1743 exacto.

417 1765 515 1811 Non
544 1767 705 1813 omitto
730 1775 879 1812 tamen
905 1782 1259 1815 commemorare
1287 1770 1465 1815 maximi
1491 1770 1709 1815 momenti
1737 1784 1836 1816 esse

313 1836 366 1881 ad
403 1850 691 1882 nummorum
734 1838 1086 1898 Byzantinorum
1129 1839 1331 1884 rationes
1371 1841 1706 1899 cognoscendas
1746 1840 1834 1885 duo

312 1905 391 1951 illa
414 1906 742 1965 Ratiocinaria,
782 1908 973 1954 alterum
1010 1911 1272 1970 antiquum,
1309 1911 1504 1970 Augusti
1528 1910 1730 1956 Caesaris
1756 1924 1837 1956 no-

422 2127 468 2180 4)
509 2128 701 2168 Veteres
741 2128 921 2182 glossae
973 2129 1212 2170 verborum
1260 2131 1374 2170 iuris
1423 2143 1538 2179 quae
1578 2132 1750 2184 passim
1788 2132 1836 2171 in

310 2183 531 2224 Basilicis
553 2186 855 2237 reperiuntur.
889 2198 1001 2237 quas
1025 2198 1079 2225 ex
1100 2186 1245 2227 variis
1266 2186 1394 2226 MSS,
1419 2187 1549 2227 codd.
1573 2187 1696 2227 Bibl.
1717 2187 1832 2240 Reg.

312 2239 505 2280 Carolus
535 2240 783 2281 Labbaeus
817 2242 935 2281 eruit
967 2245 1069 2294 etc.⁷
1117 2255 1233 2294 quae
1266 2247 1456 2296 recepta
1488 2248 1595 2283 sunt
1624 2244 1673 2283 in
1705 2243 1835 2283 Otto-

311 2296 382 2336 nis
421 2296 707 2336 Thesaurum
746 2297 857 2336 iuris
897 2298 1111 2350 Romani,
1150 2298 1239 2339 vol.
1282 2298 1354 2339 III
1391 2313 1433 2351 p.
1476 2301 1584 2340 1697
1624 2312 1684 2339 ss.
1761 2300 1832 2340 De

309 2351 441 2391 libris
471 2364 608 2392 manu
638 2353 821 2403 seriptis
854 2354 1017 2405 quibus
1049 2354 1299 2395 Labbaeus
1335 2367 1443 2395 usus
1485 2361 1555 2396 est
1583 2356 1689 2397 vide
1720 2355 1830 2396 ibid.

345 2438 354 2449 .
389 2410 496 2449 1705
526 2409 644 2450 med.
1152 2427 1155 2430 “

312 2420 340 2459 p
423 2464 466 2514 5)
507 2465 622 2506 Vide
661 2464 937 2505 Salmasium
975 2467 1023 2505 in
1062 2466 1244 2507 Confut.
1282 2479 1327 2520 p.
1370 2469 1464 2508 102.
1507 2468 1601 2509 104.
1643 2469 1743 2518 107,
1786 2469 1834 2508 in

311 2518 466 2562 Refut.
496 2533 538 2572 p.
573 2523 640 2563 51.
679 2522 750 2562 58.
789 2523 859 2563 68.
899 2523 973 2573 70;
1028 2522 1304 2563 Gronovium
1344 2523 1400 2564 de
1439 2527 1621 2566 sestert.
1661 2537 1704 2577 p.
1735 2526 1830 2566 812.

312 2574 408 2616 816.
439 2576 536 2617 829.
567 2578 663 2619 830.
687 2579 785 2619 839.
846 2580 883 2617 A
915 2579 1078 2631 quibus
1111 2581 1189 2632 qui
1218 2579 1311 2620 loci
1343 2580 1575 2621 emendati
1605 2581 1719 2633 sint,
1754 2581 1831 2620 ad·

312 2630 477 2682 scripsi
514 2632 561 2671 in
602 2634 898 2675 adnotatione
941 2635 999 2675 ad
1035 2637 1161 2688 ipsas
1208 2636 1408 2689 glossas;
1462 2638 1629 2676 acriter
1679 2640 1830 2677 autem

313 2686 613 2737 castigandus
645 2695 714 2729 est
745 2689 1019 2743 Gronovius,
1051 2694 1127 2744 qui
1158 2691 1400 2732 nonnullas
1431 2691 1649 2733 Salmasii
1680 2705 1831 2733 emen-

313 2740 544 2794 dationes,
596 2747 795 2797 auctoris
834 2749 1015 2788 nomine
1063 2749 1251 2799 omisso,
1301 2761 1382 2800 pro
1433 2749 1527 2789 suis
1576 2749 1866 2790 venditavit·

313 2796 500 2849 eiusque
538 2799 606 2838 rei
643 2799 825 2840 laudem
862 2803 1023 2844 habuit
1063 2805 1182 2857 apud
1222 2802 1519 2846 recentiores,
1577 2806 1702 2859 Ego,
1741 2805 1832 2845 nisi

314 2852 418 2905 quid
450 2865 519 2893 me
552 2854 693 2906 fugit,
727 2856 952 2899 Salmasio
983 2861 1147 2913 ubique
1180 2873 1264 2900 sua
1294 2861 1490 2902 restitui.

424 2909 466 2958 6)
508 2906 696 2950 (τάὸιοε
736 2911 809 2951 καὶ
849 2912 1056 2956 ετάὸιον’
1097 2914 1265 2967 μέτρον
1306 2915 1417 2956 ὁδοῦ
1460 2915 1588 2967 παρὰ
1625 2913 1831 2958 ἵεταεθαι

310 2961 398 3003 τὸν
429 2963 672 3005 ὁδεύοντα.
