1946 3220
263 89 377 144 264
398 95 405 100 ”
675 106 992 143 FRAGMENTA
1025 106 1096 140 m:
1133 105 1393 142 MENSURIS
1694 89 1800 160 [82]
1879 72 1885 130 Ῐ

341 216 427 269 25.
466 215 663 279 Ξέςτης
691 214 721 267 ὁ
748 212 1148 278 Ἀλεξανδρινός
1174 213 1273 266 δύο
1304 215 1500 279 λιτρῶν
1527 215 1682 281 φέρει
1705 215 1798 270 ὁλ-

269 302 371 366 κὴν
397 301 455 353 ἐν
479 303 555 367 τῷ
583 298 758 366 ἐλαίῳ.

341 383 426 436 26.
459 381 763 446 Ἀπόρρυμα
785 383 845 435 δὲ
867 382 1014 446 παρὰ
1038 381 1225 446 μόνοις
1251 381 1500 448 Θηβαίοις
1525 385 1797 448 μετρεῖται.

270 469 422 532 ἥμιςυ
459 467 561 530 γὰρ
596 467 696 518 τοῦ
737 466 918 519 ςαῖτου
953 465 1103 520 ἐςτίν.
1163 466 1194 520 ὁ
1238 468 1297 520 δὲ
1335 465 1584 532 ἀληθινὸς
1623 467 1798 532 ςαῖτης

215 566 243 605 5
273 552 469 606 ξεςτῶν
501 549 636 603 ἐςτιν
664 548 754 616 κβ’.

341 633 426 686 27.
466 633 672 700 (αβιθά.
719 637 882 687 τοῦτο
910 634 1165 699 (υριακόν
1201 634 1307 687 ἐςτι
1329 635 1393 687 τὸ
1420 633 1619 701 ὄνομα,
1656 634 1687 687 ὃ
1717 635 1800 699 ἑρ-

270 718 552 784 μηνεύεται
600 720 843 784 ληνιαῖον
897 718 1148 783 ἄντλημα.
1206 719 1354 783 παρὰ
1398 718 1800 772 Ἀςκαλωνίταις

271 805 468 857 Ξεςτῶν
496 799 586 868 κβ’.

340 886 426 940 28.
460 887 547 941 Ἴν.
578 887 642 941 τὸ
671 887 728 941 ἲν
765 887 900 952 μέγα
925 889 1120 942 ξεςτῶν
1149 887 1252 940 έςτι
1277 883 1360 953 ιη’,
1395 887 1458 941 τὸ
1484 888 1543 940 δὲ
1567 886 1720 950 ἅγιον
1743 887 1804 941 ’ἰν

188 984 243 1023 10
273 974 471 1027 ξεςτῶν
499 969 557 1024 θ’.

341 1055 426 1107 29.
467 1056 607 1108 Χοῦς
633 1055 738 1108 ἐςτι
764 1058 959 1109 ξεςτῶν
984 1052 1044 1118 η’.
1076 1055 1157 1107 ’τὸ
1189 1057 1248 1108 δὲ
1283 1055 1618 1119 καλούμενον
1644 1054 1801 1117 ἅγιον

272 1142 469 1195 ξεςτῶν
498 1134 561 1203 ς’,
596 1139 626 1191 ὅ
654 1139 757 1191 ἐςτι
786 1138 1095 1193 δωδέκατον
1120 1139 1391 1204 μετρήτου.

907 1274 934 1301 21=
1022 1240 1049 1269 =1=
1140 1274 1167 1303 &k

185 1344 250 1378 184
343 1335 425 1388 30.
466 1336 654 1400 Μάρης
690 1335 885 1401 μέτρον
924 1334 1029 1387 ἑςτὶ
1070 1336 1218 1401 παρὰ
1244 1338 1359 1389 τοῖς
1390 1336 1675 1391 Ποντικοῖς
1701 1335 1806 1387 δύο

271 1419 486 1484 ὑδριῶν.
529 1419 563 1484 ἡ
594 1421 654 1471 δὲ
679 1419 833 1484 ὑδρία
859 1419 1042 1471 αὐτοῖς
1067 1421 1194 1472 δέκα
1220 1423 1416 1475 ξεςτῶν
1452 1420 1616 1473 ἐςτιν·
1670 1418 1804 1472 ὥςτε

187 1516 243 1557 15
274 1502 411 1558 εἶναι
435 1504 532 1557 τὸν
558 1503 767 1567 κύπρον
794 1502 953 1555 εἴκοςι
979 1507 1174 1558 ξεςτῶν
1200 1505 1636 1568 Ἀλεξανδρινῶν.

343 1587 426 1639 31.
467 1587 681 1651 Κύπρος
726 1587 873 1652 παρὰ
915 1590 1028 1639 τοῖς
1071 1587 1252 1640 αὐτοῖς
1277 1588 1563 1642 Ποντικοῖς
1607 1588 1807 1652 μέτρον

272 1671 379 1725 ἑςτὶ
404 1674 581 1736 Ξηρῶν
607 1671 985 1735 γεννημάτων,
1013 1672 1187 1735 μόδιοι
1213 1672 1340 1736 δύο,
1367 1672 1398 1723 ὃ
1428 1672 1636 1734 λέγεται
1668 1670 1807 1725 εἶναι

271 1757 409 1820 παρ’
433 1754 613 1808 αὐτοῖς
639 1755 890 1820 χοινίκων
916 1756 1087 1809 πέντε.
1128 1755 1159 1808 ὁ
1186 1758 1245 1809 δὲ
1269 1759 1437 1821 χοῖνιξ
1463 1756 1598 1820 παρ’
1622 1755 1805 1809 αὐτοῖς

272 1842 468 1894 Ξεςτῶν
497 1839 602 1892 έςτι
625 1839 810 1893 πέντε·
848 1839 981 1892 ὥςτε
1007 1838 1143 1894 εἶναι
1167 1842 1263 1895 τὸν
1289 1841 1496 1906 κύπρον
1523 1842 1718 1895 ξεςτῶν
1746 1839 1805 1893 κ’.

190 1935 245 1975 20
277 1923 309 1976 ὁ
336 1923 439 1988 γὰρ
465 1924 626 1988 μέγας
652 1925 786 1987 παρ’
813 1923 994 1977 αὐτοῖς
1019 1925 1205 1989 μόδιος
1230 1926 1425 1979 ξεςτῶν
1450 1922 1540 1977 κδ’.

345 2006 427 2059 32.
470 2007 743 2061 Κόλλαθόν
769 2007 873 2061 ἐςτι
899 2009 1045 2074 παρὰ
1069 2011 1181 2061 τοῖς
1213 2009 1398 2075 (ύροις
1431 2009 1493 2061 τὸ
1526 2006 1678 2072 ἥμιςυ
1704 2009 1805 2061 τοῦ

212 2159 218 2163 .
274 2089 445 2156 ὑγροῦ
473 2091 646 2144 ςάτου.
690 2091 794 2144 ἔςτι
819 2095 877 2145 δὲ
902 2096 1099 2147 ξεςτῶν
1124 2092 1210 2145 κε’.

346 2173 429 2226 33.
471 2174 785 2239 Κογγιάριον
822 2178 881 2229 δὲ
924 2176 1117 2240 μέτρον
1157 2176 1292 2230 ἐςτὶν
1338 2175 1507 2240 ὑγροῦ
1551 2175 1635 2227 καὶ
1656 2175 1804 2243 ,αὐτὸ

273 2258 409 2323 παρ’
433 2258 688 2324 Ἑβραίοις
708 2259 1145 2325 ἐκφωνούμενον.
1171 2263 1333 2313 τοῦτο
1359 2261 1421 2312 τὸ
1449 2259 1641 2324 μέτρον
1667 2258 1809 2313 ἐςτίν

191 2355 247 2395 25
278 2341 336 2396 ἐν
373 2343 794 2409 χρονογραφίαις
832 2343 1080 2408 Εὐςεβίου
1117 2345 1201 2418 καὶ
1238 2347 1349 2398 τῶν
1385 2343 1568 2398 ἄλλων
1607 2359 1809 2408 χρονο-

276 2426 506 2492 γράφων
538 2428 892 2493 δηλούμενον,
922 2427 996 2479 ῶς
1023 2428 1238 2481 ἕκαςτος
1264 2431 1375 2482 τῶν
1398 2427 1519 2480 τότε
1546 2427 1808 2493 βαςιλέων

278 2511 410 2563 κατὰ
436 2511 736 2577 φιλοτιμίαν
761 2517 837 2582 τῷ
869 2513 1018 2581 δήμῳ
1043 2512 1321 2577 Ῥωμαίων
1347 2512 1486 2577 πρὸς
1510 2510 1807 2576 εὐφραςίαν

278 2592 613 2658 ἐχαρίζοντο·
649 2596 680 2649 ὃ
712 2596 1053 2662 ἑρμηνεύεται
1078 2597 1408 2662 ςυνημμένον
1434 2595 1466 2659 ἢ
1493 2610 1810 2659 ςυνεςτραμ-

278 2692 456 2741 μενον.

911 2787 937 2816 *
1028 2754 1053 2782 se
1142 2786 1168 2815 ’k

395 2888 435 2930 7.
466 2886 699 2941 ληνιαῖον]
733 2890 865 2943 ‘Reg.
899 2891 1160 2944 λημνιαῖον’
1191 2892 1273 2931 Pet
1302 2891 1350 2930 in
1380 2901 1521 2942 marg.
