1946 3220
6 1327 28 1488 -μῖηηψε
7 1298 13 1302 ·
8 1183 10 1186 ’
13 1135 27 1151 ι,
17 1099 23 1105 ,
7 1071 15 1077 ·
10 988 24 1000 ,¹
12 938 20 954 ,-

0 2135 49 2972 „wffimmfwsffimwmfflwna
9 1858 48 2104 ”tww‘ff‘f-
12 1712 20 1725 '¹
15 1656 27 1678 <¹
9 1612 17 1626 ”·
10 1510 18 1534 Α·

94 113 99 117 ’
115 91 250 204 [iffi]
285 153 289 156 ·

102 269 320 329 quarta,
372 262 496 312 duae
533 260 752 313 sextulae
792 277 908 327 pars
946 263 1192 314 tricesima
1231 268 1392 322 sexta,
1433 263 1645 313 sicilicus

694 151 1066 198 DISTRIBUTIO„
1389 137 1397 140 ’
1510 130 1514 134 ’
1574 135 1645 188 65

774 208 786 225 ι
1139 208 1146 218 ,

118 345 492 410 quadragesima
543 352 736 406 octava,
784 345 971 395 sextula
1014 348 1374 413 septuagesima
1411 346 1643 404 secunda,

54 479 59 485 ,
118 429 319 479 dimidia
358 427 545 478 sextula
585 431 845 479 centesima
886 429 1258 495 quadragesima
1297 437 1485 496 quarta,
1524 432 1645 480 scri-

49 571 52 572 ?
119 512 312 578 ptulum
353 513 686 562 ducentesima
726 514 1024 577 octogesima
1063 521 1246 566 octava.
1287 513 1420 581 [34]
1449 529 1646 565 semun-

118 598 194 646 cia
231 595 379 646 habet
416 594 624 645 sicilicos
663 595 810 653 duos,
861 597 1072 647 sextulas
1109 605 1232 655 tres,
1274 599 1500 648 dimidias
1537 613 1644 649 sex·
1677 601 1704 641 5

118 679 247 731 tulas
295 695 404 738 sex,
455 679 686 744 scriptula
735 680 1008 731 duodecim.
1071 679 1203 748 [35]
1255 682 1379 732 duae
1427 682 1646 733 sextulae

121 763 308 815 habent
345 763 582 813 sicilicum
620 772 667 812 et
699 763 949 813 dimidiam
977 763 1229 823 sextulam,
1269 765 1484 816 sextulas
1510 767 1645 824 duas,

119 848 348 898 dimidias
395 846 607 897 sextulas
651 847 763 904 llll,
814 848 1048 913 scriptula
1085 849 1206 899 Vlll.
1258 847 1394 915 [36.]
1437 850 1648 900 sicilicus

120 931 271 982 habet
315 931 554 982 sextulam
605 939 653 981 et
691 931 963 990 dimidiam,
1014 932 1240 983 dimidias
1279 933 1492 984 sextulas
1530 942 1645 991 tres,

119 1015 356 1080 scriptula
405 1031 506 1066 sex.
561 1013 697 1081 [37.]
738 1015 926 1065 sextula
954 1016 1121 1067 habet
1167 1017 1390 1067 dimidias
1436 1017 1649 1068 sextulas
1682 1020 1734 1059 10

121 1099 269 1156 duas,
302 1097 543 1164 ’scriptula
582 1107 828 1164 quattuor.
873 1098 997 1167 [38.]
1037 1101 1237 1150 dimidia
1275 1101 1463 1152 sextula
1501 1101 1651 1151 habet

119 1183 356 1247 scriptula
396 1183 507 1233 duo.

234 1334 370 1402 [39.]
410 1336 508 1386 Has
557 1352 751 1402 quoque
798 1343 964 1401 partes
1012 1338 1063 1386 in
1101 1338 1338 1404 quantum
1376 1337 1494 1389 libet
1533 1339 1650 1388 divi-

123 1420 242 1469 dere
279 1421 461 1484 possis;
501 1435 670 1470 verum
709 1421 837 1471 infra
876 1437 957 1471 eas
996 1437 1155 1487 neque
1183 1431 1324 1472 notas
1350 1437 1509 1487 neque
1535 1438 1651 1487 pro-

126 1504 234 1568 pria
261 1502 495 1553 vocabula
533 1505 749 1553 invenies
786 1511 984 1569 praeter
1023 1521 1094 1554 ea.
1158 1506 1409 1555 dimidium
1440 1508 1652 1571 scriptu·
1686 1509 1739 1549 15

125 1587 226 1637 lum
277 1588 421 1638 audio
474 1588 708 1656 quosdam
760 1590 1134 1639 ratiocinatores
1172 1589 1419 1654 simplium
1458 1605 1651 1646 vocare,

124 1671 257 1736 quod
317 1673 410 1721 erit
466 1674 615 1722 totius
671 1674 789 1723 assis
848 1673 1240 1738 quingentesima
1295 1675 1656 1739 septuagesima

124 1762 287 1812 sexta,
337 1770 482 1820 quam
532 1761 578 1805 et
622 1757 779 1820 ipsam
818 1764 1006 1820 partem
1046 1758 1234 1806 infinito
1273 1749 1504 1821 separare
1543 1773 1655 1821 pos·

120 1836 209 1888 sis,
273 1835 400 1907 [40]
457 1854 548 1888 nec
595 1840 799 1897 mirum,
851 1842 891 1888 si
935 1841 1064 1890 infra
1110 1842 1198 1890 has
1245 1847 1412 1905 partes
1459 1843 1655 1905 partitio
1714 1843 1739 1867 ·

126 1922 253 1972 facta
302 1930 349 1971 et
394 1922 676 1972 nominibus
725 1929 772 1972 et
818 1925 946 1973 notis
985 1930 1142 1980 caret,
1194 1940 1306 1973 cum
1344 1925 1489 1974 etiam
1527 1926 1655 1974 inter
1686 1929 1741 1968 20

126 2007 411 2071 superiores
455 2008 736 2072 primasque
785 2007 1048 2058 divisiones
1095 2006 1361 2073 pleraeque
1401 2016 1569 2073 partes
1609 2016 1656 2059 et

129 2089 410 2140 nominibus
450 2097 498 2140 et
534 2092 661 2140 notis
699 2098 921 2141 careant:
967 2093 1135 2141 statim
1174 2106 1387 2156 namque
1424 2093 1656 2145 undecim

127 2175 416 2225 undecimae
454 2189 612 2224 assem
653 2175 892 2232 efficiunt,
933 2191 1025 2225 nec
1063 2183 1144 2226 aut
1178 2191 1362 2226 nomen
1398 2179 1656 2241 proprium

130 2265 214 2308 aut
266 2266 431 2308 notam
487 2258 694 2316 habent;
754 2261 960 2324 perinde
1012 2259 1183 2310 decem
1233 2260 1465 2310 decimae.
1542 2276 1655 2310 nam

130 2357 259 2392 nona
308 2343 428 2392 assis
476 2343 591 2392 facit
640 2346 835 2394 unciam
886 2343 1007 2394 duas
1054 2340 1294 2399 sextulas;
1357 2350 1548 2402 octava,
1606 2348 1742 2393 [1125

131 2440 279 2490 supra
317 2426 563 2476 redditum
602 2434 697 2482 est,
737 2430 989 2479 sescuncia
1027 2435 1254 2484 vocatum
1294 2435 1481 2491 septem
1508 2430 1656 2492 septi·
1747 2418 1760 2426 “

130 2525 263 2567 mae,
313 2526 437 2575 quae
477 2517 524 2560 et
559 2512 692 2575 ipsae
730 2528 886 2562 assem
926 2511 1155 2576 implent,
1196 2527 1287 2562 nec
1325 2527 1505 2562 nomen
1542 2527 1658 2577 pro·

131 2598 295 2660 prium
333 2609 425 2662 nec
463 2601 628 2645 notam
667 2596 875 2652 habent;
916 2603 1080 2646 sextae
1118 2603 1365 2646 sextantes
1396 2605 1655 2653 vocantur;

198 2783 203 2789 ’
249 2791 286 2829 1.
320 2795 366 2831 et
396 2798 493 2832 ante
525 2796 689 2845 quarta
721 2793 819 2833 add.
855 2792 908 2837 C,·
947 2804 1139 2833 numeros
1178 2794 1271 2833 olim
1308 2795 1493 2847 scriptos
1521 2795 1658 2844 fuisse
1701 2779 1707 2785 ⁵

134 2859 394 2901 demonstrat
432 2862 507 2902 Mo
546 2864 640 2902 coll.
681 2875 739 2902 vs.
775 2864 825 2912 3,
875 2860 946 2901 ubi
981 2861 1080 2902 libri
1115 2862 1348 2904 tricesima
1387 2864 1541 2906 habene
1574 2877 1658 2916 pro

134 2929 487 2984 quadragesima
603 2933 671 2973 24.
703 2928 827 2984 nam]
862 2932 951 2973 iam
984 2933 1092 2973 coni.
1124 2932 1199 2974 Mo

194 3011 374 3041 scmr'r.
408 3014 609 3042 maraon.
642 3013 694 3043 11.
1019 3028 1021 3030 -
1374 3003 1408 3055 5

983 0 1366 30 W5··5·!'‘2*25‘‚·v.=¹··*‚⁸>‹
1380 0 1428 13 -·1·
1502 0 1510 6 ··
1537 7 1549 13 ⁷·
1572 6 1578 9 κ
1605 0 1628 19 ὲ*
1668 0 1684 6 ’“
1708 2 1711 5 ’
1763 0 1778 20 T*
1806 0 1854 5 ·
1898 0 1924 18 ²1»

1121 46 1127 47 κ
1465 46 1473 53 .
