1946 3220
0 671 5 697 ...
0 636 3 653 w
0 369 27 596 w·w¹’„w·
3 285 29 366 unt-3⁸:-
12 241 24 252 ἱ
9 205 15 213 v

577 130 897 167 SCRIPTORES
925 101 1182 167 ena-eoos.
1581 115 1651 168 39

122 260 229 293 suas
257 270 315 278 —
348 259 450 291 nam
486 243 633 292 omnis
673 246 833 306 orgyia
870 258 948 292 sex
986 259 1097 292 suos
1134 245 1273 306 pedes
1305 244 1375 291 vel
1416 250 1519 292 octo
1557 246 1650 308 spi-

120 317 294 363 thamas
321 315 457 362 habet
478 341 540 349 —
563 316 641 362 sed
666 315 776 362 alias
802 316 1048 376 spithamas
1073 315 1237 363 diversi
1261 315 1497 363 cuiusdam
1522 330 1652 363 men·

121 400 331 434 surarum
357 387 554 447 generis.
603 386 694 433 Has
718 393 867 432 autem
883 387 1103 434 Romanas
1127 399 1229 434 esse
1256 388 1440 448 egregie
1458 386 1651 434 Letron·

119 458 226 504 nius
269 452 436 516 vidit¹).
505 457 614 504 Nam
653 471 754 503 eum
795 458 840 502 in
880 457 1026 518 prima
1068 456 1223 504 tabula
1262 455 1322 517 (1,
1350 455 1419 521 15)
1464 458 1652 519 antiqua

118 528 448 589 Aegyptiorum
494 527 652 589 orgyia
696 534 870 589 septem
916 529 1052 589 pedes
1088 528 1314 574 Romanos
1358 528 1652 589 quintamque

118 598 248 659 pedis
273 606 448 659 partem
473 598 639 645 habere
669 599 870 656 dicatur,
910 600 1044 645 huius
1073 598 1257 660 orgyiae
1291 599 1445 645 eadem
1472 600 1651 660 quidem

117 676 190 715 est
218 682 455 728 mensura,
494 669 572 716 sed
596 668 824 716 levissimo
850 669 1107 716 discrimine
1131 670 1390 733 imminuta,
1426 669 1650 730 siquidem

118 753 279 786 novem
326 740 574 800 spithamae
607 755 708 787 cum
746 740 992 800 quadrante
1033 747 1207 800 septem
1247 739 1386 800 pedes
1422 740 1649 786 Romanos

119 810 182 855 ita
213 816 434 870 aequant,
476 818 528 857 ut
564 825 683 858 unus
725 817 900 858 tantum
923 810 1094 870 digitus
1130 810 1262 856 desit.
1334 809 1498 856 Verum
1533 810 1650 856 hanc

87 882 262 941 ‘ipsam
306 881 658 928 deminutionem
697 896 786 943 qua
829 895 882 927 ex
916 895 1050 928 causa
1086 888 1233 927 ortam
1273 893 1373 926 esse
1404 881 1648 941 putamus?

116 949 280 1006 Quidni
302 958 500 998 exactam
528 958 702 1013 septem
726 952 893 1013 pedum
917 966 1175 998 mensuram
1200 951 1278 997 illa
1304 952 1464 1012 orgyia
1489 965 1652 1012 aequa-

119 1021 260 1067 verit?
307 1021 403 1069 Hoc
426 1029 477 1068 ut
501 1023 731 1083 explanari
755 1023 931 1084 possit,
960 1022 1047 1069 iam
1075 1022 1314 1069 videndum
1343 1029 1415 1068 est
1439 1022 1494 1068 de
1519 1025 1649 1082 agre-

119 1092 178 1138 sti
206 1106 416 1139 mensura
445 1108 559 1153 quae
585 1094 640 1140 ab
665 1093 823 1154 orgyia
846 1094 1043 1140 derivata
1069 1100 1152 1139 est.

222 1161 284 1208 Ex
310 1165 495 1224 antiqua
524 1165 682 1226 orgyia
710 1165 871 1210 factam
898 1179 1000 1210 esse
1028 1164 1347 1225 decemplicem
1372 1175 1648 1220 mensuram⁷

117 1235 191 1279 cui
221 1227 362 1293 ἅμμα
389 1248 442 1280 ex
470 1236 797 1295 Aegyptiorum
827 1249 1035 1281 sermone
1061 1249 1225 1281 nomen
1254 1234 1368 1291 fuit,
1410 1248 1548 1294 supra
1575 1233 1650 1279 de-

118 1310 422 1349 monstratum
457 1313 528 1350 est
561 1305 609 1364 (S
639 1304 724 1365 17).
774 1305 950 1351 Pariter
985 1307 1030 1351 in
1067 1306 1149 1351 hac
1187 1306 1346 1365 quinta
1381 1303 1534 1349 tabula
1559 1302 1650 1363 (12)

117 1374 218 1434 agri
274 1387 507 1421 mensores
552 1370 787 1435 ςχοινίον
833 1375 925 1421 sive
970 1370 1232 1435 ςωκάριον
1279 1369 1648 1434 δεκαόργυιον,

118 1445 162 1491 h.
189 1459 228 1490 e.
266 1444 517 1492 funiculum
552 1448 829 1492 mensorium
861 1447 898 1492 X
934 1446 1196 1506 orgyiarum
1233 1445 1383 1492 facere
1416 1443 1659 1490 iubentur..

117 1513 291 1571 Quinae
330 1522 478 1562 autem
503 1518 686 1578 orgyiae
723 1517 968 1578 quadratae
994 1531 1092 1563 eam
1123 1517 1222 1579 agri
1246 1529 1505 1562 mensuram
1533 1528 1649 1576 quae

117 1580 269 1645 λίτρα
294 1593 506 1645 vocatur,
537 1588 851 1680 quadragenae
876 1582 1043 1647 λίτραι
1070 1588 1162 1634 sive
1186 1586 1366 1633 libellae
1389 1580 1648 1647 (πόριμον

116 1651 306 1716 μόδιον
327 1657 504 1704 efficere
532 1659 744 1705 dicuntur
755 1653 805 1721 ².)
861 1659 1051 1705 Omnino
1072 1660 1214 1718 igitur
1239 1658 1437 1704 ducenae
1462 1657 1649 1718 orgyiae

235 1765 282 1817 1)
319 1767 585 1809 Becher-elles
615 1781 659 1820 p.
692 1769 774 1810 253
805 1780 841 1808 5.
871 1790 929 1796 --
951 1768 1226 1825 ,Posteriore
1268 1770 1426 1808 aetate
1466 1764 1649 1817 βαςιλὲα

118 1829 304 1876 praeter
363 1828 543 1865 ceteros
594 1823 687 1865 dici
735 1813 1060 1877 imperatorem
1109 1824 1389 1870 Romanum,
1450 1822 1647 1863 maxime

119 1879 329 1927 orientis,
375 1880 423 1920 in
467 1879 632 1934 vulgus
679 1884 864 1921 constat
894 1879 958 1932 (v.
989 1882 1083 1921 Du·
1067 1879 1314 1947 -Cangium
1354 1880 1404 1920 in
1442 1878 1646 1920 Glossar-

118 1936 235 1977 med.
270 1939 317 1976 et
346 1936 430 1977 inf.
464 1935 628 1980 Graec.
662 1949 699 1977 5.
732 1935 981 1988 βαςιλεύς).
1043 1934 1274 1978 Βαςιλικαί
1302 1936 1445 1990 igitur
1472 1934 1649 1989 spitha-

119 2004 222 2032 mae
254 1996 359 2032 sunt
388 1992 628 2046 legitimae
658 1994 708 2033 in
738 1993 936 2047 publicis
966 1993 1150 2046 imperii
1180 1992 1456 2034 rationibus.
1507 1992 1647 2044 Legi·

117 2048 279 2089 timum
329 2052 483 2090 autem
533 2049 675 2090 fuisse
728 2050 881 2090 etiam.
917 2050 1173 2103 posteriore
1213 2052 1370 2090 aetate
1412 2048 1648 2101 antiquum

118 2104 284 2158 pedem
323 2105 576 2146 Romanum
618 2119 642 2146 e
675 2105 939 2147 Geodaesia
976 2106 1176 2148 Heronis
1214 2105 1467 2159 Byzantini
1508 2104 1647 2159 (prol.

118 2161 144 2211 ξ
175 2159 223 2214 7)
255 2161 585 2203 demonstravit
613 2162 839 2203 Martinus
871 2177 915 2216 p.
947 2164 1030 2204 279
1062 2175 1097 2203 5.

234 2216 284 2270 2)
313 2218 459 2259 Recte
491 2218 550 2258 ab
583 2222 772 2260 auctore
805 2220 992 2285 quintae
1022 2218 1211 2260 tabulae
1243 2217 1286 2269 (ξ
1319 2217 1394 2271 15)
1426 2219 1649 2283 scriptum

120 2278 212 2317 est:
265 2272 292 2315 ό
322 2273 545 2326 (πόριμος
577 2273 734 2326 μόδιος
763 2274 856 2327 ἔχει
886 2272 1046 2328 λίτρας
1083 2273 1448 2328 τεςςαράκοντα·
1489 2285 1569 2325 μια
1598 2271 1649 2315 δὲ

119 2329 287 2382 ἑκάςτη
310 2328 445 2383 λίτρα
465 2328 638 2383 ςπείρει
666 2333 758 2384 γῆν
789 2330 994 2385 ὀργυιῶν
1024 2329 1192 2383 πέντε,
1222 2332 1267 2374 h
1293 2345 1332 2375 e.
1353 2332 1553 2385 quinque
1576 2343 1645 2370 or-

119 2387 327 2441 gyiarum
359 2387 781 2439 quadratarum.
844 2388 976 2439 Quod
1006 2401 1117 2430 vero
1150 2392 1231 2429 aut
1260 2387 1381 2428 idem
1414 2391 1495 2427 aut
1525 2384 1644 2427 alius

121 2442 302 2484 addidit
334 2440 375 2494 (ξ
412 2441 506 2497 16):
545 2442 737 2485 Πλάτος
769 2443 844 2485 καὶ
876 2446 1021 2497 μῆκος
1054 2443 1257 2510 ὀργυιῶν
1288 2441 1432 2484 πέντε
1463 2442 1646 2483 ποιοῦςι

118 2497 284 2551 λίτραν
317 2496 447 2550 μίαν,
478 2503 574 2540 tum
602 2498 691 2541 Πλ.
724 2500 799 2541 καὶ
830 2502 935 2553 μῆκ.
967 2499 1066 2552 ὀργ.
1096 2495 1123 2541 ι’
1153 2500 1334 2541 ποιοῦςι
1363 2496 1479 2551 λίτρ.
1511 2491 1563 2549 β’,
1597 2499 1647 2539 in

120 2556 191 2597 his
222 2555 340 2596 latet
372 2555 671 2608 gravissimus
704 2569 839 2597 error.
899 2557 1016 2598 Nam
1047 2556 1087 2598 si
1117 2556 1281 2609 quinae
1313 2556 1504 2609 orgyiae
1537 2567 1648 2607 qua-

120 2613 255 2653 drata
285 2613 464 2652 ratione
498 2610 558 2663 (h.
583 2625 622 2655 e.
653 2612 701 2652 in
722 2612 1052 2666 longitudinem
1085 2616 1131 2652 et
1160 2609 1476 2665 latitudinem)
1507 2623 1647 2652 unam

118 2667 326 2710 libellam
348 2666 602 2721 efficerent,
626 2668 784 2709 decem
805 2670 994 2722 orgyiae
1019 2668 1180 2709 eadem
1201 2669 1382 2710 ratione
1405 2667 1648 2709 efficerent

119 2729 355 2778 quattuor,
397 2737 488 2765 non
519 2725 633 2765 duas
664 2724 860 2765 libellas.
918 2725 1047 2766 Idem
1087 2737 1213 2768 error
1241 2726 1289 2766 in
1318 2724 1545 2779 reliquam
1576 2736 1646 2765 or-

119 2794 340 2879 ῗυῗὲἱῖἓέ
373 2781 1644 2892 §aab3323&iffissti⁸t²31¹¹iai522210351222215512

120 2893 288 2934 voluit:
320 2891 541 2934 Πλάτους
572 2894 647 2935 καὶ
680 2893 853 2945 μήκους
885 2892 1065 2946 ὀργυιαὶ
1095 2893 1239 2936 πέντε
1270 2895 1450 2936 ποιοῦςι
1480 2890 1646 2946 λίτραν

122 2947 228 2999 μίαν
258 2963 339 3004 pro
370 2947 582 2992 ἐπίπεδοι
609 2950 685 2992 vel
716 2948 951 3001 ἑμβαδικαὶ
982 2948 1164 3004 ὀργυιαὶ
1197 2954 1286 2992 ete.
