1946 3220
533 132 870 168 scmr'rossns
908 132 1172 168 6111111605.
1560 117 1625 169 13

19 243 22 246 ’
88 257 166 312 pta
202 255 322 295 sunt.
380 247 601 295 Nimirum
636 262 810 295 summa
849 248 936 295 fuit
975 248 1029 294 de
1070 262 1123 294 ea
1162 261 1211 294 re
1246 247 1498 307 dubitatio,
1542 262 1627 295 nec

89 322 204 368 certi
238 318 508 381 quidquam,
547 334 650 367 cum
680 319 816 366 cardo
848 319 978 380 quasi
1010 319 1290 380 quaestionis
1325 333 1419 365 non
1454 320 1626 365 inveni-

89 398 241 451 retur⁷
277 390 376 437 erui
408 392 575 451 potuit.
626 390 798 436 Etenim
827 390 936 437 olim
961 390 1133 436 Heroni
1171 391 1307 436 tertio
1346 390 1624 450 tribuerunt,

93 462 223 509 cuius
258 461 489 523 opinionis
521 476 623 509 cum
658 468 817 509 auctor
843 468 967 508 esset
999 456 1302 521 FabrIcius¹)‚
1339 463 1483 508 secuti
1518 468 1627 508 sunt

47 556 50 557 ⁷
92 539 196 579 ante
234 532 535 579 Letronnium
573 547 743 580 omnes.
801 533 843 579 Is
871 546 1006 591 vero,
1043 533 1130 578 etsi
1165 532 1323 578 salsam
1357 546 1460 580 6556
1492 533 1626 579 istam

92 604 352 665 opinionem
377 610 501 650 recte
526 604 652 664 vidit,
683 612 831 651 tamen
858 604 904 649 in
924 603 1062 650 alium
1082 617 1284 650 errorem
1306 603 1518 650 inductus
1539 610 1626 663 651,

92 689 194 721 611111
218 675 467 722 secundum
493 675 744 735 Heronem,
770 675 917 722 Procli
944 677 1211 734 magistrum
1228 709 1240 732 ,
1270 682 1500 720 auctorem
1527 688 1627 720 esse

92 752 314 791 statueret
327 743 375 803 ²).
445 745 567 801 Quae
604 754 754 793 autem
798 760 931 793 causa
974 746 1061 792 suit
1102 745 1302 790 erroris?
1355 744 1444 791 Nec
1492 746 1626 791 tertio

90 816 259 862 Heroni
286 817 397 862 haec
425 817 679 877 fragmenta
708 817 846 864 tribui
872 831 1009 877 posse
1037 814 1275 875 intellexit,
1302 829 1385 861 nec
1410 829 1490 876 per
1516 822 1628 860 tem-

90 901 256 948 porum
300 887 524 934 rationem
566 889 619 934 ad
655 890 892 949 antiquum
922 887 1147 933 Heronem
1176 899 1225 932 ea
1256 886 1433 932 referre
1462 885 1626 932 licere:

93 973 204 1019 ergo
231 973 372 1005 unum
408 959 604 1020 relinqui
640 960 884 1006 secundum
914 959 1164 1016 Heronem,
1201 972 1334 1018 quem
1372 958 1551 1018 quidem
1577 971 1629 1003 ea

93 1030 335 1090 scripsisse
378 1044 567 1077 necesse
616 1034 688 1076 sit.
762 1033 838 1076 At>
866 1030 1112 1087 Martinus⁷
1164 1030 1242 1089 qui
1290 1029 1639 1075 accuratissime

94 1100 243 1146 omnia
270 1103 447 1161 exegit⁷
483 1115 566 1148 nec
594 1101 810 1148 credibile
836 1115 938 1147 6556
966 1101 1295 1146 demonstravit
1325 1100 1516 1146 alterum
1542 1100 1629 1145 He-

92 1185 252 1217 ronem
270 1170 416 1217 libros
443 1172 785 1219 mathematicos
811 1174 1005 1219 maiores
1029 1167 1327 1232 scripsisse³)‚
1350 1178 1396 1216 et
1420 1171 1487 1216 rei
1509 1185 1534 1217 a
1558 1176 1630 1216 tot

92 1242 204 1288 viris
236 1242 382 1289 doctis
410 1243 581 1289 frustra
613 1250 813 1290 tentatae
840 1258 1000 1290 novam
1028 1241 1176 1289 lucem
1203 1257 1257 1288 6ο
1284 1241 1455 1300 attulit,
1488 1241 1628 1302 quod,

95 1313 472 1373 quemadmodum
514 1317 698 1360 omnino
728 1316 933 1375 quaestio
961 1313 1242 1360 instituenda
1267 1319 1417 1372 65561,
1453 1314 1629 1374 primus

92 1384 332 1444 ingeniosa
357 1386 617 1431 coniectura
650 1388 833 1431 invenit.
885 1385 994 1430 Cum
1023 1386 1141 1430 enim
1175 1385 1309 1430 variis
1346 1382 1629 1444 temporibus

0 1439 9 1482 >³
40 1502 43 1503 γ
94 1462 230 1515 atque
254 1469 279 1500 a
307 1456 442 1501 variis
477 1456 742 1503 auctoribus
767 1456 846 1501 illa
872 1456 1126 1516 fragmenta
1162 1457 1331 1515 scripta
1367 1467 1467 1500 esse
1493 1467 1630 1514 appa-

0 2907 6 2926 .v
0 2783 15 2896 ,qn-‚hym
0 2763 3 2766 v

94 1532 243 1585 reret,
285 1529 469 1573 omnino
503 1527 680 1574 nullum
707 1541 759 1573 ex
783 1527 930 1573 tribus
957 1527 1184 1573 Heronem
1214 1540 1373 1572 eorum
1398 1531 1631 1572 auctorem

92 1596 181 1643 dici
206 1611 369 1658 posse,
413 1598 491 1644 sed
516 1613 682 1645 novum
710 1598 954 1660 quaerendi
989 1598 1172 1644 modum
1198 1597 1504 1643 incohandum
1530 1609 1631 1642 6556

93 1667 348 1714 rectissime
381 1668 582 1729 collegit.
634 1669 778 1726 Quid?
826 1672 864 1716 si
906 1683 1039 1715 nemo
1087 1684 1140 1721 ex
1183 1668 1332 1715 tribus
1372 1666 1632 1714 Heronibus

93 1739 182 1786 ista
207 1739 462 1799 fragmenta
485 1741 695 1803 scripsit,
726 1756 841 1803 quae
870 1741 1050 1802 quidem
1080 1740 1252 1798 omnia,
1281 1739 1484 1800 quamvis
1510 1738 1634 1784 varia

95 1811 211 1868 sint,
262 1810 518 1858 Heroniana
566 1812 916 1873 perhibeantur:
966 1811 1123 1873 quidni
1165 1811 1419 1857 communis
1472 1823 1632 1856 eorum

96 1881 199 1926 sons
234 1881 399 1940 fuerit,
444 1883 563 1929 unde
605 1885 803 1944 primum
845 1884 1037 1940 hausta,
1080 1889 1244 1943 postea
1278 1881 1331 1928 ab
1363 1881 1463 1927 aliis
1501 1880 1634 1927 aliter

94 1952 332 1999 immutata
361 1960 406 1999 61
437 1955 609 2000 variata
638 1955 758 2000 sint?
813 1954 908 2001 Hoc
938 1955 975 2000 si
1012 1952 1319 2010 concesseris,
1359 1958 1508 1998 cetera
1535 1953 1633 1996 sine

96 2024 287 2083 negotio
320 2025 638 2085 expediuntur.
694 2025 842 2072 Facile
869 2027 986 2071 enim
1011 2025 1065 2070 ab
1098 2024 1279 2070 Herone
1308 2022 1631 2080 Alexandrino,

94 2102 246 2140 vetere
281 2095 627 2155 mathematico,
665 2099 856 2158 primam
881 2095 1062 2143 illarum
1088 2095 1383 2156 reliquiarum
1410 2094 1632 2155 originem

96 2167 387 2227 repetendam
415 2181 514 2213 esse
543 2167 898 2215 demonstratur.
948 2219 951 2221 ,

296 2305 363 2346 De
394 2306 585 2348 Heronis
616 2306 908 2348 Alemandrini
938 2306 1058 2348 libris
1085 2306 1402 2347 mathematicis.

205 2392 284 2438 His
319 2393 462 2453 igitur
498 2401 543 2440 et
582 2395 776 2441 inventis
804 2402 848 2440 61
890 2394 1156 2442 constitutis
1198 2406 1371 2438 summa
1406 2390 1538 2437 laude
1569 2390 1634 2436 di·
1665 2398 1697 2446 9

98 2477 238 2523 gnum
261 2476 362 2509 esse
392 2463 632 2511 Martinum
659 2466 874 2512 diximus:
913 2480 998 2512 nec
1024 2472 1173 2511 tamen
1200 2463 1346 2509 omnis
1377 2464 1472 2508 eius
1498 2475 1634 2522 argu-

99 2535 319 2580 mentatio
353 2534 540 2595 probari
576 2536 709 2582 nobis
745 2543 914 2598 potest.
963 2534 1061 2592 Qua
1096 2535 1150 2580 de
1182 2548 1231 2580 re
1257 2546 1348 2594 quo
1381 2531 1634 2594 expeditius

99 2605 324 2664 dicamus,
363 2607 559 2667 primum
595 2621 711 2667 quae
745 2607 799 2654 ab
835 2608 926 2654 isto
961 2605 1203 2668 proposita
1241 2599 1401 2664 sint¹),
1437 2603 1636 2650 breviter

216 2787 261 2838 1)
293 2787 513 2829 Biblioth.
547 2788 623 2829 Gr.
656 2791 763 2829 tom.
795 2788 841 2829 II
870 2801 914 2841 p.
948 2788 1031 2829 594
1061 2799 1096 2828 s.
1129 2786 1199 2834 ed,
1230 2789 1323 2829 vet.

213 2843 260 2895 2)
291 2845 419 2888 Beck.
450 2859 494 2898 p.
519 2845 701 2887 74—-78,

213 2899 262 2953 3)
294 2902 343 2942 P.
377 2902 615 2943 240—242.

217 2955 262 3011 1)
296 2958 346 2999 P.
379 2958 433 2999 98
464 2971 524 3000 ss.
558 2960 653 3002 102,
688 2959 781 3002 104.
818 2959 911 3000 120.
945 2959 1041 3000 176.
