1946 3220
333 162 437 216 120
866 177 1252 212 PROLEGOMENA
1276 177 1331 211 m

332 295 454 341 tione
491 297 670 340 constat
699 291 940 337 derivatam
976 302 1075 335 esse
1113 302 1167 335 ex
1189 288 1388 336 Asiatico
1416 295 1621 347 -statere3
1656 291 1856 338 eiusdem

333 370 480 411 autem
515 363 659 407 minae
695 360 831 407 tertia
863 374 969 421 pars
996 358 1084 406 fuit
1108 355 1443 420 Ptolemai0a2).
1496 361 1635 421 Atqui
1667 363 1706 407 si
1731 367 1858 408 recte
1940 361 1946 364 “

334 434 575 479 statuimus
599 444 690 477 non
712 437 802 477 tam
829 443 853 475 e
878 429 1059 476 denario
1086 429 1286 476 Romano
1313 445 1447 491 quam
1467 430 1738 478 Ptolemaica
1763 433 1859 478 sive
1929 484 1931 486 ,

334 503 465 564 Tyria
485 502 692 548 drachma
715 500 961 561 lignarium
990 498 1210 547 talentum
1230 500 1532 547 definiendum
1557 515 1675 561 esse,
1702 502 1859 563 sequi·

336 580 437 631 tur,
472 578 524 617 ut
549 571 647 617 eius
685 571 842 618 talenti
871 570 1036 616 minam
1063 569 1202 632 duplo
1234 572 1450 618 maiorem
1476 571 1687 634 populari
1719 571 1860 633 Syro·

329 656 428 688 rum
455 642 574 688 mina
601 641 744 688 fuisse
772 636 1144 700 existimemus3).

686 792 752 833 De
782 791 1086 834 Alexandrino
1116 793 1275 833 talento
1306 793 1501 845 liynario.

247 875 312 925 70
436 880 637 926 Breviter
671 880 813 926 dicam
843 879 898 925 de
923 879 1225 925 Alexandrino
1262 878 1436 926 talento
1474 879 1698 940 lignario²
1736 880 1857 940 quod

333 957 494 996 auctor
518 950 573 996 de
601 949 782 996 talentis
810 949 883 1009 (fr.
909 952 981 1007 95,
996 948 1040 1009 3)
1067 949 1134 996 sic
1160 949 1376 1010 explicat:
1427 945 1491 998 τὸ
1524 946 1583 999 ἐν
1614 945 1858 1000 Ἀλεξαν-

331 1016 482 1084 δρείᾳ
506 1016 717 1070 ξυλικόν
748 1015 1060 1083 (τάλαντον)
1091 1019 1168 1086 τῷ
1194 1016 1419 1084 πέμπτῳ
1453 1015 1694 1082 διαφέρει
1720 1015 1860 1081 πρὸς

331 1086 395 1138 τὸ
440 1086 833 1151 προειρημένον
884 1086 1175 1151 ἐπιχώριον
1226 1090 1554 1151 περιττεῦον.
1627 1091 1708 1138 Hic
1755 1105 1858 1137 cum

331 1156 395 1208 τὸ
442 1156 832 1221 προειρημένον
880 1156 1170 1221 ἐπιχώριον
1206 1162 1498 1222 intellegatur
1533 1156 1858 1208 Ptolemaicum

332 1231 578 1288 talentum,
610 1231 855 1292 lignarium
882 1232 1098 1278 talentum
1128 1232 1393 1278 aestimatur
1415 1232 1548 1278 minis
1571 1230 1859 1278 Ptolemaicis

332 1453 735 1506 nonagenaria
773 1453 953 1494 ratione
987 1465 1010 1493 e
1040 1453 1214 1494 maiore
1244 1453 1370 1494 mina
1407 1452 1561 1494 faetus
1593 1456 1663 1494 est
1695 1465 1862 1507 argen-

331 1512 437 1549 teus
474 1513 620 1549 stater
648 1508 883 1550 Asiaticus
915 1522 980 1563 gr.
1014 1510 1125 1560 11,3‚
1161 1522 1185 1550 e
1223 1509 1398 1550 minore
1437 1509 1576 1550 siclus
1613 1510 1859 1549 Persarum

333 1565 431 1606 sive
482 1564 667 1605 daricus
718 1568 963 1618 argenteus
1013 1578 1081 1618 gr.
1118 1566 1217 1618 5,66
1256 1562 1317 1618 (v.
1356 1566 1620 1608 Mommsen.
1661 1578 1714 1606 eo
1758 1565 1859 1606 loco

335 1633 468 1674 quem
506 1622 530 1671 ξ
569 1622 624 1662 65
665 1621 769 1664 adn.
800 1622 826 1661 2
865 1622 1040 1672 citavi).
1099 1622 1240 1662 Porro
1292 1622 1631 1664 centenaria
1679 1622 1859 1663 ratione

332 1676 525 1730 primum
558 1689 582 1717 e
613 1676 728 1729 siclo
766 1676 896 1717 facta
928 1681 998 1718 est
1026 1678 1152 1718 mina
1183 1677 1512 1729 Babylonia
1544 1691 1679 1730 quam
1708 1678 1858 1718 Hero-

333 1732 464 1773 dotus
503 1737 848 1786 commemorat,
894 1734 1013 1774 unde
1052 1738 1216 1786 postea
1258 1738 1359 1774 orta
1399 1739 1468 1775 est
1505 1735 1631 1774 mina
1660 1734 1860 1774 Alexan-

334 1788 466 1829 drina
490 1789 532 1841 (ξ
554 1787 643 1842 66),
675 1793 771 1829 tum
794 1802 850 1829 ex
868 1789 1078 1831 Asiatico
1110 1794 1283 1831 statere
1314 1790 1612 1844 popularis
1644 1789 1860 1844 Syrorum

332 1845 470 1885 mina.
529 1845 664 1886 Hanc
694 1849 863 1897 tamen,
899 1858 1001 1886 cum
1033 1850 1200 1887 exacta
1230 1847 1411 1887 ratione
1444 1860 1511 1900 gr.
1544 1848 1654 1888 1130
1684 1846 1860 1887 habere

333 1900 544 1948 deberet,
583 1901 835 1954 posteriore
876 1905 1033 1942 aetate
1071 1901 1224 1956 paullo
1255 1902 1476 1944 leviorem
1508 1902 1593 1956 (gr.
1628 1901 1754 1954 1070)
1787 1903 1858 1942 fa-

333 1961 455 1998 ctam
486 1969 587 1997 esse
620 1970 677 1998 ex
706 1958 821 2011 ipsis
851 1958 1129 2011 ponderibus
1161 1971 1279 2012 quae
1311 1959 1450 2000 attuli
1482 1959 1859 2011 cognoscitur.—

331 2013 588 2053 Praeterea
628 2026 720 2054 non
763 2014 1063 2055 omittendum
1106 2015 1289 2057 videtur
1335 2014 1640 2067 Babyloniam
1687 2015 1860 2055 minam

335 2069 476 2109 etiam
517 2082 544 2109 a
590 2068 718 2109 Chiis
761 2074 997 2124 receptam
1041 2071 1203 2119 fuisse.
1261 2071 1379 2112 Nam
1419 2071 1476 2111 ab
1518 2071 1676 2111 eodem
1706 2072 1860 2124 Long-

332 2125 536 2179 perriero
579 2123 638 2178 (p.
671 2125 772 2177 334)
820 2126 907 2167 duo
954 2125 1169 2168 Chiorum
1213 2127 1417 2180 pondera
1465 2126 1699 2180 descripta
1738 2131 1860 2180 sunt,

335 2179 530 2221 alterum
567 2181 838 2234 inscriptum
867 2180 991 2224 ΔΥΟ
1025 2180 1283 2236 ΜΝΑΑ[1],
1325 2183 1521 2224 alterum
1551 2181 1706 2234 ΜΝΑ,
1749 2195 1860 2236 quo-

333 2248 430 2276 rum
460 2237 587 2289 prius
619 2250 686 2290 gr.
720 2238 917 2292 1124,10,
951 2237 1146 2279 alterum
1177 2240 1260 2280 547
1289 2239 1469 2292 pendit,
1504 2251 1623 2292 quae
1653 2240 1859 2292 proxime

334 2293 615 2335 conveniunt
645 2306 749 2334 cum
781 2295 1047 2335 centenario
1079 2295 1278 2348 pondere
1310 2295 1414 2336 sicli
1445 2294 1531 2348 (gr.
1563 2294 1668 2347 5,6).

446 2349 488 2399 2)
533 2349 867 2391 Ptolemaicam
911 2350 1173 2391 drachmam
1219 2352 1403 2392 tertiam
1441 2354 1621 2405 partem
1659 2351 1860 2392 Asiatici

333 2405 519 2446 stateris
551 2405 697 2447 fuisse
727 2407 831 2460 ipsa
859 2419 1140 2448 nummorum
1161 2407 1363 2461 pondera
1392 2408 1718 2449 demonstrant.
1762 2409 1859 2449 Ita-

333 2472 418 2513 que
449 2473 540 2502 non
571 2475 684 2503 casu
714 2475 771 2504 ac
802 2462 1014 2513 fortuito,
1056 2464 1137 2504 sed
1175 2465 1443 2505 necessaria
1480 2466 1662 2505 ratione
1702 2463 1859 2504 Ptole·

332 2517 487 2556 maica
524 2518 651 2559 mina
691 2518 780 2560 fuit
818 2520 960 2560 tertia
998 2533 1105 2573 pars
1144 2520 1270 2561 illius
1302 2520 1479 2574 Syriae.
1540 2521 1685 2561 Recte
1718 2521 1861 2574 igitur

332 2570 578 2622 lignarium
614 2574 867 2628 talentum,
908 2577 1028 2629 quod
1067 2580 1230 2618 auctor
1268 2577 1323 2617 de
1362 2576 1553 2617 talentis
1592 2589 1616 2616 e
1654 2576 1857 2626 denario,

332 2624 420 2666 hoc
453 2631 524 2667 est
555 2642 609 2669 ex
637 2631 923 2673 Ptolemaico
953 2632 1180 2685 pondere,
1212 2631 1391 2686 definit,
1426 2645 1455 2672 a
1483 2631 1616 2673 nobis
1649 2645 1752 2672 cum
1780 2644 1859 2686 po-

332 2680 486 2733 pulari
517 2683 677 2734 Syriae
708 2687 885 2728 talento
917 2692 1225 2742 eomparatur.

391 2792 401 2801 ·
447 2737 491 2788 3)
523 2739 643 2781 Hinc
675 2743 773 2783 eius
803 2744 971 2785 talenti
1001 2745 1190 2799 lignarii
1210 2745 1325 2785 haec
1345 2744 1550 2798 pondera
1573 2743 1858 2785 efficiuntur:

331 2804 526 2845 prlmum
558 2807 582 2834 e
613 2796 732 2837 iusto
764 2798 924 2851 Syriae
955 2801 1106 2842 minae
1137 2801 1360 2854 pondere,
1393 2801 1601 2841 derivato
1634 2801 1691 2841 ab
1723 2801 1860 2852 Assy-

332 2849 404 2914 ria
433 2850 580 2899 mina,
614 2851 778 2906 kilogr.
811 2857 951 2908 135,9‚
982 2862 1077 2898 tum
1110 2870 1163 2898 ex
1194 2858 1306 2910 ipsis
1336 2856 1615 2910 ponderibus
1646 2857 1693 2896 in
1725 2856 1860 2909 Syria
1912 2897 1915 2899 .

331 2904 534 2948 mventis
553 2905 720 2960 kilogr.
744 2910 871 2962 128,4
890 2912 1088 2967 denique
1110 2926 1165 2955 ex
1183 2913 1489 2954 Romanorum
1521 2913 1859 2964 aestimatione,

333 2960 412 3012 qui
441 2961 486 3002 id
518 2961 578 3002 ad
607 2965 690 3004 375
720 2963 863 3007 libras
894 2968 1193 3023 redegerunt,
1224 2969 1392 3023 kilogr.
1427 2969 1567 3021 12228.
