1946 3220
330 152 429 206 148
838 165 1237 202 PROLEGOMENA
1265 166 1320 200 m

328 282 534 343 siliquam
569 282 677 327 dicit
709 279 875 340 duplex
906 278 1084 338 pondus
1111 278 1276 324 habere
1302 278 1429 339 grani
1457 279 1616 326 hordei
1644 279 1766 340 quod
1793 281 1847 328 ad

328 354 493 398 iustam
519 353 826 396 maturitatem
862 350 1144 409 pervenerit:
1184 343 1349 408 ὁλκὴν
1386 347 1530 398 ποιεῖ
1560 347 1737 410 κριθῆς
1765 346 1850 399 εὐ·
1931 362 1936 366 ·

327 417 534 481 κάρπου
561 414 897 480 διπλαείανῖ).
949 417 1044 474 Qua
1070 433 1123 465 ex
1146 420 1322 465 ratione
1348 419 1523 480 reliqua
1550 435 1664 482 quae
1691 421 1848 468 eodem

325 492 427 538 loco
456 492 671 550 leguntur
697 495 820 535 recte
844 495 1103 550 computata
1135 497 1256 536 sunt.
1899 550 1901 553 .

407 555 543 605 'Tum
571 574 663 605 non
689 561 850 606 omitto
876 558 1121 606 nonnullos
1151 558 1277 606 locos
1302 573 1354 606 ex
1378 561 1467 607 hoc
1494 567 1692 608 tractatu
1717 563 1850 608 citari

325 647 350 678 a
379 630 626 689 Salmasio,
680 632 759 690 qui
804 631 901 676 eius
951 629 1194 689 fragmenti
1239 631 1550 690 apographum
1584 646 1608 677 e
1643 632 1848 678 Parisino

325 700 508 759 codice,
547 707 600 746 ut
636 701 843 757 videtur,
894 701 1139 760 repetitum
1175 713 1314 761 penes
1355 715 1404 747 se
1441 697 1660 760 l1abuit³).
1720 700 1850 757 Quod

325 777 476 817 autem
505 772 589 816 hos
618 771 744 817 locos
772 771 940 816 Heroni
969 770 1156 828 tribuit,
1193 777 1375 817 secutus
1413 778 1484 817 est
1508 772 1710 818 eiusdem
1742 772 1848 818 libri

320 841 514 887 Parisini
537 842 871 899 auctoritatem,
899 843 944 886 in
968 855 1057 900 quo
1082 841 1192 887 haec
1212 840 1470 887 Heroniano
1497 842 1672 888 cuidam
1691 841 1846 889 libello

322 911 531 957 adiuncta
564 918 671 957 sunt
706 910 764 970 (v.
791 910 967 971 praefi).
1022 911 1111 957 Nec
1138 918 1286 958 tamen
1319 912 1563 973 quidquam
1592 913 1638 958 in
1671 912 1742 958 his
1771 927 1848 960 co·

321 989 508 1043 gnatum
544 996 645 1028 cum
674 981 959 1028 Heronianis.

632 1133 773 1173 Porro
806 1134 858 1173 de
888 1133 983 1172 aliis
1012 1132 1166 1172 tabulis
1196 1133 1526 1185 Epiphanianis.

234 1215 293 1264 91
429 1219 583 1264 Restat
620 1225 671 1263 ut
709 1233 759 1264 ea
798 1218 1009 1265 collectio
1056 1233 1369 1266 mensurarum
1411 1227 1456 1265 et
1502 1219 1754 1281 ponderum
1795 1235 1846 1268 ac

320 1302 607 1335 nummorum
649 1289 935 1335 describatur
974 1304 1089 1350 quae
1125 1304 1149 1334 a
1188 1289 1320 1336 nobis
1365 1290 1484 1336 edita
1521 1298 1589 1337 est
1626 1305 1651 1338 e
1691 1291 1844 1338 codice

319 1361 504 1405 Antonii
530 1355 779 1420 Eparchi¹).
831 1359 968 1405 Cuius
995 1360 1079 1405 hae
1105 1366 1212 1405 sunt
1239 1367 1393 1420 partes
1406 1356 1466 1420 ²):

318 1523 485 1552 novam
523 1511 638 1551 fecit
675 1510 947 1552 nominativi
985 1510 1178 1551 formam
1217 1509 1394 1561 μοδίων
1431 1512 1506 1554 vel
1545 1511 1744 1566 μοδιῶν,
1794 1517 1846 1554 ut

319 1567 585 1608 adnotatum
617 1570 688 1607 est
717 1567 774 1605 ad
802 1565 932 1606 illum
961 1565 1126 1608 locum.
1596 1612 1629 1617 -

431 1622 475 1675 2)
515 1623 606 1663 Aut
645 1622 734 1673 sic,
774 1619 1040 1674 διπλαείαν,
1086 1622 1331 1676 legendum
1371 1627 1442 1664 est
1479 1637 1560 1677 pro
1593 1624 1616 1675 β
1647 1624 1766 1677 quod
1796 1626 1845 1665 in

317 1678 450 1719 libris
483 1683 655 1730 exstat,
691 1681 771 1719 aut
800 1676 998 1720 κόκκους
1030 1673 1081 1729 β’.
1149 1683 1156 1694 ’

432 1734 476 1787 3)
509 1735 624 1775 Vide
655 1734 810 1774 Refut.
842 1749 887 1788 p.
922 1737 995 1775 17:
1027 1737 1219 1777 Heronis
1250 1738 1545 1777 auctoritatem
1575 1739 1714 1778 elevas
1744 1739 1843 1791 quia

317 1792 364 1844 is?
386 1796 536 1832 auctor
566 1792 746 1832 nondum
776 1792 914 1831 editus
943 1796 1029 1839 est,
1068 1797 1110 1832 et
1148 1805 1237 1832 eum
1273 1805 1406 1844 penes
1443 1806 1505 1834 me
1545 1793 1702 1833 habere
1733 1795 1841 1835 dimi.

316 1849 591 1900 suppositium
635 1849 778 1901 itaque
821 1853 950 1900 putas
987 1860 1095 1888 esse.
1155 1855 1201 1888 ut
1237 1862 1289 1889 ne
1329 1850 1485 1890 diutius
1521 1852 1565 1890 z'n
1603 1862 1652 1890 eo
1691 1862 1842 1890 errore

315 1905 398 1954 sis,
429 1905 622 1945 indicare
655 1904 731 1944 tibi
758 1916 842 1945 non
877 1904 1113 1957 gravabor,
1154 1918 1238 1946 non
1274 1906 1384 1945 unde
1425 1906 1531 1946 illud
1563 1906 1843 1959 fragmentum

315 1962 572 2012 acceperim,
612 1963 691 2002 sed
718 1961 827 2000 unde
857 1961 950 2013 ipse
980 1962 1177 2014 accipere
1206 1963 1361 2013 possis.
1413 1961 1555 2002 Simile
1577 1968 1700 2003 eoetat
1716 1963 1844 2016 fray-

314 2022 491 2056 mentum
525 2017 587 2056 illi
625 2018 739 2069 quod
769 2030 905 2069 penes
942 2030 1005 2058 me
1043 2017 1177 2058 habeo
1216 2019 1260 2057 in
1298 2018 1433 2069 Reyz'a
1462 2017 1731 2058 Bibliotheca
1766 2018 1841 2059 sub

314 2072 508 2112 Heronis
545 2074 721 2115 nomine.
781 2074 914 2113 Potes
944 2074 1067 2114 adire
1098 2078 1140 2113 et
1170 2075 1330 2114 videre.
1390 2073 1482 2113 Hic
1522 2086 1614 2114 non
1653 2074 1842 2114 dubium

317 2130 408 2179 est,
459 2129 568 2180 quin
606 2128 859 2169 Salmasius
898 2129 1112 2182 designet
1151 2129 1360 2170 codicem
1400 2130 1510 2171 2361
1553 2130 1613 2182 (v.
1645 2129 1838 2183 praef.);

316 2186 454 2236 atque
495 2196 551 2224 ex
592 2184 749 2225 eodem
789 2185 1102 2238 apographum
1141 2198 1270 2226 suum
1306 2185 1491 2226 videtur
1521 2186 1840 2240 descripsisse.

311 2238 427 2279 Loci
466 2243 619 2280 autem
657 2253 769 2293 quos
807 2242 980 2294 passim
1019 2242 1136 2282 citat
1173 2242 1223 2282 hi
1263 2246 1381 2283 sunt.
1440 2243 1583 2282 Varia
1614 2256 1639 2282 e
1673 2243 1838 2296 fragm.

313 2295 368 2336 83
399 2296 423 2345 ξ
457 2297 478 2336 1
512 2295 764 2336 afferuntur
795 2297 924 2337 Conf.
958 2311 1001 2350 p.
1035 2299 1104 2339 90.
1136 2299 1213 2350 91,
1246 2298 1352 2342 Res.
1381 2311 1425 2351 p.
1458 2299 1525 2341 19.
1557 2300 1624 2340 25.
1658 2299 1729 2340 26.
1760 2301 1838 2350 77;

313 2363 447 2403 porro
481 2364 504 2392 e
534 2353 559 2402 ξ
590 2353 701 2393 5-8
732 2351 866 2394 Conf.
899 2366 943 2406 p.
976 2355 1045 2395 90.
1077 2355 1146 2406 91,
1178 2354 1282 2398 Ref.
1313 2367 1356 2407 p,
1382 2356 1455 2404 183
1487 2359 1582 2395 tum
1613 2355 1637 2404 ξ
1671 2356 1721 2395 11
1754 2356 1838 2396 ini-

311 2409 424 2447 tium
453 2407 558 2449 Res.
589 2422 634 2462 p.
668 2411 744 2459 373
784 2410 808 2458 ἓ
841 2411 891 2450 17
926 2408 1059 2450 Conf.
1092 2411 1273 2463 p.·102,
1305 2410 1408 2451 Ref.
1441 2424 1486 2463 p.
1520 2413 1595 2462 72;
1639 2411 1837 2465 denique

312 2464 446 2503 varia
478 2477 502 2504 e
533 2465 557 2513 ἓ
588 2466 643 2505 22
657 2467 758 2505 -24
790 2464 922 2508 Conf.
953 2479 997 2519 p,
1029 2469 1105 2518 90,
1137 2466 1243 2508 Res.
1278 2468 1346 2510 24.
1379 2469 1448 2508 77.
1515 2467 1586 2507 Ex
1614 2467 1686 2509 his
1719 2481 1836 2521 quae

313 2517 576 2572 discrepant
607 2534 634 2561 a
667 2525 880 2563 contextu
911 2522 1163 2575 fragmenti
1195 2536 1222 2563 a
1251 2536 1323 2563 me
1357 2523 1471 2564 editi
1502 2524 1595 2564 suis
1627 2536 1836 2577 quaeque

313 2572 428 2614 locis
461 2575 691 2620 adnotavi.
720 2598 775 2607 ·—
804 2577 952 2619 Multa
985 2579 1124 2619 etiam
1157 2592 1211 2620 ex
1243 2579 1401 2620 eodem
1433 2580 1691 2633 fragmento
1723 2580 1836 2621 citat

314 2628 593 2684 Gronovius,
634 2646 750 2685 quae
782 2638 938 2675 tamen
968 2637 1121 2676 omnia
1151 2636 1370 2688 repetivit
1402 2648 1426 2676 e
1457 2635 1834 2678 Salmasiiilibris

316 2687 516 2735 auctoris
547 2690 729 2730 nomine
761 2690 1028 2745 plerumque
1061 2692 1244 2732 omisso.

427 2741 467 2792 1)
502 2742 585 2782 Est
615 2757 735 2785 nunc
764 2747 886 2787 inter
906 2748 1142 2789 Parisinos
1167 2748 1241 2789 Gr.
1266 2748 1390 2799 1630,
1421 2746 1528 2788 olim
1549 2749 1672 2791 2216.
1710 2748 1833 2790 Hinc

314 2794 556 2837 Sarravius
588 2811 690 2839 cum
723 2801 818 2842 alia
847 2806 941 2843 tum
975 2817 1030 2844 ea
1060 2804 1322 2858 fragmenta
1354 2803 1681 2857 descripserat,
1715 2817 1832 2857 quae

315 2851 440 2892 edita
479 2856 584 2893 sunt
616 2868 643 2894 a
672 2856 961 2909 Le-Moynio.
1021 2860 1075 2903 V.
1107 2860 1242 2900 huius
1272 2859 1387 2913 prol.
1418 2859 1476 2900 ad
1506 2860 1615 2901 Var.
1647 2873 1780 2901 sacra
1812 2862 1833 2901 I

310 2920 355 2959 p.
390 2907 442 2949 17
475 2912 585 2950 extr.
618 2910 721 2950 coll.
754 2925 798 2963 p.
834 2916 885 2953 10
917 2919 1047 2967 extr„
1081 2920 1126 2957 et
1156 2919 1357 2957 nostram
1394 2916 1543 2969 praef.
1586 2915 1643 2957 ad
1674 2915 1730 2958 fr.
1763 2918 1831 2958 15.

426 2964 470 3015 2)
504 2964 613 3005 Cod.
648 2966 756 3007 1630
789 2967 866 3009 fol.
901 2971 995 3011 194.
