<?xml version="1.0" encoding="UTF-8"?>
<!DOCTYPE html PUBLIC "-//W3C//DTD XHTML 1.0 Transitional//EN"
    "http://www.w3.org/TR/xhtml1/DTD/xhtml1-transitional.dtd">
<html xmlns="http://www.w3.org/1999/xhtml" xml:lang="en" lang="en">
 <head>
  <title>
</title>
<meta http-equiv="Content-Type" content="text/html;charset=utf-8" />
  <meta name='ocr-system' content='tesseract 3.04.00' />
  <meta name='ocr-capabilities' content='ocr_page ocr_carea ocr_par ocr_line ocrx_word'/>
</head>
<body>
  <div class='ocr_page' id='page_1' title='image "./metrologicorumsc01hultuoft_0024.png"; bbox 0 0 1946 3220; ppageno 0'>
   <div class='ocr_carea' id='block_1_1' title="bbox 323 155 1292 195">
    <p class='ocr_par' dir='ltr' id='par_1_1' title="bbox 323 155 1292 195">
     <span class='ocr_line' id='line_1_1' title="bbox 323 155 1292 195; baseline -0.007 0"><span class='ocrx_word' id='word_1_1' title='bbox 323 157 404 195; x_wconf 84' lang='lat' dir='ltr'>XX</span> <span class='ocrx_word' id='word_1_2' title='bbox 904 155 1199 191; x_wconf 78' lang='lat' dir='ltr'>PRAEFATIO</span> <span class='ocrx_word' id='word_1_3' title='bbox 1236 156 1292 189; x_wconf 82' lang='lat' dir='ltr'>IN</span> 
     </span>
    </p>
   </div>
   <div class='ocr_carea' id='block_1_2' title="bbox 319 261 1929 3006">
    <p class='ocr_par' dir='ltr' id='par_1_2' title="bbox 319 261 1929 3006">
     <span class='ocr_line' id='line_1_2' title="bbox 325 261 1894 335; baseline -0.001 -16"><span class='ocrx_word' id='word_1_4' title='bbox 325 275 570 335; x_wconf 88' lang='lat' dir='ltr'>genuinum</span> <span class='ocrx_word' id='word_1_5' title='bbox 610 278 755 328; x_wconf 80' lang='lat' dir='ltr'>esset,</span> <span class='ocrx_word' id='word_1_6' title='bbox 805 269 1017 330; x_wconf 86' lang='lat' dir='ltr'>explicari</span> <span class='ocrx_word' id='word_1_7' title='bbox 1051 267 1237 314; x_wconf 81' lang='lat' dir='ltr'>deberet</span> <span class='ocrx_word' id='word_1_8' title='bbox 1284 264 1352 328; x_wconf 87' lang='grc' dir='ltr'>μὴ</span> <span class='ocrx_word' id='word_1_9' title='bbox 1387 261 1572 317; x_wconf 86' lang='grc' dir='ltr'>ἱκανὸν</span> <span class='ocrx_word' id='word_1_10' title='bbox 1606 263 1849 328; x_wconf 85' lang='grc' dir='ltr'>τέμνειν;</span> <span class='ocrx_word' id='word_1_11' title='bbox 1884 314 1894 320; x_wconf 77' lang='grc'><strong><em>,</em></strong></span> 
     </span>
     <span class='ocr_line' id='line_1_3' title="bbox 325 332 1929 405; baseline -0.002 -15"><span class='ocrx_word' id='word_1_12' title='bbox 325 344 444 405; x_wconf 92' lang='lat' dir='ltr'>quod</span> <span class='ocrx_word' id='word_1_13' title='bbox 477 357 578 390; x_wconf 91' lang='lat' dir='ltr'>cum</span> <span class='ocrx_word' id='word_1_14' title='bbox 603 341 700 388; x_wconf 87' lang='lat' dir='ltr'>fieri</span> <span class='ocrx_word' id='word_1_15' title='bbox 726 355 815 387; x_wconf 91' lang='lat' dir='ltr'>non</span> <span class='ocrx_word' id='word_1_16' title='bbox 842 339 1015 400; x_wconf 82' lang='lat' dir='ltr'>possit,</span> <span class='ocrx_word' id='word_1_17' title='bbox 1050 332 1252 388; x_wconf 87' lang='grc' dir='ltr'>ἄτονον</span> <span class='ocrx_word' id='word_1_18' title='bbox 1277 338 1435 399; x_wconf 90' lang='lat' dir='ltr'>potius</span> <span class='ocrx_word' id='word_1_19' title='bbox 1460 337 1702 399; x_wconf 90' lang='lat' dir='ltr'>legendum</span> <span class='ocrx_word' id='word_1_20' title='bbox 1727 339 1849 386; x_wconf 86' lang='lat' dir='ltr'>vide·</span> <span class='ocrx_word' id='word_1_21' title='bbox 1925 384 1929 387; x_wconf 89' lang='lat'>.</span> 
     </span>
     <span class='ocr_line' id='line_1_4' title="bbox 326 407 1849 470; baseline -0.002 -11"><span class='ocrx_word' id='word_1_22' title='bbox 326 423 415 460; x_wconf 87' lang='lat' dir='ltr'>tur.</span> <span class='ocrx_word' id='word_1_23' title='bbox 446 438 506 446; x_wconf 92' lang='lat'><strong>—</strong></span> <span class='ocrx_word' id='word_1_24' title='bbox 535 414 637 459; x_wconf 89' lang='lat' dir='ltr'>Iure</span> <span class='ocrx_word' id='word_1_25' title='bbox 666 409 843 457; x_wconf 90' lang='lat' dir='ltr'>mireris</span> <span class='ocrx_word' id='word_1_26' title='bbox 871 409 900 468; x_wconf 67' lang='lat' dir='ltr'>S</span> <span class='ocrx_word' id='word_1_27' title='bbox 926 411 978 454; x_wconf 87' lang='grc'>81</span> <span class='ocrx_word' id='word_1_28' title='bbox 1006 407 1065 470; x_wconf 89' lang='lat' dir='ltr'>(p.</span> <span class='ocrx_word' id='word_1_29' title='bbox 1087 411 1188 468; x_wconf 80' lang='lat'><strong>292,</strong></span> <span class='ocrx_word' id='word_1_30' title='bbox 1215 407 1286 469; x_wconf 91' lang='lat'>11)</span> <span class='ocrx_word' id='word_1_31' title='bbox 1308 407 1585 455; x_wconf 87' lang='lat' dir='ltr'>Dindorfium</span> <span class='ocrx_word' id='word_1_32' title='bbox 1608 413 1655 454; x_wconf 91' lang='lat' dir='ltr'>et</span> <span class='ocrx_word' id='word_1_33' title='bbox 1677 408 1849 456; x_wconf 88' lang='lat' dir='ltr'>Bekke·</span> 
     </span>
     <span class='ocr_line' id='line_1_5' title="bbox 324 476 1848 539; baseline -0.001 -9"><span class='ocrx_word' id='word_1_34' title='bbox 324 499 424 530; x_wconf 89' lang='lat' dir='ltr'>rum</span> <span class='ocrx_word' id='word_1_35' title='bbox 459 490 641 530; x_wconf 87' lang='lat' dir='ltr'>auctore</span> <span class='ocrx_word' id='word_1_36' title='bbox 665 481 993 539; x_wconf 80' lang='lat' dir='ltr'>langermanno</span> <span class='ocrx_word' id='word_1_37' title='bbox 1030 479 1225 526; x_wconf 90' lang='lat' dir='ltr'>edidisse</span> <span class='ocrx_word' id='word_1_38' title='bbox 1258 476 1474 529; x_wconf 81' lang='grc' dir='ltr'>διξᾶντα</span> <span class='ocrx_word' id='word_1_39' title='bbox 1504 485 1551 524; x_wconf 88' lang='lat' dir='ltr'>et</span> <span class='ocrx_word' id='word_1_40' title='bbox 1581 476 1848 539; x_wconf 85' lang='grc' dir='ltr'>τρῑξᾶντα,</span> 
     </span>
     <span class='ocr_line' id='line_1_6' title="bbox 323 549 1851 611; baseline -0.002 -11"><span class='ocrx_word' id='word_1_41' title='bbox 323 555 477 600; x_wconf 85' lang='lat' dir='ltr'>foedas</span> <span class='ocrx_word' id='word_1_42' title='bbox 512 550 834 598; x_wconf 89' lang='lat' dir='ltr'>vocabulorum</span> <span class='ocrx_word' id='word_1_43' title='bbox 860 550 1047 597; x_wconf 88' lang='lat' dir='ltr'>formas.</span> <span class='ocrx_word' id='word_1_44' title='bbox 1072 555 1078 560; x_wconf 80' lang='lat'><strong><em>‘</em></strong></span> <span class='ocrx_word' id='word_1_45' title='bbox 1112 550 1197 606; x_wconf 84' lang='lat' dir='ltr'>Qui</span> <span class='ocrx_word' id='word_1_46' title='bbox 1227 552 1266 596; x_wconf 93' lang='lat' dir='ltr'>si</span> <span class='ocrx_word' id='word_1_47' title='bbox 1291 564 1343 597; x_wconf 92' lang='lat' dir='ltr'>ea</span> <span class='ocrx_word' id='word_1_48' title='bbox 1369 549 1706 608; x_wconf 77' lang='lat' dir='ltr'>meminissent,</span> <span class='ocrx_word' id='word_1_49' title='bbox 1732 563 1851 611; x_wconf 82' lang='lat' dir='ltr'>quae</span> 
     </span>
     <span class='ocr_line' id='line_1_7' title="bbox 322 620 1851 682; baseline -0.001 -13"><span class='ocrx_word' id='word_1_50' title='bbox 322 623 480 669; x_wconf 84' lang='lat' dir='ltr'>Pollux</span> <span class='ocrx_word' id='word_1_51' title='bbox 507 636 558 668; x_wconf 86' lang='lat' dir='ltr'>ex</span> <span class='ocrx_word' id='word_1_52' title='bbox 586 620 743 668; x_wconf 90' lang='lat' dir='ltr'>eodem</span> <span class='ocrx_word' id='word_1_53' title='bbox 768 620 1016 667; x_wconf 86' lang='lat' dir='ltr'>Aristotele</span> <span class='ocrx_word' id='word_1_54' title='bbox 1041 620 1119 667; x_wconf 85' lang='lat' dir='ltr'>lib.</span> <span class='ocrx_word' id='word_1_55' title='bbox 1142 626 1195 681; x_wconf 87' lang='grc'>4,</span> <span class='ocrx_word' id='word_1_56' title='bbox 1223 624 1307 664; x_wconf 86' lang='grc'>174</span> <span class='ocrx_word' id='word_1_57' title='bbox 1329 621 1510 680; x_wconf 78' lang='lat' dir='ltr'>attulit,</span> <span class='ocrx_word' id='word_1_58' title='bbox 1537 620 1635 666; x_wconf 88' lang='lat' dir='ltr'>sine</span> <span class='ocrx_word' id='word_1_59' title='bbox 1658 621 1851 682; x_wconf 91' lang='lat' dir='ltr'>negotio</span> 
     </span>
     <span class='ocr_line' id='line_1_8' title="bbox 322 690 1851 752; baseline -0.001 -13"><span class='ocrx_word' id='word_1_60' title='bbox 322 707 474 739; x_wconf 90' lang='lat' dir='ltr'>verum</span> <span class='ocrx_word' id='word_1_61' title='bbox 501 692 794 738; x_wconf 90' lang='lat' dir='ltr'>invenissent.</span> <span class='ocrx_word' id='word_1_62' title='bbox 841 691 950 737; x_wconf 91' lang='lat' dir='ltr'>Nam</span> <span class='ocrx_word' id='word_1_63' title='bbox 978 693 1065 737; x_wconf 88' lang='lat' dir='ltr'>etsi</span> <span class='ocrx_word' id='word_1_64' title='bbox 1090 693 1180 739; x_wconf 90' lang='lat' dir='ltr'>hoc</span> <span class='ocrx_word' id='word_1_65' title='bbox 1204 690 1306 738; x_wconf 91' lang='lat' dir='ltr'>loco</span> <span class='ocrx_word' id='word_1_66' title='bbox 1334 704 1470 752; x_wconf 90' lang='lat' dir='ltr'>prave</span> <span class='ocrx_word' id='word_1_67' title='bbox 1507 692 1554 736; x_wconf 92' lang='lat' dir='ltr'>in</span> <span class='ocrx_word' id='word_1_68' title='bbox 1580 690 1710 738; x_wconf 90' lang='lat' dir='ltr'>libris</span> <span class='ocrx_word' id='word_1_69' title='bbox 1738 691 1851 738; x_wconf 89' lang='lat' dir='ltr'>scri·</span> 
     </span>
     <span class='ocr_line' id='line_1_9' title="bbox 319 757 1855 825; baseline -0.001 -15"><span class='ocrx_word' id='word_1_70' title='bbox 319 771 448 825; x_wconf 84' lang='lat' dir='ltr'>ptum</span> <span class='ocrx_word' id='word_1_71' title='bbox 475 770 545 810; x_wconf 88' lang='lat' dir='ltr'>est</span> <span class='ocrx_word' id='word_1_72' title='bbox 573 758 627 812; x_wconf 79' lang='grc' dir='ltr'>ἓξ</span> <span class='ocrx_word' id='word_1_73' title='bbox 650 757 884 811; x_wconf 78' lang='grc' dir='ltr'>τάλαντα</span> <span class='ocrx_word' id='word_1_74' title='bbox 909 769 955 808; x_wconf 90' lang='lat' dir='ltr'>et</span> <span class='ocrx_word' id='word_1_75' title='bbox 980 757 1099 822; x_wconf 87' lang='grc' dir='ltr'>τρία</span> <span class='ocrx_word' id='word_1_76' title='bbox 1122 757 1386 821; x_wconf 78' lang='grc' dir='ltr'>τάλαντα,</span> <span class='ocrx_word' id='word_1_77' title='bbox 1415 768 1562 808; x_wconf 89' lang='lat' dir='ltr'>tamen</span> <span class='ocrx_word' id='word_1_78' title='bbox 1588 768 1635 808; x_wconf 89' lang='lat' dir='ltr'>et</span> <span class='ocrx_word' id='word_1_79' title='bbox 1659 774 1711 807; x_wconf 79' lang='lat' dir='ltr'>ex</span> <span class='ocrx_word' id='word_1_80' title='bbox 1734 762 1855 823; x_wconf 86' lang='lat' dir='ltr'>ipsis</span> 
     </span>
     <span class='ocr_line' id='line_1_10' title="bbox 321 831 1852 895; baseline -0.001 -14"><span class='ocrx_word' id='word_1_81' title='bbox 321 841 565 895; x_wconf 83' lang='lat' dir='ltr'>corruptae</span> <span class='ocrx_word' id='word_1_82' title='bbox 591 834 843 894; x_wconf 81' lang='lat' dir='ltr'>scripturae</span> <span class='ocrx_word' id='word_1_83' title='bbox 860 834 1067 894; x_wconf 89' lang='lat' dir='ltr'>vestigiis</span> <span class='ocrx_word' id='word_1_84' title='bbox 1094 840 1139 878; x_wconf 90' lang='lat' dir='ltr'>et</span> <span class='ocrx_word' id='word_1_85' title='bbox 1165 832 1333 880; x_wconf 88' lang='lat' dir='ltr'>collato</span> <span class='ocrx_word' id='word_1_86' title='bbox 1359 831 1504 878; x_wconf 85' lang='lat' dir='ltr'>altero</span> <span class='ocrx_word' id='word_1_87' title='bbox 1529 832 1632 879; x_wconf 90' lang='lat' dir='ltr'>loco</span> <span class='ocrx_word' id='word_1_88' title='bbox 1662 838 1852 893; x_wconf 86' lang='lat' dir='ltr'>apparet</span> 
     </span>
     <span class='ocr_line' id='line_1_11' title="bbox 320 899 1853 965; baseline 0 -15"><span class='ocrx_word' id='word_1_89' title='bbox 320 905 513 965; x_wconf 89' lang='lat' dir='ltr'>legenda</span> <span class='ocrx_word' id='word_1_90' title='bbox 541 917 639 950; x_wconf 90' lang='lat' dir='ltr'>esse</span> <span class='ocrx_word' id='word_1_91' title='bbox 669 899 857 953; x_wconf 85' lang='grc' dir='ltr'>ἑξᾶντα</span> <span class='ocrx_word' id='word_1_92' title='bbox 883 910 928 950; x_wconf 89' lang='lat' dir='ltr'>et</span> <span class='ocrx_word' id='word_1_93' title='bbox 953 900 1187 964; x_wconf 70' lang='grc' dir='ltr'>τριᾶντα,</span> <span class='ocrx_word' id='word_1_94' title='bbox 1216 917 1331 964; x_wconf 91' lang='lat' dir='ltr'>quae</span> <span class='ocrx_word' id='word_1_95' title='bbox 1357 903 1616 949; x_wconf 89' lang='lat' dir='ltr'>iamdudum</span> <span class='ocrx_word' id='word_1_96' title='bbox 1645 901 1853 950; x_wconf 89' lang='lat' dir='ltr'>coniece-</span> 
     </span>
     <span class='ocr_line' id='line_1_12' title="bbox 323 972 1849 1036; baseline -0.001 -16"><span class='ocrx_word' id='word_1_97' title='bbox 323 982 393 1020; x_wconf 89' lang='lat' dir='ltr'>rat</span> <span class='ocrx_word' id='word_1_98' title='bbox 417 973 645 1020; x_wconf 86' lang='lat' dir='ltr'>Bentleius</span> <span class='ocrx_word' id='word_1_99' title='bbox 671 973 728 1033; x_wconf 91' lang='lat' dir='ltr'>(v.</span> <span class='ocrx_word' id='word_1_100' title='bbox 750 974 912 1036; x_wconf 89' lang='lat' dir='ltr'>Opusc.</span> <span class='ocrx_word' id='word_1_101' title='bbox 939 974 1098 1035; x_wconf 92' lang='lat' dir='ltr'>philol.</span> <span class='ocrx_word' id='word_1_102' title='bbox 1126 974 1247 1034; x_wconf 91' lang='lat' dir='ltr'>Lips.</span> <span class='ocrx_word' id='word_1_103' title='bbox 1275 976 1382 1018; x_wconf 88' lang='grc'><strong>1781</strong></span> <span class='ocrx_word' id='word_1_104' title='bbox 1411 989 1455 1034; x_wconf 91' lang='lat' dir='ltr'>p.</span> <span class='ocrx_word' id='word_1_105' title='bbox 1483 975 1567 1018; x_wconf 80' lang='lat'>416</span> <span class='ocrx_word' id='word_1_106' title='bbox 1594 972 1668 1032; x_wconf 73' lang='lat' dir='ltr'>s.)&#39;.</span> <span class='ocrx_word' id='word_1_107' title='bbox 1722 973 1849 1019; x_wconf 86' lang='lat' dir='ltr'>Cete-</span> 
     </span>
     <span class='ocr_line' id='line_1_13' title="bbox 325 1044 1854 1105; baseline 0.001 -15"><span class='ocrx_word' id='word_1_108' title='bbox 325 1059 424 1091; x_wconf 88' lang='lat' dir='ltr'>rum</span> <span class='ocrx_word' id='word_1_109' title='bbox 451 1052 684 1091; x_wconf 87' lang='lat' dir='ltr'>accentum</span> <span class='ocrx_word' id='word_1_110' title='bbox 711 1044 1046 1091; x_wconf 87' lang='lat' dir='ltr'>circumflexum</span> <span class='ocrx_word' id='word_1_111' title='bbox 1077 1044 1276 1104; x_wconf 73' lang='lat' dir='ltr'>servavi,</span> <span class='ocrx_word' id='word_1_112' title='bbox 1304 1058 1575 1105; x_wconf 88' lang='lat' dir='ltr'>quamquam</span> <span class='ocrx_word' id='word_1_113' title='bbox 1601 1044 1854 1091; x_wconf 83' lang='lat' dir='ltr'>Ahrensius</span> 
     </span>
     <span class='ocr_line' id='line_1_14' title="bbox 322 1108 1851 1176; baseline 0.001 -16"><span class='ocrx_word' id='word_1_114' title='bbox 322 1115 376 1162; x_wconf 92' lang='lat' dir='ltr'>de</span> <span class='ocrx_word' id='word_1_115' title='bbox 408 1114 510 1161; x_wconf 90' lang='lat' dir='ltr'>dial.</span> <span class='ocrx_word' id='word_1_116' title='bbox 536 1115 635 1161; x_wconf 86' lang='lat' dir='ltr'>Dor.</span> <span class='ocrx_word' id='word_1_117' title='bbox 666 1131 710 1176; x_wconf 91' lang='lat' dir='ltr'>p.</span> <span class='ocrx_word' id='word_1_118' title='bbox 741 1117 824 1160; x_wconf 85' lang='lat'>392</span> <span class='ocrx_word' id='word_1_119' title='bbox 846 1116 1048 1176; x_wconf 85' lang='lat' dir='ltr'>praefert</span> <span class='ocrx_word' id='word_1_120' title='bbox 1073 1110 1218 1173; x_wconf 76' lang='grc' dir='ltr'>ἕξαε,</span> <span class='ocrx_word' id='word_1_121' title='bbox 1246 1129 1348 1176; x_wconf 85' lang='lat' dir='ltr'>gen.</span> <span class='ocrx_word' id='word_1_122' title='bbox 1381 1109 1617 1172; x_wconf 78' lang='grc' dir='ltr'>ἑξάντοε,</span> <span class='ocrx_word' id='word_1_123' title='bbox 1643 1108 1851 1175; x_wconf 63' lang='grc' dir='ltr'>τέτραξ,</span> 
     </span>
     <span class='ocr_line' id='line_1_15' title="bbox 323 1179 1854 1247; baseline -0.002 -14"><span class='ocrx_word' id='word_1_124' title='bbox 323 1179 482 1245; x_wconf 74' lang='grc' dir='ltr'>τρίαε.</span> <span class='ocrx_word' id='word_1_125' title='bbox 530 1185 638 1231; x_wconf 90' lang='lat' dir='ltr'>Nam</span> <span class='ocrx_word' id='word_1_126' title='bbox 669 1187 779 1233; x_wconf 89' lang='lat' dir='ltr'>haec</span> <span class='ocrx_word' id='word_1_127' title='bbox 810 1193 862 1232; x_wconf 87' lang='lat' dir='ltr'>ut</span> <span class='ocrx_word' id='word_1_128' title='bbox 885 1188 1073 1247; x_wconf 88' lang='lat' dir='ltr'>proprie</span> <span class='ocrx_word' id='word_1_129' title='bbox 1099 1186 1257 1232; x_wconf 90' lang='lat' dir='ltr'>Dorica</span> <span class='ocrx_word' id='word_1_130' title='bbox 1284 1199 1384 1232; x_wconf 91' lang='lat' dir='ltr'>esse</span> <span class='ocrx_word' id='word_1_131' title='bbox 1411 1185 1630 1244; x_wconf 84' lang='lat' dir='ltr'>concedo,</span> <span class='ocrx_word' id='word_1_132' title='bbox 1658 1185 1720 1230; x_wconf 90' lang='lat' dir='ltr'>ita</span> <span class='ocrx_word' id='word_1_133' title='bbox 1746 1183 1854 1230; x_wconf 88' lang='lat' dir='ltr'>alie-</span> 
     </span>
     <span class='ocr_line' id='line_1_16' title="bbox 321 1255 1850 1317; baseline 0.001 -17"><span class='ocrx_word' id='word_1_134' title='bbox 321 1269 379 1300; x_wconf 90' lang='lat' dir='ltr'>na</span> <span class='ocrx_word' id='word_1_135' title='bbox 406 1270 503 1302; x_wconf 88' lang='lat' dir='ltr'>esse</span> <span class='ocrx_word' id='word_1_136' title='bbox 528 1256 750 1302; x_wconf 91' lang='lat' dir='ltr'>contendo</span> <span class='ocrx_word' id='word_1_137' title='bbox 778 1256 836 1313; x_wconf 35' lang='lat' dir='ltr'>‚ab</span> <span class='ocrx_word' id='word_1_138' title='bbox 861 1256 1000 1303; x_wconf 88' lang='lat' dir='ltr'>Attici</span> <span class='ocrx_word' id='word_1_139' title='bbox 1025 1256 1247 1302; x_wconf 90' lang='lat' dir='ltr'>sermonis</span> <span class='ocrx_word' id='word_1_140' title='bbox 1273 1255 1467 1317; x_wconf 89' lang='lat' dir='ltr'>legibus.</span> <span class='ocrx_word' id='word_1_141' title='bbox 1486 1280 1558 1289; x_wconf 90' lang='lat'><strong>—</strong></span> <span class='ocrx_word' id='word_1_142' title='bbox 1586 1256 1616 1314; x_wconf 70' lang='lat' dir='ltr'>S</span> <span class='ocrx_word' id='word_1_143' title='bbox 1636 1258 1692 1299; x_wconf 91' lang='lat'>82</span> <span class='ocrx_word' id='word_1_144' title='bbox 1723 1256 1850 1316; x_wconf 88' lang='lat' dir='ltr'>prio·</span> 
     </span>
     <span class='ocr_line' id='line_1_17' title="bbox 321 1324 1854 1388; baseline 0.001 -17"><span class='ocrx_word' id='word_1_145' title='bbox 321 1339 413 1371; x_wconf 88' lang='lat' dir='ltr'>rem</span> <span class='ocrx_word' id='word_1_146' title='bbox 443 1324 698 1387; x_wconf 80' lang='lat' dir='ltr'>Epicharmi</span> <span class='ocrx_word' id='word_1_147' title='bbox 725 1326 875 1373; x_wconf 90' lang='lat' dir='ltr'>locum</span> <span class='ocrx_word' id='word_1_148' title='bbox 908 1326 969 1387; x_wconf 91' lang='lat' dir='ltr'>(p.</span> <span class='ocrx_word' id='word_1_149' title='bbox 998 1329 1101 1386; x_wconf 78' lang='lat'><strong>292‚</strong></span> <span class='ocrx_word' id='word_1_150' title='bbox 1132 1326 1206 1386; x_wconf 83' lang='lat'>23)</span> <span class='ocrx_word' id='word_1_151' title='bbox 1233 1328 1420 1388; x_wconf 84' lang='lat' dir='ltr'>egregie</span> <span class='ocrx_word' id='word_1_152' title='bbox 1451 1326 1657 1373; x_wconf 89' lang='lat' dir='ltr'>restituit</span> <span class='ocrx_word' id='word_1_153' title='bbox 1679 1325 1854 1372; x_wconf 81' lang='lat' dir='ltr'>Ahren-</span> 
     </span>
     <span class='ocr_line' id='line_1_18' title="bbox 320 1391 1912 1458; baseline 0.003 -17"><span class='ocrx_word' id='word_1_154' title='bbox 320 1398 415 1442; x_wconf 93' lang='lat' dir='ltr'>sius</span> <span class='ocrx_word' id='word_1_155' title='bbox 440 1411 486 1457; x_wconf 91' lang='lat' dir='ltr'>p.</span> <span class='ocrx_word' id='word_1_156' title='bbox 513 1399 595 1442; x_wconf 84' lang='lat'>435</span> <span class='ocrx_word' id='word_1_157' title='bbox 623 1412 657 1442; x_wconf 91' lang='lat' dir='ltr'>s.</span> <span class='ocrx_word' id='word_1_158' title='bbox 715 1397 823 1442; x_wconf 91' lang='lat' dir='ltr'>Nam</span> <span class='ocrx_word' id='word_1_159' title='bbox 851 1403 896 1442; x_wconf 88' lang='lat' dir='ltr'>et</span> <span class='ocrx_word' id='word_1_160' title='bbox 924 1392 1174 1456; x_wconf 71' lang='lat' dir='ltr'>t‘ucrtepoti,</span> <span class='ocrx_word' id='word_1_161' title='bbox 1201 1411 1293 1443; x_wconf 91' lang='lat' dir='ltr'>non</span> <span class='ocrx_word' id='word_1_162' title='bbox 1322 1392 1499 1457; x_wconf 70' lang='grc' dir='ltr'>ὥςπερ</span> <span class='ocrx_word' id='word_1_163' title='bbox 1526 1391 1578 1443; x_wconf 75' lang='grc' dir='ltr'>αἱ</span> <span class='ocrx_word' id='word_1_164' title='bbox 1603 1395 1746 1458; x_wconf 89' lang='lat' dir='ltr'>(quod</span> <span class='ocrx_word' id='word_1_165' title='bbox 1768 1392 1856 1445; x_wconf 85' lang='grc' dir='ltr'>ταὶ</span> <span class='ocrx_word' id='word_1_166' title='bbox 1909 1413 1912 1414; x_wconf 65' lang='grc'>’</span> 
     </span>
     <span class='ocr_line' id='line_1_19' title="bbox 322 1461 1852 1528; baseline 0.003 -17"><span class='ocrx_word' id='word_1_167' title='bbox 322 1479 423 1512; x_wconf 88' lang='lat' dir='ltr'>esse</span> <span class='ocrx_word' id='word_1_168' title='bbox 444 1466 670 1526; x_wconf 82' lang='lat' dir='ltr'>debebat)⁷</span> <span class='ocrx_word' id='word_1_169' title='bbox 692 1468 880 1528; x_wconf 86' lang='lat' dir='ltr'>scripsit</span> <span class='ocrx_word' id='word_1_170' title='bbox 899 1467 1222 1527; x_wconf 69' lang='lat' dir='ltr'>Epicharmus,</span> <span class='ocrx_word' id='word_1_171' title='bbox 1250 1475 1294 1514; x_wconf 87' lang='lat' dir='ltr'>et</span> <span class='ocrx_word' id='word_1_172' title='bbox 1320 1462 1598 1528; x_wconf 77' lang='grc' dir='ltr'>ἀργύριον,</span> <span class='ocrx_word' id='word_1_173' title='bbox 1624 1467 1670 1512; x_wconf 93' lang='lat' dir='ltr'>h.</span> <span class='ocrx_word' id='word_1_174' title='bbox 1691 1481 1730 1513; x_wconf 92' lang='lat' dir='ltr'>e.</span> <span class='ocrx_word' id='word_1_175' title='bbox 1757 1461 1852 1527; x_wconf 88' lang='grc' dir='ltr'>ἀρ-</span> 
     </span>
     <span class='ocr_line' id='line_1_20' title="bbox 319 1531 1854 1598; baseline 0.001 -14"><span class='ocrx_word' id='word_1_176' title='bbox 319 1534 543 1596; x_wconf 74' lang='grc' dir='ltr'>γυροῦν,</span> <span class='ocrx_word' id='word_1_177' title='bbox 577 1544 699 1584; x_wconf 87' lang='lat' dir='ltr'>recte</span> <span class='ocrx_word' id='word_1_178' title='bbox 727 1538 866 1584; x_wconf 90' lang='lat' dir='ltr'>habet</span> <span class='ocrx_word' id='word_1_179' title='bbox 895 1538 1213 1598; x_wconf 89' lang='lat' dir='ltr'>Iungermanni</span> <span class='ocrx_word' id='word_1_180' title='bbox 1240 1538 1398 1598; x_wconf 75' lang='lat' dir='ltr'>codex⁷</span> <span class='ocrx_word' id='word_1_181' title='bbox 1426 1538 1504 1584; x_wconf 87' lang='lat' dir='ltr'>uhi</span> <span class='ocrx_word' id='word_1_182' title='bbox 1527 1538 1664 1598; x_wconf 91' lang='lat' dir='ltr'>vulgo</span> <span class='ocrx_word' id='word_1_183' title='bbox 1690 1531 1854 1597; x_wconf 80' lang='grc' dir='ltr'>ἀργυ-</span> 
     </span>
     <span class='ocr_line' id='line_1_21' title="bbox 321 1602 1854 1669; baseline 0.003 -16"><span class='ocrx_word' id='word_1_184' title='bbox 321 1602 439 1665; x_wconf 88' lang='grc' dir='ltr'>ρίου</span> <span class='ocrx_word' id='word_1_185' title='bbox 465 1607 634 1653; x_wconf 91' lang='lat' dir='ltr'>editum</span> <span class='ocrx_word' id='word_1_186' title='bbox 660 1614 744 1654; x_wconf 88' lang='lat' dir='ltr'>est.</span> <span class='ocrx_word' id='word_1_187' title='bbox 794 1608 884 1654; x_wconf 93' lang='lat' dir='ltr'>Nec</span> <span class='ocrx_word' id='word_1_188' title='bbox 909 1616 1059 1655; x_wconf 85' lang='lat' dir='ltr'>tamen</span> <span class='ocrx_word' id='word_1_189' title='bbox 1090 1611 1325 1655; x_wconf 88' lang='lat' dir='ltr'>consentio</span> <span class='ocrx_word' id='word_1_190' title='bbox 1351 1609 1406 1655; x_wconf 94' lang='lat' dir='ltr'>de</span> <span class='ocrx_word' id='word_1_191' title='bbox 1431 1604 1515 1656; x_wconf 81' lang='grc' dir='ltr'>ταὶ</span> <span class='ocrx_word' id='word_1_192' title='bbox 1540 1604 1597 1655; x_wconf 73' lang='grc' dir='ltr'>δ’</span> <span class='ocrx_word' id='word_1_193' title='bbox 1623 1602 1716 1657; x_wconf 74' lang='grc' dir='ltr'>ἀν’</span> <span class='ocrx_word' id='word_1_194' title='bbox 1738 1603 1854 1669; x_wconf 84' lang='grc' dir='ltr'>ἡμι-</span> 
     </span>
     <span class='ocr_line' id='line_1_22' title="bbox 319 1671 1853 1740; baseline 0.001 -16"><span class='ocrx_word' id='word_1_195' title='bbox 319 1671 549 1737; x_wconf 69' lang='grc' dir='ltr'>λίτριον,</span> <span class='ocrx_word' id='word_1_196' title='bbox 585 1678 662 1724; x_wconf 88' lang='lat' dir='ltr'>uhi</span> <span class='ocrx_word' id='word_1_197' title='bbox 699 1673 751 1725; x_wconf 81' lang='grc' dir='ltr'>αἱ</span> <span class='ocrx_word' id='word_1_198' title='bbox 776 1677 1000 1725; x_wconf 87' lang='lat' dir='ltr'>librorum</span> <span class='ocrx_word' id='word_1_199' title='bbox 1027 1680 1253 1740; x_wconf 88' lang='lat' dir='ltr'>scriptura</span> <span class='ocrx_word' id='word_1_200' title='bbox 1284 1679 1453 1725; x_wconf 88' lang='lat' dir='ltr'>servari</span> <span class='ocrx_word' id='word_1_201' title='bbox 1478 1679 1635 1725; x_wconf 91' lang='lat' dir='ltr'>debuit</span> <span class='ocrx_word' id='word_1_202' title='bbox 1664 1686 1853 1726; x_wconf 89' lang='lat' dir='ltr'>accentu</span> 
     </span>
     <span class='ocr_line' id='line_1_23' title="bbox 319 1746 1851 1810; baseline 0 -18"><span class='ocrx_word' id='word_1_203' title='bbox 319 1748 494 1794; x_wconf 86' lang='lat' dir='ltr'>relativi</span> <span class='ocrx_word' id='word_1_204' title='bbox 514 1749 799 1808; x_wconf 88' lang='lat' dir='ltr'>pronominis</span> <span class='ocrx_word' id='word_1_205' title='bbox 819 1750 985 1795; x_wconf 86' lang='lat' dir='ltr'>addito.</span> <span class='ocrx_word' id='word_1_206' title='bbox 1024 1750 1181 1796; x_wconf 87' lang='lat' dir='ltr'>Altero</span> <span class='ocrx_word' id='word_1_207' title='bbox 1203 1750 1458 1810; x_wconf 88' lang='lat' dir='ltr'>Epicharmi</span> <span class='ocrx_word' id='word_1_208' title='bbox 1478 1749 1581 1796; x_wconf 89' lang='lat' dir='ltr'>loco</span> <span class='ocrx_word' id='word_1_209' title='bbox 1608 1748 1669 1810; x_wconf 91' lang='lat' dir='ltr'>(p.</span> <span class='ocrx_word' id='word_1_210' title='bbox 1687 1751 1791 1809; x_wconf 77' lang='lat'><strong>293,</strong></span> <span class='ocrx_word' id='word_1_211' title='bbox 1809 1746 1851 1810; x_wconf 86' lang='lat'>1)</span> 
     </span>
     <span class='ocr_line' id='line_1_24' title="bbox 319 1818 1854 1883; baseline 0.002 -21"><span class='ocrx_word' id='word_1_212' title='bbox 319 1819 449 1877; x_wconf 87' lang='lat' dir='ltr'>prius</span> <span class='ocrx_word' id='word_1_213' title='bbox 475 1819 562 1863; x_wconf 83' lang='lat' dir='ltr'>vidi</span> <span class='ocrx_word' id='word_1_214' title='bbox 585 1818 813 1879; x_wconf 84' lang='lat' dir='ltr'>vulgatam</span> <span class='ocrx_word' id='word_1_215' title='bbox 833 1820 1105 1883; x_wconf 82' lang='lat' dir='ltr'>scripturam</span> <span class='ocrx_word' id='word_1_216' title='bbox 1130 1822 1313 1866; x_wconf 87' lang='lat' dir='ltr'>minime</span> <span class='ocrx_word' id='word_1_217' title='bbox 1336 1820 1522 1881; x_wconf 89' lang='lat' dir='ltr'>probari</span> <span class='ocrx_word' id='word_1_218' title='bbox 1541 1833 1680 1880; x_wconf 92' lang='lat' dir='ltr'>posse</span> <span class='ocrx_word' id='word_1_219' title='bbox 1700 1833 1854 1880; x_wconf 81' lang='lat' dir='ltr'>quam,</span> 
     </span>
     <span class='ocr_line' id='line_1_25' title="bbox 321 1888 1853 1951; baseline 0.003 -18"><span class='ocrx_word' id='word_1_220' title='bbox 321 1888 429 1947; x_wconf 91' lang='lat' dir='ltr'>quid</span> <span class='ocrx_word' id='word_1_221' title='bbox 462 1888 703 1949; x_wconf 89' lang='lat' dir='ltr'>legendum</span> <span class='ocrx_word' id='word_1_222' title='bbox 742 1903 842 1936; x_wconf 86' lang='lat' dir='ltr'>esse</span> <span class='ocrx_word' id='word_1_223' title='bbox 879 1890 1134 1949; x_wconf 81' lang='lat' dir='ltr'>videretur,</span> <span class='ocrx_word' id='word_1_224' title='bbox 1170 1890 1441 1951; x_wconf 85' lang='lat' dir='ltr'>expedirem.</span> <span class='ocrx_word' id='word_1_225' title='bbox 1493 1889 1567 1936; x_wconf 91' lang='lat' dir='ltr'>Sic</span> <span class='ocrx_word' id='word_1_226' title='bbox 1592 1891 1711 1936; x_wconf 87' lang='lat' dir='ltr'>enim</span> <span class='ocrx_word' id='word_1_227' title='bbox 1740 1890 1853 1937; x_wconf 89' lang='lat' dir='ltr'>haec</span> 
     </span>
     <span class='ocr_line' id='line_1_26' title="bbox 320 1954 1854 2024; baseline 0.004 -22"><span class='ocrx_word' id='word_1_228' title='bbox 320 1957 444 2003; x_wconf 85' lang='lat' dir='ltr'>dedit</span> <span class='ocrx_word' id='word_1_229' title='bbox 466 1958 722 2005; x_wconf 83' lang='lat' dir='ltr'>Bekkerus:</span> <span class='ocrx_word' id='word_1_230' title='bbox 758 1955 864 2018; x_wconf 82' lang='grc' dir='ltr'>ἐγὼ</span> <span class='ocrx_word' id='word_1_231' title='bbox 895 1956 999 2020; x_wconf 85' lang='grc' dir='ltr'>γὰρ</span> <span class='ocrx_word' id='word_1_232' title='bbox 1032 1956 1095 2008; x_wconf 87' lang='grc' dir='ltr'>τό</span> <span class='ocrx_word' id='word_1_233' title='bbox 1132 1973 1192 2018; x_wconf 80' lang='grc' dir='ltr'>γε</span> <span class='ocrx_word' id='word_1_234' title='bbox 1228 1955 1514 2021; x_wconf 86' lang='grc' dir='ltr'>βαλάντιον</span> <span class='ocrx_word' id='word_1_235' title='bbox 1547 1955 1698 2020; x_wconf 86' lang='grc' dir='ltr'>λίτρα</span> <span class='ocrx_word' id='word_1_236' title='bbox 1719 1954 1743 2024; x_wconf 79' lang='grc' dir='ltr'>Η</span> <span class='ocrx_word' id='word_1_237' title='bbox 1767 1955 1854 2008; x_wconf 88' lang='grc' dir='ltr'>καὶ</span> 
     </span>
     <span class='ocr_line' id='line_1_27' title="bbox 319 2022 1852 2091; baseline 0.001 -16"><span class='ocrx_word' id='word_1_238' title='bbox 319 2022 624 2088; x_wconf 79' lang='grc' dir='ltr'>δεκάλιτροε</span> <span class='ocrx_word' id='word_1_239' title='bbox 652 2026 867 2090; x_wconf 77' lang='grc' dir='ltr'>ετατήρ,</span> <span class='ocrx_word' id='word_1_240' title='bbox 911 2025 1152 2080; x_wconf 86' lang='grc' dir='ltr'>ἑξάντιόν</span> <span class='ocrx_word' id='word_1_241' title='bbox 1182 2044 1239 2080; x_wconf 87' lang='grc' dir='ltr'>τε</span> <span class='ocrx_word' id='word_1_242' title='bbox 1264 2026 1348 2079; x_wconf 91' lang='grc' dir='ltr'>καὶ</span> <span class='ocrx_word' id='word_1_243' title='bbox 1371 2027 1731 2091; x_wconf 80' lang='grc' dir='ltr'>πεντώγκιον,</span> <span class='ocrx_word' id='word_1_244' title='bbox 1770 2031 1852 2078; x_wconf 86' lang='lat' dir='ltr'>ubi</span> 
     </span>
     <span class='ocr_line' id='line_1_28' title="bbox 321 2096 1853 2164; baseline 0.003 -21"><span class='ocrx_word' id='word_1_245' title='bbox 321 2098 491 2143; x_wconf 84' lang='lat' dir='ltr'>rectius</span> <span class='ocrx_word' id='word_1_246' title='bbox 515 2098 767 2145; x_wconf 85' lang='lat' dir='ltr'>Dindorfius</span> <span class='ocrx_word' id='word_1_247' title='bbox 798 2096 1116 2159; x_wconf 84' lang='grc' dir='ltr'>πεντόγκιον</span> <span class='ocrx_word' id='word_1_248' title='bbox 1146 2116 1229 2162; x_wconf 84' lang='lat' dir='ltr'>per</span> <span class='ocrx_word' id='word_1_249' title='bbox 1265 2114 1295 2150; x_wconf 96' lang='lat' dir='ltr'>o</span> <span class='ocrx_word' id='word_1_250' title='bbox 1332 2097 1669 2163; x_wconf 83' lang='grc' dir='ltr'>(πεττόγκιον</span> <span class='ocrx_word' id='word_1_251' title='bbox 1704 2097 1853 2164; x_wconf 79' lang='lat' dir='ltr'>libri),</span> 
     </span>
     <span class='ocr_line' id='line_1_29' title="bbox 323 2168 1852 2233; baseline 0.003 -20"><span class='ocrx_word' id='word_1_252' title='bbox 323 2181 409 2227; x_wconf 91' lang='lat' dir='ltr'>qua</span> <span class='ocrx_word' id='word_1_253' title='bbox 453 2168 507 2214; x_wconf 92' lang='lat' dir='ltr'>de</span> <span class='ocrx_word' id='word_1_254' title='bbox 540 2168 684 2214; x_wconf 82' lang='lat' dir='ltr'>forma</span> <span class='ocrx_word' id='word_1_255' title='bbox 717 2170 815 2217; x_wconf 87' lang='lat' dir='ltr'>vide</span> <span class='ocrx_word' id='word_1_256' title='bbox 849 2172 1044 2218; x_wconf 89' lang='lat' dir='ltr'>Ahrens.</span> <span class='ocrx_word' id='word_1_257' title='bbox 1079 2187 1124 2233; x_wconf 90' lang='lat' dir='ltr'>p.</span> <span class='ocrx_word' id='word_1_258' title='bbox 1161 2174 1259 2217; x_wconf 87' lang='lat'><strong>392.</strong></span> <span class='ocrx_word' id='word_1_259' title='bbox 1323 2171 1410 2218; x_wconf 91' lang='lat' dir='ltr'>Sed</span> <span class='ocrx_word' id='word_1_260' title='bbox 1443 2172 1516 2218; x_wconf 91' lang='lat' dir='ltr'>his</span> <span class='ocrx_word' id='word_1_261' title='bbox 1553 2172 1735 2219; x_wconf 88' lang='lat' dir='ltr'>omissis</span> <span class='ocrx_word' id='word_1_262' title='bbox 1769 2185 1852 2218; x_wconf 90' lang='lat' dir='ltr'>nec</span> 
     </span>
     <span class='ocr_line' id='line_1_30' title="bbox 321 2235 1853 2302; baseline 0.004 -19"><span class='ocrx_word' id='word_1_263' title='bbox 321 2238 582 2293; x_wconf 84' lang='lat' dir='ltr'>nominativi</span> <span class='ocrx_word' id='word_1_264' title='bbox 634 2235 921 2300; x_wconf 87' lang='grc' dir='ltr'>βαλάντιον</span> <span class='ocrx_word' id='word_1_265' title='bbox 963 2237 1113 2302; x_wconf 85' lang='grc' dir='ltr'>λίτρα</span> <span class='ocrx_word' id='word_1_266' title='bbox 1144 2250 1231 2290; x_wconf 88' lang='lat' dir='ltr'>cet.</span> <span class='ocrx_word' id='word_1_267' title='bbox 1267 2245 1541 2289; x_wconf 90' lang='lat' dir='ltr'>conveniunt</span> <span class='ocrx_word' id='word_1_268' title='bbox 1580 2257 1680 2289; x_wconf 88' lang='lat' dir='ltr'>cum</span> <span class='ocrx_word' id='word_1_269' title='bbox 1722 2237 1853 2302; x_wconf 70' lang='grc' dir='ltr'>ἐγώ,</span> 
     </span>
     <span class='ocr_line' id='line_1_31' title="bbox 323 2303 1848 2374; baseline 0.003 -21"><span class='ocrx_word' id='word_1_270' title='bbox 323 2321 406 2354; x_wconf 89' lang='lat' dir='ltr'>nec</span> <span class='ocrx_word' id='word_1_271' title='bbox 432 2303 581 2369; x_wconf 86' lang='grc' dir='ltr'>λίτρα</span> <span class='ocrx_word' id='word_1_272' title='bbox 606 2309 810 2356; x_wconf 90' lang='lat' dir='ltr'>vocabuli</span> <span class='ocrx_word' id='word_1_273' title='bbox 845 2312 973 2371; x_wconf 86' lang='lat' dir='ltr'>prior</span> <span class='ocrx_word' id='word_1_274' title='bbox 1009 2313 1181 2373; x_wconf 83' lang='lat' dir='ltr'>syllaba</span> <span class='ocrx_word' id='word_1_275' title='bbox 1216 2314 1388 2374; x_wconf 86' lang='lat' dir='ltr'>corripi</span> <span class='ocrx_word' id='word_1_276' title='bbox 1414 2328 1553 2374; x_wconf 89' lang='lat' dir='ltr'>posse</span> <span class='ocrx_word' id='word_1_277' title='bbox 1585 2313 1763 2359; x_wconf 88' lang='lat' dir='ltr'>videtur</span> <span class='ocrx_word' id='word_1_278' title='bbox 1791 2313 1848 2372; x_wconf 90' lang='lat' dir='ltr'>(v.</span> 
     </span>
     <span class='ocr_line' id='line_1_32' title="bbox 321 2377 1853 2444; baseline 0.005 -24"><span class='ocrx_word' id='word_1_279' title='bbox 321 2393 364 2437; x_wconf 90' lang='lat' dir='ltr'>p.</span> <span class='ocrx_word' id='word_1_280' title='bbox 397 2381 504 2436; x_wconf 76' lang='lat'>292,</span> <span class='ocrx_word' id='word_1_281' title='bbox 545 2378 644 2438; x_wconf 79' lang='grc'>25),</span> <span class='ocrx_word' id='word_1_282' title='bbox 681 2394 764 2426; x_wconf 89' lang='lat' dir='ltr'>nec</span> <span class='ocrx_word' id='word_1_283' title='bbox 798 2377 883 2428; x_wconf 88' lang='grc' dir='ltr'>καὶ</span> <span class='ocrx_word' id='word_1_284' title='bbox 917 2383 1162 2442; x_wconf 86' lang='lat' dir='ltr'>genuinum</span> <span class='ocrx_word' id='word_1_285' title='bbox 1199 2391 1297 2444; x_wconf 73' lang='lat' dir='ltr'>est,</span> <span class='ocrx_word' id='word_1_286' title='bbox 1331 2397 1417 2430; x_wconf 90' lang='lat' dir='ltr'>nec</span> <span class='ocrx_word' id='word_1_287' title='bbox 1454 2383 1640 2429; x_wconf 90' lang='lat' dir='ltr'>omnino</span> <span class='ocrx_word' id='word_1_288' title='bbox 1666 2384 1853 2443; x_wconf 85' lang='lat' dir='ltr'>antiqua</span> 
     </span>
     <span class='ocr_line' id='line_1_33' title="bbox 322 2450 1851 2510; baseline 0.005 -18"><span class='ocrx_word' id='word_1_289' title='bbox 322 2450 569 2508; x_wconf 74' lang='lat' dir='ltr'>scriptura,</span> <span class='ocrx_word' id='word_1_290' title='bbox 608 2465 739 2510; x_wconf 89' lang='lat' dir='ltr'>quam</span> <span class='ocrx_word' id='word_1_291' title='bbox 769 2451 929 2497; x_wconf 90' lang='lat' dir='ltr'>vellem</span> <span class='ocrx_word' id='word_1_292' title='bbox 958 2467 1011 2498; x_wconf 86' lang='lat' dir='ltr'>ex</span> <span class='ocrx_word' id='word_1_293' title='bbox 1040 2455 1133 2499; x_wconf 92' lang='lat' dir='ltr'>suis</span> <span class='ocrx_word' id='word_1_294' title='bbox 1163 2454 1292 2500; x_wconf 88' lang='lat' dir='ltr'>libris</span> <span class='ocrx_word' id='word_1_295' title='bbox 1326 2454 1380 2500; x_wconf 92' lang='lat' dir='ltr'>ad</span> <span class='ocrx_word' id='word_1_296' title='bbox 1407 2454 1527 2500; x_wconf 92' lang='lat' dir='ltr'>hunc</span> <span class='ocrx_word' id='word_1_297' title='bbox 1551 2453 1703 2500; x_wconf 92' lang='lat' dir='ltr'>locum</span> <span class='ocrx_word' id='word_1_298' title='bbox 1730 2460 1851 2499; x_wconf 86' lang='lat' dir='ltr'>attu-</span> 
     </span>
     <span class='ocr_line' id='line_1_34' title="bbox 323 2517 1852 2581; baseline 0.008 -20"><span class='ocrx_word' id='word_1_299' title='bbox 323 2517 450 2563; x_wconf 87' lang='lat' dir='ltr'>lisset</span> <span class='ocrx_word' id='word_1_300' title='bbox 473 2519 726 2580; x_wconf 78' lang='lat' dir='ltr'>Bekkerus,</span> <span class='ocrx_word' id='word_1_301' title='bbox 761 2522 1003 2568; x_wconf 88' lang='lat' dir='ltr'>consentit.</span> <span class='ocrx_word' id='word_1_302' title='bbox 1052 2523 1195 2570; x_wconf 80' lang='lat' dir='ltr'>Affert</span> <span class='ocrx_word' id='word_1_303' title='bbox 1219 2524 1453 2570; x_wconf 88' lang='lat' dir='ltr'>Kuehnius</span> <span class='ocrx_word' id='word_1_304' title='bbox 1482 2539 1506 2571; x_wconf 91' lang='lat' dir='ltr'>e</span> <span class='ocrx_word' id='word_1_305' title='bbox 1532 2524 1578 2570; x_wconf 86' lang='lat' dir='ltr'>C.</span> <span class='ocrx_word' id='word_1_306' title='bbox 1608 2523 1684 2568; x_wconf 90' lang='lat' dir='ltr'>V.:</span> <span class='ocrx_word' id='word_1_307' title='bbox 1725 2518 1852 2581; x_wconf 81' lang='grc' dir='ltr'>τόγε</span> 
     </span>
     <span class='ocr_line' id='line_1_35' title="bbox 326 2583 1850 2654; baseline 0.008 -23"><span class='ocrx_word' id='word_1_308' title='bbox 326 2584 366 2646; x_wconf 90' lang='grc' dir='ltr'>β.</span> <span class='ocrx_word' id='word_1_309' title='bbox 396 2583 906 2652; x_wconf 80' lang='grc' dir='ltr'>λιτροκεδεκάλιτροε</span> <span class='ocrx_word' id='word_1_310' title='bbox 938 2590 1130 2654; x_wconf 82' lang='grc' dir='ltr'>ετατὴρ</span> <span class='ocrx_word' id='word_1_311' title='bbox 1155 2589 1390 2644; x_wconf 84' lang='grc' dir='ltr'>ἑξάντών</span> <span class='ocrx_word' id='word_1_312' title='bbox 1425 2606 1482 2643; x_wconf 86' lang='grc' dir='ltr'>τε</span> <span class='ocrx_word' id='word_1_313' title='bbox 1516 2588 1850 2652; x_wconf 86' lang='grc' dir='ltr'>πεττόγκιον,</span> 
     </span>
     <span class='ocr_line' id='line_1_36' title="bbox 322 2658 1852 2725; baseline 0.007 -26"><span class='ocrx_word' id='word_1_314' title='bbox 322 2662 459 2715; x_wconf 88' lang='lat' dir='ltr'>atque</span> <span class='ocrx_word' id='word_1_315' title='bbox 484 2658 633 2703; x_wconf 88' lang='lat' dir='ltr'>eadem</span> <span class='ocrx_word' id='word_1_316' title='bbox 660 2660 1034 2721; x_wconf 69' lang='lat' dir='ltr'>lungermannus,</span> <span class='ocrx_word' id='word_1_317' title='bbox 1060 2665 1147 2710; x_wconf 91' lang='lat' dir='ltr'>nisi</span> <span class='ocrx_word' id='word_1_318' title='bbox 1175 2666 1295 2725; x_wconf 92' lang='lat' dir='ltr'>quod</span> <span class='ocrx_word' id='word_1_319' title='bbox 1323 2659 1578 2714; x_wconf 85' lang='grc' dir='ltr'>ἑξάντιόν.</span> <span class='ocrx_word' id='word_1_320' title='bbox 1612 2663 1695 2711; x_wconf 90' lang='lat' dir='ltr'>Hic</span> <span class='ocrx_word' id='word_1_321' title='bbox 1714 2678 1852 2725; x_wconf 90' lang='lat' dir='ltr'>appa-</span> 
     </span>
     <span class='ocr_line' id='line_1_37' title="bbox 324 2723 1854 2795; baseline 0.007 -26"><span class='ocrx_word' id='word_1_322' title='bbox 324 2732 395 2770; x_wconf 86' lang='lat' dir='ltr'>ret</span> <span class='ocrx_word' id='word_1_323' title='bbox 422 2727 466 2771; x_wconf 88' lang='lat' dir='ltr'>in</span> <span class='ocrx_word' id='word_1_324' title='bbox 493 2723 828 2787; x_wconf 80' lang='grc' dir='ltr'>λιτροκεδεκα</span> <span class='ocrx_word' id='word_1_325' title='bbox 855 2733 996 2780; x_wconf 89' lang='lat' dir='ltr'>latere</span> <span class='ocrx_word' id='word_1_326' title='bbox 1022 2730 1322 2795; x_wconf 77' lang='grc' dir='ltr'>λιτροδόκα,</span> <span class='ocrx_word' id='word_1_327' title='bbox 1338 2749 1471 2795; x_wconf 88' lang='lat' dir='ltr'>quam</span> <span class='ocrx_word' id='word_1_328' title='bbox 1489 2748 1646 2781; x_wconf 86' lang='lat' dir='ltr'>vocem</span> <span class='ocrx_word' id='word_1_329' title='bbox 1668 2741 1714 2781; x_wconf 89' lang='lat' dir='ltr'>et</span> <span class='ocrx_word' id='word_1_330' title='bbox 1733 2734 1854 2780; x_wconf 89' lang='lat' dir='ltr'>Pho·</span> 
     </span>
     <span class='ocr_line' id='line_1_38' title="bbox 325 2791 1852 2874; baseline 0.009 -35"><span class='ocrx_word' id='word_1_331' title='bbox 325 2796 415 2874; x_wconf 71' lang='lat' dir='ltr'>tius</span> <span class='ocrx_word' id='word_1_332' title='bbox 441 2811 479 2839; x_wconf 92' lang='lat' dir='ltr'>v.</span> <span class='ocrx_word' id='word_1_333' title='bbox 501 2791 648 2856; x_wconf 87' lang='grc' dir='ltr'>λίτρα</span> <span class='ocrx_word' id='word_1_334' title='bbox 677 2800 868 2858; x_wconf 87' lang='lat' dir='ltr'>explicat</span> <span class='ocrx_word' id='word_1_335' title='bbox 895 2811 941 2848; x_wconf 82' lang='lat' dir='ltr'>ct</span> <span class='ocrx_word' id='word_1_336' title='bbox 968 2805 1055 2851; x_wconf 90' lang='lat' dir='ltr'>hoc</span> <span class='ocrx_word' id='word_1_337' title='bbox 1079 2804 1182 2852; x_wconf 91' lang='lat' dir='ltr'>loco</span> <span class='ocrx_word' id='word_1_338' title='bbox 1212 2804 1366 2864; x_wconf 86' lang='lat' dir='ltr'>glossa</span> <span class='ocrx_word' id='word_1_339' title='bbox 1390 2800 1452 2853; x_wconf 91' lang='grc' dir='ltr'>τό</span> <span class='ocrx_word' id='word_1_340' title='bbox 1478 2817 1539 2863; x_wconf 84' lang='grc' dir='ltr'>γε</span> <span class='ocrx_word' id='word_1_341' title='bbox 1566 2799 1852 2865; x_wconf 83' lang='grc' dir='ltr'>βαλάντιον</span> 
     </span>
     <span class='ocr_line' id='line_1_39' title="bbox 323 2871 1850 2934; baseline 0.008 -26"><span class='ocrx_word' id='word_1_342' title='bbox 323 2871 676 2925; x_wconf 65' lang='lat' dir='ltr'>interpretatur,</span> <span class='ocrx_word' id='word_1_343' title='bbox 707 2883 819 2927; x_wconf 87' lang='lat' dir='ltr'>quae</span> <span class='ocrx_word' id='word_1_344' title='bbox 846 2871 998 2929; x_wconf 85' lang='lat' dir='ltr'>glossa</span> <span class='ocrx_word' id='word_1_345' title='bbox 1025 2876 1134 2934; x_wconf 93' lang='lat' dir='ltr'>quin</span> <span class='ocrx_word' id='word_1_346' title='bbox 1162 2875 1376 2921; x_wconf 77' lang='lat' dir='ltr'>ejicienda</span> <span class='ocrx_word' id='word_1_347' title='bbox 1409 2877 1497 2934; x_wconf 86' lang='lat' dir='ltr'>sit,</span> <span class='ocrx_word' id='word_1_348' title='bbox 1535 2877 1622 2921; x_wconf 92' lang='lat' dir='ltr'>iam</span> <span class='ocrx_word' id='word_1_349' title='bbox 1654 2874 1850 2920; x_wconf 87' lang='lat' dir='ltr'>dubitari</span> 
     </span>
     <span class='ocr_line' id='line_1_40' title="bbox 323 2937 1848 3006; baseline 0.007 -27"><span class='ocrx_word' id='word_1_350' title='bbox 323 2948 413 2980; x_wconf 89' lang='lat' dir='ltr'>non</span> <span class='ocrx_word' id='word_1_351' title='bbox 440 2942 606 2995; x_wconf 85' lang='lat' dir='ltr'>potest.</span> <span class='ocrx_word' id='word_1_352' title='bbox 675 2937 830 2998; x_wconf 82' lang='lat' dir='ltr'>ltaque</span> <span class='ocrx_word' id='word_1_353' title='bbox 862 2941 926 2987; x_wconf 91' lang='lat' dir='ltr'>sic</span> <span class='ocrx_word' id='word_1_354' title='bbox 958 2951 1079 2988; x_wconf 84' lang='lat' dir='ltr'>certa</span> <span class='ocrx_word' id='word_1_355' title='bbox 1105 2944 1174 2989; x_wconf 89' lang='lat' dir='ltr'>via</span> <span class='ocrx_word' id='word_1_356' title='bbox 1207 2959 1258 2991; x_wconf 91' lang='lat' dir='ltr'>ac</span> <span class='ocrx_word' id='word_1_357' title='bbox 1283 2946 1461 2991; x_wconf 89' lang='lat' dir='ltr'>ratione</span> <span class='ocrx_word' id='word_1_358' title='bbox 1482 2945 1848 3006; x_wconf 76' lang='lat' dir='ltr'>progrediamur.</span> 
     </span>
    </p>
   </div>
  </div>
 </body>
</html>
