1946 3220
298 126 367 179 72
816 136 1214 185 PROLEGOMENA
1238 137 1294 171 m

299 256 525 303 mensuris
553 253 815 300 definiendis
845 265 957 297 usos
990 263 1107 295 esse.
1166 249 1274 296 Nam
1299 264 1402 297 cum
1428 264 1452 296 e
1483 250 1724 311 plebiscito
1751 251 1821 298 Si-

300 325 422 372 liano
449 325 639 384 congius
666 324 754 368 vini
777 322 931 368 decem
958 320 1109 381 pondo
1137 321 1212 378 sit,
1235 322 1279 366 in
1308 322 1552 367 sextarium
1581 322 1823 368 incurrunt

300 397 460 443 unciae
483 394 573 451 XX,
603 395 648 438 in
673 392 895 437 heminam
914 390 967 448 X,
995 391 1041 436 in
1067 393 1344 451 quartarium
1367 391 1416 449 V,
1445 405 1529 437 nec
1555 405 1659 437 vero
1689 393 1821 438 aliter

301 467 388 513 nisi
422 465 609 510 unciis
635 475 712 508 eae
738 474 977 507 mensurae
1004 461 1392 521 exprimebantur3
1429 464 1626 508 minores
1653 470 1818 520 autem,

301 536 379 583 ubi
424 535 581 579 divisio
628 532 683 578 ad
721 532 952 578 denarium
988 531 1258 578 descendere
1294 539 1478 593 posset,
1527 533 1703 578 vixdum
1739 533 1822 579 illo

301 614 507 664 tempore
533 604 599 649 sic
623 603 824 664 pondere
847 601 1157 662 exigebantur.
1204 602 1266 648 Ne
1289 602 1447 660 multa,
1477 617 1609 663 quam
1634 605 1822 649 maxime
1894 617 1897 621 ’
1939 604 1942 616 ’

302 676 430 722 abest
451 689 475 719 a
502 673 804 719 Romanorum
829 672 1174 731 consuetudine,
1200 679 1252 718 ut
1275 675 1466 733 congius
1491 674 1664 720 DCCXX
1689 675 1824 719 dena-

302 748 420 803 rios,
447 743 596 804 cotyla
619 743 691 789 LX
713 743 876 790 habere
902 744 1091 789 dicatur.

394 814 550 860 Adhuc
572 816 669 860 eius
696 816 773 875 qui
799 820 986 875 negaret
1005 819 1159 873 partes
1182 815 1379 874 egimus:
1407 816 1493 860 iam
1521 814 1661 860 altera
1686 816 1823 860 ratio·

303 901 358 933 ne
384 887 551 932 reiecta
571 885 679 945 quid
699 884 830 930 nobis
859 883 1094 945 probabile
1119 897 1219 930 esse
1240 885 1466 942 videatur,
1498 899 1822 945 proponamus.

301 957 398 1004 Non
425 956 567 1002 audeo
589 955 795 1016 equidem
820 955 1045 1001 affirmare
1067 955 1365 1000 Athenienses
1392 957 1545 1001 eodem
1570 956 1705 1001 modo
1733 969 1824 1016 quo

302 1034 462 1089 postea
488 1026 724 1072 Romanos
754 1025 1030 1086 ponderibus
1063 1039 1299 1071 mensuras
1332 1025 1586 1072 definivisse
1609 1052 1680 1060 --
1705 1026 1826 1086 quod

305 1100 342 1144 si
368 1098 596 1154 fecerunt,
623 1102 838 1142 metretes
862 1098 955 1141 vini
985 1109 1179 1157 aquaeve
1203 1096 1357 1142 habuit
1383 1096 1730 1157 sesquialterum
1761 1104 1826 1142 ta-

302 1166 503 1225 lentum,
539 1167 730 1226 congius
763 1167 994 1213 drachmas
1023 1167 1182 1225 DCCL,
1227 1167 1376 1229 cotyla
1408 1167 1517 1214 LXII
1543 1162 1616 1226 5⁴)
1651 1193 1708 1200 —-
1749 1167 1828 1213 sed

304 1244 535 1298 utcunque
562 1251 612 1283 ea
637 1250 710 1283 res
743 1250 791 1283 se
823 1237 983 1295 hahet,
1021 1238 1108 1284 hoc
1135 1244 1307 1284 certum
1344 1245 1389 1284 et
1421 1239 1702 1299 exploratum
1739 1245 1825 1296 est,

303 1310 576 1354 vetustiores
609 1308 834 1365 medicos,
873 1309 916 1354 id
955 1316 1022 1354 est
1057 1323 1135 1354 eos
1163 1311 1239 1369 qui
1267 1310 1430 1355 Atticis
1468 1308 1746 1370 ponderibus
1782 1315 1828 1354 et

304 1380 529 1424 mensuris
564 1378 834 1436 utebantur,
874 1380 1046 1425 Atticae
1079 1379 1255 1440 cotylae
1283 1379 1383 1426 oleo
1412 1380 1622 1440 impletae
1649 1379 1828 1439 pondus

304 1448 376 1494 LX
401 1448 625 1494 drachmis
665 1446 1033 1509 aestimavisse5).
1082 1448 1209 1504 Quod
1238 1464 1339 1496 cum
1373 1451 1402 1495 ii
1440 1452 1517 1511 qui
1552 1451 1597 1495 in
1622 1452 1827 1510 Aegypto

305 1519 360 1564 de
394 1518 671 1578 ponderibus
696 1525 742 1564 et
766 1521 991 1565 mensuris
1019 1522 1301 1580 scripserunt
1325 1522 1369 1566 in
1397 1521 1673 1567 medicorum
1697 1519 1830 1565 libris

305 1590 473 1650 passim
512 1590 795 1648 reperirent,
829 1590 873 1635 id
909 1592 954 1635 in
990 1590 1156 1636 tabulis
1195 1592 1289 1636 suis
1326 1592 1673 1637 adnotaverunt:
1710 1591 1829 1636 unde

306 1660 483 1705 demum
513 1673 561 1705 ea
589 1661 705 1705 ratio
733 1666 778 1705 et
802 1661 847 1705 in
875 1661 989 1707 hanc
1013 1661 1209 1707 tabulam
1236 1669 1279 1706 et
1299 1663 1344 1706 in
1372 1669 1463 1707 tres
1491 1661 1590 1707 illas
1612 1660 1828 1707 Galeneas

306 1735 556 1792 propagata
580 1736 663 1776 est.
713 1732 863 1791 Atque
888 1731 975 1777 hoc
999 1733 1134 1777 etiam
1153 1733 1497 1792 Aegyptiorum,
1527 1746 1617 1778 non
1638 1730 1830 1777 Graeco·

308 1815 408 1850 rum
433 1807 510 1847 aut
532 1801 850 1858 Romanorum,
877 1802 1202 1848 consuetudine
1231 1802 1396 1848 sactum
1424 1817 1523 1848 esse
1550 1808 1751 1863 apparet,
1782 1808 1831 1847 ut

309 1871 565 1918 choenicem
594 1870 876 1932 (Aegyptiam
902 1873 1103 1930 scilicet,
1143 1887 1234 1918 non
1265 1872 1521 1933 Graecam),
1562 1872 1747 1933 perinde
1779 1886 1830 1918 ac

311 1942 349 1987 si
380 1956 431 1987 ea
459 1955 670 1987 mensura
696 1941 923 2003 liquorum
951 1950 1095 2001 esset,
1121 1944 1321 2004 pondere
1341 1939 1635 2003 ‹leflnirent⁶).

421 2161 465 2213 4)
498 2163 550 2202 In
580 2168 788 2216 promptu
821 2168 890 2205 est
920 2165 1174 2217 conficere,
1208 2165 1254 2204 id
1285 2165 1400 2217 quod
1433 2164 1657 2206 Christius
1687 2178 1730 2217 p.
1750 2165 1829 2204 129

311 2218 577 2271 significare*
602 2220 803 2272 videtur,
835 2221 1044 2274 legitima
1075 2223 1251 2261 ratione
1277 2220 1475 2272 cotylam
1498 2222 1555 2261 ab
1577 2221 1832 2260 Athenien—

312 2275 436 2316 sibus
468 2277 521 2316 60
552 2275 779 2316 drachmis
813 2277 1104 2317 aestimatam
1139 2290 1253 2318 esse.
1314 2278 1373 2317 At
1403 2278 1469 2318 sic
1501 2281 1718 2317 metretes
1747 2276 1829 2316 ha-

310 2331 442 2372 beret
472 2331 712 2372 drachmas
733 2333 867 2384 8640,
901 2334 976 2385 qui
1007 2346 1218 2373 numerus
1242 2347 1268 2373 a
1291 2333 1489 2386 simplici
1519 2334 1698 2373 ratione
1728 2336 1829 2372 tan-

311 2392 405 2427 tum
438 2387 589 2436 abest,
623 2395 673 2429 ut
702 2389 801 2441 ipse
833 2402 915 2442 per
936 2402 984 2429 se
1007 2403 1100 2429 rem
1122 2390 1439 2430 incredibilem
1471 2390 1645 2431 reddat.
1688 2390 1829 2429 Immo

312 2444 352 2482 si
385 2445 482 2495 quis
513 2444 822 2486 Athenienses
853 2458 1087 2486 mensuras
1110 2447 1309 2498 pondere
1332 2446 1544 2486 definisse
1568 2445 1826 2494 contendat,

312 2500 352 2538 is
383 2504 605 2541 metretae
645 2502 994 2554 sesquialterum
1035 2502 1257 2542 talentum
1303 2503 1477 2542 tribuat
1514 2515 1704 2542 necesse
1746 2507 1829 2543 est.

313 2554 404 2593 Sed
433 2555 550 2595 haee
584 2560 793 2608 quaestio
824 2559 871 2598 in
903 2571 955 2598 eo
989 2559 1105 2611 quod
1136 2571 1216 2599 nos
1250 2560 1425 2612 agimus
1458 2558 1726 2611 explicando
1758 2557 1829 2596 fa-

315 2609 403 2648 cile
435 2611 581 2651 omitti
614 2618 776 2664 potest.
839 2615 952 2654 Nam
985 2615 1099 2654 nihil
1130 2616 1220 2655 nisi
1250 2615 1337 2655 hoc
1367 2615 1679 2668 proponimus,
1713 2613 1829 2666 quod

316 2677 339 2704 e
374 2664 539 2704 Galeni
570 2667 697 2709 libris
732 2676 1007 2723 compertum
1048 2671 1289 2720 habemus,
1335 2671 1530 2723 cotylam
1571 2670 1662 2711 olei
1696 2684 1722 2710 a
1753 2682 1830 2709 ve-

315 2720 582 2761 tustioribus
615 2726 805 2765 medicis
826 2729 880 2767 60
902 2727 1131 2768 drachmis
1165 2728 1455 2768 aestimatam
1489 2739 1604 2777 esse,
1640 2738 1828 2778 eamque

316 2777 681 2818 aestimationem
723 2781 769 2820 in
809 2783 1051 2824 nonnullas
1090 2783 1273 2824 tabulas
1305 2783 1359 2823 de
1391 2783 1614 2823 mensuris
1651 2782 1830 2822 illatam

315 2843 430 2872 esse.

428 2888 471 2940 5)
505 2889 557 2931 V.
589 2889 738 2929 locum
772 2891 940 2932 Galeni
975 2894 1048 2944 (fr.
1079 2896 1155 2943 47)
1191 2899 1236 2936 et
1266 2895 1389 2935 infra
1419 2895 1443 2943 ἓ
1473 2896 1541 2937 45.

429 2943 478 2998 6)
509 2945 563 2987 V.
595 2945 713 2986 hanc
745 2948 840 2987 tab.
872 2950 895 2997 ξ
927 2950 975 3000 8,
1007 2951 1099 2991 tab.
1135 2951 1290 3005 Cleop.
1324 2953 1348 3002 ξ
1380 2952 1456 3002 28,
1490 2964 1589 3004 cap.
1620 2951 1703 2992 XV
1733 2950 1756 3000 ξ
1786 2951 1827 2990 4.
