<?xml version="1.0" encoding="UTF-8"?>
<!DOCTYPE html PUBLIC "-//W3C//DTD XHTML 1.0 Transitional//EN"
    "http://www.w3.org/TR/xhtml1/DTD/xhtml1-transitional.dtd">
<html xmlns="http://www.w3.org/1999/xhtml" xml:lang="en" lang="en">
 <head>
  <title>
</title>
<meta http-equiv="Content-Type" content="text/html;charset=utf-8" />
  <meta name='ocr-system' content='tesseract 3.04.00' />
  <meta name='ocr-capabilities' content='ocr_page ocr_carea ocr_par ocr_line ocrx_word'/>
</head>
<body>
  <div class='ocr_page' id='page_1' title='image "./metrologicorumsc01hultuoft_0289.png"; bbox 0 0 1946 3220; ppageno 0'>
   <div class='ocr_carea' id='block_1_1' title="bbox 34 0 191 92">
    <p class='ocr_par' dir='ltr' id='par_1_1' title="bbox 34 0 191 92">
     <span class='ocr_line' id='line_1_1' title="bbox 34 0 191 83; baseline 0 -53"><span class='ocrx_word' id='word_1_1' title='bbox 34 0 97 83; x_wconf 52' lang='lat' dir='ltr'>Z!</span> <span class='ocrx_word' id='word_1_2' title='bbox 187 13 191 17; x_wconf 83' lang='grc'><em>·</em></span> 
     </span>
     <span class='ocr_line' id='line_1_2' title="bbox 61 32 86 56; baseline 0 -13"><span class='ocrx_word' id='word_1_3' title='bbox 61 32 86 56; x_wconf 45' lang='lat' dir='ltr'>ff.</span> 
     </span>
     <span class='ocr_line' id='line_1_3' title="bbox 36 78 61 92; baseline 0.08 -2"><span class='ocrx_word' id='word_1_4' title='bbox 36 88 40 90; x_wconf 95' lang='lat'>.</span> <span class='ocrx_word' id='word_1_5' title='bbox 51 78 61 92; x_wconf 62' lang='lat' dir='ltr'>k</span> 
     </span>
    </p>
   </div>
   <div class='ocr_carea' id='block_1_2' title="bbox 33 88 1684 196">
    <p class='ocr_par' dir='ltr' id='par_1_2' title="bbox 33 88 1684 196">
     <span class='ocr_line' id='line_1_4' title="bbox 33 88 1684 196; baseline -0.003 -22"><span class='ocrx_word' id='word_1_6' title='bbox 33 88 62 162; x_wconf 30' lang='grc' dir='ltr'>ᾗ</span> <span class='ocrx_word' id='word_1_7' title='bbox 165 123 267 196; x_wconf 84' lang='grc'><strong>[82]</strong></span> <span class='ocrx_word' id='word_1_8' title='bbox 606 139 758 175; x_wconf 74' lang='lat' dir='ltr'><strong>cAv1s</strong></span> <span class='ocrx_word' id='word_1_9' title='bbox 795 138 862 172; x_wconf 80' lang='lat' dir='ltr'>Ac</span> <span class='ocrx_word' id='word_1_10' title='bbox 898 135 1244 172; x_wconf 74' lang='lat' dir='ltr'>PONDERIBUS.</span> <span class='ocrx_word' id='word_1_11' title='bbox 1582 117 1684 169; x_wconf 81' lang='lat'>261</span> 
     </span>
    </p>
   </div>
   <div class='ocr_carea' id='block_1_3' title="bbox 138 242 1765 2621">
    <p class='ocr_par' dir='ltr' id='par_1_3' title="bbox 158 242 1689 482">
     <span class='ocr_line' id='line_1_5' title="bbox 161 242 1689 314; baseline -0.001 -13"><span class='ocrx_word' id='word_1_12' title='bbox 161 248 431 313; x_wconf 84' lang='grc' dir='ltr'>λούμενον</span> <span class='ocrx_word' id='word_1_13' title='bbox 460 247 556 314; x_wconf 90' lang='grc' dir='ltr'>βίθ.</span> <span class='ocrx_word' id='word_1_14' title='bbox 608 247 770 314; x_wconf 91' lang='grc' dir='ltr'>βάθος</span> <span class='ocrx_word' id='word_1_15' title='bbox 793 246 896 312; x_wconf 89' lang='grc' dir='ltr'>γὰρ</span> <span class='ocrx_word' id='word_1_16' title='bbox 923 243 1262 311; x_wconf 85' lang='grc' dir='ltr'>ἑρμηνεύεται</span> <span class='ocrx_word' id='word_1_17' title='bbox 1286 242 1689 310; x_wconf 83' lang='grc' dir='ltr'>ἑλαιοτριβεῑον,</span> 
     </span>
     <span class='ocr_line' id='line_1_6' title="bbox 161 327 1687 395; baseline -0.003 -8"><span class='ocrx_word' id='word_1_18' title='bbox 161 333 266 388; x_wconf 80' lang='grc' dir='ltr'>ἕςτι</span> <span class='ocrx_word' id='word_1_19' title='bbox 301 334 361 386; x_wconf 81' lang='grc' dir='ltr'>δὲ</span> <span class='ocrx_word' id='word_1_20' title='bbox 395 335 590 387; x_wconf 87' lang='grc' dir='ltr'>ξεςτῶν</span> <span class='ocrx_word' id='word_1_21' title='bbox 629 331 976 395; x_wconf 88' lang='grc' dir='ltr'>πεντήκοντα.</span> <span class='ocrx_word' id='word_1_22' title='bbox 1032 329 1097 383; x_wconf 91' lang='grc' dir='ltr'>τὸ</span> <span class='ocrx_word' id='word_1_23' title='bbox 1133 330 1192 382; x_wconf 81' lang='grc' dir='ltr'>δὲ</span> <span class='ocrx_word' id='word_1_24' title='bbox 1227 329 1421 394; x_wconf 89' lang='grc' dir='ltr'>μέτρον</span> <span class='ocrx_word' id='word_1_25' title='bbox 1457 327 1562 382; x_wconf 82' lang='grc' dir='ltr'>ἑςτὶ</span> <span class='ocrx_word' id='word_1_26' title='bbox 1593 330 1687 394; x_wconf 91' lang='grc' dir='ltr'>τῆς</span> 
     </span>
     <span class='ocr_line' id='line_1_7' title="bbox 158 414 943 482; baseline -0.006 -11"><span class='ocrx_word' id='word_1_27' title='bbox 158 420 256 471; x_wconf 83' lang='grc' dir='ltr'>τοῦ</span> <span class='ocrx_word' id='word_1_28' title='bbox 283 415 662 482; x_wconf 84' lang='grc' dir='ltr'>ἐλαιοτριβείου</span> <span class='ocrx_word' id='word_1_29' title='bbox 688 414 943 480; x_wconf 84' lang='grc' dir='ltr'>ἑργαςίας.</span> 
     </span>
    </p>

    <p class='ocr_par' dir='ltr' id='par_1_4' title="bbox 151 497 1765 1324">
     <span class='ocr_line' id='line_1_8' title="bbox 267 497 1686 565; baseline -0.002 -11"><span class='ocrx_word' id='word_1_30' title='bbox 267 502 313 554; x_wconf 83' lang='lat'>7.</span> <span class='ocrx_word' id='word_1_31' title='bbox 354 501 556 556; x_wconf 83' lang='grc' dir='ltr'>Μναςὶς</span> <span class='ocrx_word' id='word_1_32' title='bbox 600 501 633 565; x_wconf 81' lang='grc' dir='ltr'><strong>ἢ</strong></span> <span class='ocrx_word' id='word_1_33' title='bbox 677 500 925 565; x_wconf 92' lang='grc' dir='ltr'>μέδιμνος</span> <span class='ocrx_word' id='word_1_34' title='bbox 971 497 1116 563; x_wconf 87' lang='grc' dir='ltr'>οἶμαι</span> <span class='ocrx_word' id='word_1_35' title='bbox 1160 497 1218 551; x_wconf 85' lang='grc' dir='ltr'>ἐκ</span> <span class='ocrx_word' id='word_1_36' title='bbox 1262 499 1355 563; x_wconf 89' lang='grc' dir='ltr'>τῆς</span> <span class='ocrx_word' id='word_1_37' title='bbox 1391 498 1686 563; x_wconf 85' lang='grc' dir='ltr'>Ῥωμαϊκῆς</span> 
     </span>
     <span class='ocr_line' id='line_1_9' title="bbox 156 582 1740 651; baseline -0.001 -15"><span class='ocrx_word' id='word_1_38' title='bbox 156 585 395 651; x_wconf 80' lang='grc' dir='ltr'>γλώςςης</span> <span class='ocrx_word' id='word_1_39' title='bbox 430 585 788 650; x_wconf 88' lang='grc' dir='ltr'>παρήχθηςαν.</span> <span class='ocrx_word' id='word_1_40' title='bbox 842 583 906 635; x_wconf 86' lang='grc' dir='ltr'>τὸ</span> <span class='ocrx_word' id='word_1_41' title='bbox 941 582 1044 647; x_wconf 85' lang='grc' dir='ltr'>γὰρ</span> <span class='ocrx_word' id='word_1_42' title='bbox 1081 582 1300 647; x_wconf 86' lang='grc' dir='ltr'>μεδιοὺμ</span> <span class='ocrx_word' id='word_1_43' title='bbox 1332 583 1494 647; x_wconf 87' lang='grc' dir='ltr'>μέςον</span> <span class='ocrx_word' id='word_1_44' title='bbox 1528 582 1681 648; x_wconf 89' lang='grc' dir='ltr'>ἑρμη-</span> <span class='ocrx_word' id='word_1_45' title='bbox 1712 588 1740 629; x_wconf 87' lang='grc'>5</span> 
     </span>
     <span class='ocr_line' id='line_1_10' title="bbox 154 666 1685 738; baseline -0.003 -14"><span class='ocrx_word' id='word_1_46' title='bbox 154 670 368 724; x_wconf 84' lang='grc' dir='ltr'>νεύεται</span> <span class='ocrx_word' id='word_1_47' title='bbox 405 669 465 724; x_wconf 82' lang='grc' dir='ltr'>ἐν</span> <span class='ocrx_word' id='word_1_48' title='bbox 502 668 634 738; x_wconf 83' lang='grc' dir='ltr'>αὐτῇ</span> <span class='ocrx_word' id='word_1_49' title='bbox 670 672 732 738; x_wconf 88' lang='grc' dir='ltr'>τῇ</span> <span class='ocrx_word' id='word_1_50' title='bbox 767 668 988 736; x_wconf 85' lang='grc' dir='ltr'>γλώςςῃ.</span> <span class='ocrx_word' id='word_1_51' title='bbox 1043 667 1278 731; x_wconf 87' lang='grc' dir='ltr'>μαναςὴς</span> <span class='ocrx_word' id='word_1_52' title='bbox 1314 666 1500 720; x_wconf 87' lang='grc' dir='ltr'>τοίνυν</span> <span class='ocrx_word' id='word_1_53' title='bbox 1538 667 1685 732; x_wconf 86' lang='grc' dir='ltr'>παρὰ</span> 
     </span>
     <span class='ocr_line' id='line_1_11' title="bbox 159 749 1683 818; baseline -0.001 -12"><span class='ocrx_word' id='word_1_54' title='bbox 159 753 408 818; x_wconf 89' lang='grc' dir='ltr'>Κυπρίοις</span> <span class='ocrx_word' id='word_1_55' title='bbox 443 756 702 818; x_wconf 85' lang='grc' dir='ltr'>μετρεῖται</span> <span class='ocrx_word' id='word_1_56' title='bbox 736 753 820 805; x_wconf 89' lang='grc' dir='ltr'>καὶ</span> <span class='ocrx_word' id='word_1_57' title='bbox 853 752 986 816; x_wconf 79' lang='grc' dir='ltr'>παρ’</span> <span class='ocrx_word' id='word_1_58' title='bbox 1010 751 1193 803; x_wconf 89' lang='grc' dir='ltr'>ἄλλοις</span> <span class='ocrx_word' id='word_1_59' title='bbox 1230 749 1447 804; x_wconf 83' lang='grc' dir='ltr'>ἔθνεςιν.</span> <span class='ocrx_word' id='word_1_60' title='bbox 1499 751 1590 803; x_wconf 89' lang='grc' dir='ltr'>εἰςὶ</span> <span class='ocrx_word' id='word_1_61' title='bbox 1624 752 1683 805; x_wconf 79' lang='grc' dir='ltr'>δὲ</span> 
     </span>
     <span class='ocr_line' id='line_1_12' title="bbox 155 834 1682 903; baseline -0.002 -12"><span class='ocrx_word' id='word_1_62' title='bbox 155 838 283 892; x_wconf 94' lang='grc' dir='ltr'>δέκα</span> <span class='ocrx_word' id='word_1_63' title='bbox 308 838 481 903; x_wconf 78' lang='grc' dir='ltr'>μόδιοι</span> <span class='ocrx_word' id='word_1_64' title='bbox 506 837 648 891; x_wconf 89' lang='grc' dir='ltr'>ςίτου</span> <span class='ocrx_word' id='word_1_65' title='bbox 668 838 700 902; x_wconf 86' lang='grc' dir='ltr'>ἢ</span> <span class='ocrx_word' id='word_1_66' title='bbox 721 839 916 902; x_wconf 84' lang='grc' dir='ltr'>κριθῶν</span> <span class='ocrx_word' id='word_1_67' title='bbox 945 835 1016 888; x_wconf 85' lang='grc' dir='ltr'>εἰς</span> <span class='ocrx_word' id='word_1_68' title='bbox 1041 835 1136 889; x_wconf 91' lang='grc' dir='ltr'>τὸν</span> <span class='ocrx_word' id='word_1_69' title='bbox 1163 837 1274 888; x_wconf 85' lang='grc' dir='ltr'>τῶν</span> <span class='ocrx_word' id='word_1_70' title='bbox 1296 834 1423 887; x_wconf 90' lang='grc' dir='ltr'>δέκα</span> <span class='ocrx_word' id='word_1_71' title='bbox 1446 835 1530 886; x_wconf 85' lang='grc' dir='ltr'>καὶ</span> <span class='ocrx_word' id='word_1_72' title='bbox 1548 834 1682 888; x_wconf 84' lang='grc' dir='ltr'>ἑπτὰ</span> 
     </span>
     <span class='ocr_line' id='line_1_13' title="bbox 155 918 1682 987; baseline -0.003 -12"><span class='ocrx_word' id='word_1_73' title='bbox 155 924 352 976; x_wconf 84' lang='grc' dir='ltr'>ξεςτῶν</span> <span class='ocrx_word' id='word_1_74' title='bbox 402 922 551 987; x_wconf 89' lang='grc' dir='ltr'>παρὰ</span> <span class='ocrx_word' id='word_1_75' title='bbox 602 921 850 987; x_wconf 73' lang='grc' dir='ltr'>Κυπρίοις</span> <span class='ocrx_word' id='word_1_76' title='bbox 900 920 1102 984; x_wconf 88' lang='grc' dir='ltr'>μόδιον.</span> <span class='ocrx_word' id='word_1_77' title='bbox 1156 919 1406 983; x_wconf 87' lang='grc' dir='ltr'>μέδιμνος</span> <span class='ocrx_word' id='word_1_78' title='bbox 1447 921 1506 972; x_wconf 79' lang='grc' dir='ltr'>δὲ</span> <span class='ocrx_word' id='word_1_79' title='bbox 1547 918 1682 983; x_wconf 77' lang='grc' dir='ltr'>παρ’</span> 
     </span>
     <span class='ocr_line' id='line_1_14' title="bbox 155 1004 1765 1070; baseline 0 -12"><span class='ocrx_word' id='word_1_80' title='bbox 155 1005 338 1060; x_wconf 85' lang='grc' dir='ltr'>αὐτοῖς</span> <span class='ocrx_word' id='word_1_81' title='bbox 371 1008 484 1059; x_wconf 87' lang='grc' dir='ltr'>τοῖς</span> <span class='ocrx_word' id='word_1_82' title='bbox 522 1005 769 1070; x_wconf 92' lang='grc' dir='ltr'>Κυπρίοις</span> <span class='ocrx_word' id='word_1_83' title='bbox 805 1004 1081 1070; x_wconf 89' lang='grc' dir='ltr'>διάφορος.</span> <span class='ocrx_word' id='word_1_84' title='bbox 1130 1004 1227 1057; x_wconf 91' lang='grc' dir='ltr'>τὸν</span> <span class='ocrx_word' id='word_1_85' title='bbox 1277 1004 1379 1069; x_wconf 86' lang='grc' dir='ltr'>γὰρ</span> <span class='ocrx_word' id='word_1_86' title='bbox 1427 1004 1679 1069; x_wconf 87' lang='grc' dir='ltr'>μέδιμνον</span> <span class='ocrx_word' id='word_1_87' title='bbox 1712 1009 1765 1049; x_wconf 90' lang='grc'>10</span> 
     </span>
     <span class='ocr_line' id='line_1_15' title="bbox 154 1088 1679 1155; baseline 0 -12"><span class='ocrx_word' id='word_1_88' title='bbox 154 1089 454 1155; x_wconf 80' lang='grc' dir='ltr'>(αλαμίνιοι</span> <span class='ocrx_word' id='word_1_89' title='bbox 503 1089 680 1145; x_wconf 86' lang='grc' dir='ltr'>εἴτουν</span> <span class='ocrx_word' id='word_1_90' title='bbox 735 1090 1087 1143; x_wconf 89' lang='grc' dir='ltr'>Κωνςτάντιοι</span> <span class='ocrx_word' id='word_1_91' title='bbox 1142 1088 1200 1141; x_wconf 84' lang='grc' dir='ltr'>ἐκ</span> <span class='ocrx_word' id='word_1_92' title='bbox 1256 1088 1418 1142; x_wconf 86' lang='grc' dir='ltr'>πέντε</span> <span class='ocrx_word' id='word_1_93' title='bbox 1476 1088 1679 1153; x_wconf 85' lang='grc' dir='ltr'>μοδίων</span> 
     </span>
     <span class='ocr_line' id='line_1_16' title="bbox 152 1172 1679 1241; baseline -0.001 -14"><span class='ocrx_word' id='word_1_94' title='bbox 152 1173 357 1239; x_wconf 76' lang='grc' dir='ltr'>ἔχουςι,</span> <span class='ocrx_word' id='word_1_95' title='bbox 394 1175 602 1241; x_wconf 89' lang='grc' dir='ltr'>Πάφιοι</span> <span class='ocrx_word' id='word_1_96' title='bbox 627 1176 687 1228; x_wconf 80' lang='grc' dir='ltr'>δὲ</span> <span class='ocrx_word' id='word_1_97' title='bbox 711 1174 795 1227; x_wconf 86' lang='grc' dir='ltr'>καὶ</span> <span class='ocrx_word' id='word_1_98' title='bbox 821 1173 1020 1227; x_wconf 78' lang='grc' dir='ltr'>(ικελοὶ</span> <span class='ocrx_word' id='word_1_99' title='bbox 1046 1172 1316 1238; x_wconf 86' lang='grc' dir='ltr'>τεςςάρων</span> <span class='ocrx_word' id='word_1_100' title='bbox 1350 1172 1560 1238; x_wconf 83' lang='grc' dir='ltr'>ἣμίςεος</span> <span class='ocrx_word' id='word_1_101' title='bbox 1586 1189 1679 1238; x_wconf 89' lang='grc' dir='ltr'>μο-</span> 
     </span>
     <span class='ocr_line' id='line_1_17' title="bbox 151 1257 798 1324; baseline -0.002 -13"><span class='ocrx_word' id='word_1_102' title='bbox 151 1258 283 1312; x_wconf 90' lang='grc' dir='ltr'>δίων</span> <span class='ocrx_word' id='word_1_103' title='bbox 314 1257 480 1312; x_wconf 85' lang='grc' dir='ltr'>αὐτὸν</span> <span class='ocrx_word' id='word_1_104' title='bbox 508 1261 798 1324; x_wconf 87' lang='grc' dir='ltr'>μετροῦςιν.</span> 
     </span>
    </p>

    <p class='ocr_par' dir='ltr' id='par_1_5' title="bbox 142 1340 1760 1997">
     <span class='ocr_line' id='line_1_18' title="bbox 258 1340 1676 1407; baseline -0.002 -12"><span class='ocrx_word' id='word_1_105' title='bbox 258 1341 305 1395; x_wconf 89' lang='grc'>8.</span> <span class='ocrx_word' id='word_1_106' title='bbox 344 1342 513 1396; x_wconf 80' lang='grc' dir='ltr'>(άτον</span> <span class='ocrx_word' id='word_1_107' title='bbox 542 1344 775 1395; x_wconf 87' lang='grc' dir='ltr'>καλεῖται</span> <span class='ocrx_word' id='word_1_108' title='bbox 801 1341 855 1396; x_wconf 83' lang='grc' dir='ltr'>ἐξ</span> <span class='ocrx_word' id='word_1_109' title='bbox 881 1340 1043 1406; x_wconf 85' lang='grc' dir='ltr'>αὐτῆς</span> <span class='ocrx_word' id='word_1_110' title='bbox 1076 1343 1170 1407; x_wconf 85' lang='grc' dir='ltr'>τῆς</span> <span class='ocrx_word' id='word_1_111' title='bbox 1202 1341 1475 1407; x_wconf 83' lang='grc' dir='ltr'>Ἑβραῖδος</span> <span class='ocrx_word' id='word_1_112' title='bbox 1499 1343 1676 1406; x_wconf 90' lang='grc' dir='ltr'>διαλη-</span> 
     </span>
     <span class='ocr_line' id='line_1_19' title="bbox 149 1425 1760 1495; baseline 0 -17"><span class='ocrx_word' id='word_1_113' title='bbox 149 1426 315 1491; x_wconf 82' lang='grc' dir='ltr'>φθέν,</span> <span class='ocrx_word' id='word_1_114' title='bbox 341 1429 584 1492; x_wconf 86' lang='grc' dir='ltr'>θηλυκῶς</span> <span class='ocrx_word' id='word_1_115' title='bbox 610 1428 669 1479; x_wconf 81' lang='grc' dir='ltr'>δὲ</span> <span class='ocrx_word' id='word_1_116' title='bbox 697 1426 1135 1491; x_wconf 81' lang='grc' dir='ltr'>ἑκφωνούμενον.</span> <span class='ocrx_word' id='word_1_117' title='bbox 1163 1425 1222 1480; x_wconf 83' lang='grc' dir='ltr'>ἐν</span> <span class='ocrx_word' id='word_1_118' title='bbox 1250 1427 1309 1479; x_wconf 81' lang='grc' dir='ltr'>δὲ</span> <span class='ocrx_word' id='word_1_119' title='bbox 1333 1431 1395 1495; x_wconf 85' lang='grc' dir='ltr'>τῇ</span> <span class='ocrx_word' id='word_1_120' title='bbox 1420 1425 1676 1491; x_wconf 84' lang='grc' dir='ltr'>Ἑλληνίδι</span> <span class='ocrx_word' id='word_1_121' title='bbox 1707 1429 1760 1469; x_wconf 82' lang='grc'>15</span> 
     </span>
     <span class='ocr_line' id='line_1_20' title="bbox 150 1509 1675 1576; baseline 0 -12"><span class='ocrx_word' id='word_1_122' title='bbox 150 1510 478 1576; x_wconf 82' lang='grc' dir='ltr'>οὐδετέρως·</span> <span class='ocrx_word' id='word_1_123' title='bbox 498 1511 660 1564; x_wconf 90' lang='grc' dir='ltr'>ςάτον</span> <span class='ocrx_word' id='word_1_124' title='bbox 687 1510 790 1575; x_wconf 88' lang='grc' dir='ltr'>γὰρ</span> <span class='ocrx_word' id='word_1_125' title='bbox 812 1509 1019 1572; x_wconf 89' lang='grc' dir='ltr'>λέγεται</span> <span class='ocrx_word' id='word_1_126' title='bbox 1038 1510 1121 1562; x_wconf 88' lang='grc' dir='ltr'>καὶ</span> <span class='ocrx_word' id='word_1_127' title='bbox 1147 1509 1265 1575; x_wconf 84' lang='grc' dir='ltr'>οὐχὶ</span> <span class='ocrx_word' id='word_1_128' title='bbox 1285 1510 1453 1563; x_wconf 88' lang='grc' dir='ltr'>ςάτος.</span> <span class='ocrx_word' id='word_1_129' title='bbox 1493 1510 1598 1564; x_wconf 81' lang='grc' dir='ltr'>ἔςτι</span> <span class='ocrx_word' id='word_1_130' title='bbox 1615 1511 1675 1564; x_wconf 83' lang='grc' dir='ltr'>δὲ</span> 
     </span>
     <span class='ocr_line' id='line_1_21' title="bbox 147 1593 1675 1660; baseline 0.001 -13"><span class='ocrx_word' id='word_1_131' title='bbox 147 1594 332 1659; x_wconf 91' lang='grc' dir='ltr'>μόδιος</span> <span class='ocrx_word' id='word_1_132' title='bbox 368 1594 677 1660; x_wconf 85' lang='grc' dir='ltr'>ὑπέργομος</span> <span class='ocrx_word' id='word_1_133' title='bbox 705 1593 840 1648; x_wconf 87' lang='grc' dir='ltr'>ὥςτε</span> <span class='ocrx_word' id='word_1_134' title='bbox 871 1596 1198 1660; x_wconf 85' lang='grc' dir='ltr'>πληροῡςθαι</span> <span class='ocrx_word' id='word_1_135' title='bbox 1223 1595 1318 1659; x_wconf 80' lang='grc' dir='ltr'>μὲν</span> <span class='ocrx_word' id='word_1_136' title='bbox 1344 1595 1441 1648; x_wconf 91' lang='grc' dir='ltr'>τὸν</span> <span class='ocrx_word' id='word_1_137' title='bbox 1469 1594 1675 1659; x_wconf 84' lang='grc' dir='ltr'>μόδιον,</span> 
     </span>
     <span class='ocr_line' id='line_1_22' title="bbox 147 1678 1674 1744; baseline 0.001 -13"><span class='ocrx_word' id='word_1_138' title='bbox 147 1680 258 1733; x_wconf 83' lang='grc' dir='ltr'>δεῖν</span> <span class='ocrx_word' id='word_1_139' title='bbox 284 1680 345 1733; x_wconf 83' lang='grc' dir='ltr'>δὲ</span> <span class='ocrx_word' id='word_1_140' title='bbox 370 1678 446 1732; x_wconf 83' lang='grc' dir='ltr'>ἔτι</span> <span class='ocrx_word' id='word_1_141' title='bbox 469 1678 834 1744; x_wconf 86' lang='grc' dir='ltr'>ὑπεργίνεςθαι</span> <span class='ocrx_word' id='word_1_142' title='bbox 858 1679 921 1732; x_wconf 89' lang='grc' dir='ltr'>τὸ</span> <span class='ocrx_word' id='word_1_143' title='bbox 947 1678 1201 1744; x_wconf 89' lang='grc' dir='ltr'>τέταρτον</span> <span class='ocrx_word' id='word_1_144' title='bbox 1226 1681 1323 1731; x_wconf 85' lang='grc' dir='ltr'>τοῦ</span> <span class='ocrx_word' id='word_1_145' title='bbox 1350 1678 1552 1743; x_wconf 87' lang='grc' dir='ltr'>μοδίου.</span> <span class='ocrx_word' id='word_1_146' title='bbox 1591 1678 1674 1732; x_wconf 90' lang='grc' dir='ltr'>κέ-</span> 
     </span>
     <span class='ocr_line' id='line_1_23' title="bbox 145 1762 1673 1829; baseline 0.001 -15"><span class='ocrx_word' id='word_1_147' title='bbox 145 1763 329 1827; x_wconf 90' lang='grc' dir='ltr'>κληται</span> <span class='ocrx_word' id='word_1_148' title='bbox 362 1765 422 1817; x_wconf 79' lang='grc' dir='ltr'>δὲ</span> <span class='ocrx_word' id='word_1_149' title='bbox 455 1763 584 1816; x_wconf 89' lang='grc' dir='ltr'>ςάτα</span> <span class='ocrx_word' id='word_1_150' title='bbox 613 1762 746 1816; x_wconf 87' lang='grc' dir='ltr'>κατὰ</span> <span class='ocrx_word' id='word_1_151' title='bbox 771 1763 870 1827; x_wconf 88' lang='grc' dir='ltr'>τὴν</span> <span class='ocrx_word' id='word_1_152' title='bbox 896 1762 1063 1829; x_wconf 83' lang='grc' dir='ltr'>αὐτὴν</span> <span class='ocrx_word' id='word_1_153' title='bbox 1089 1762 1366 1816; x_wconf 87' lang='grc' dir='ltr'>διάλεκτον</span> <span class='ocrx_word' id='word_1_154' title='bbox 1391 1763 1673 1829; x_wconf 79' lang='grc' dir='ltr'>ἐκφωνού-</span> 
     </span>
     <span class='ocr_line' id='line_1_24' title="bbox 146 1845 1758 1924; baseline -0.001 -23"><span class='ocrx_word' id='word_1_155' title='bbox 146 1863 311 1911; x_wconf 87' lang='grc' dir='ltr'>μενον</span> <span class='ocrx_word' id='word_1_156' title='bbox 338 1848 496 1912; x_wconf 87' lang='grc' dir='ltr'>λῆψις</span> <span class='ocrx_word' id='word_1_157' title='bbox 531 1846 615 1898; x_wconf 89' lang='grc' dir='ltr'>καὶ</span> <span class='ocrx_word' id='word_1_158' title='bbox 651 1845 842 1924; x_wconf 34' lang='grc' dir='ltr'>ἄρςιςϊ</span> <span class='ocrx_word' id='word_1_159' title='bbox 860 1846 969 1900; x_wconf 88' lang='grc' dir='ltr'>ἀπὸ</span> <span class='ocrx_word' id='word_1_160' title='bbox 995 1850 1093 1900; x_wconf 85' lang='grc' dir='ltr'>τοῦ</span> <span class='ocrx_word' id='word_1_161' title='bbox 1125 1847 1222 1900; x_wconf 90' lang='grc' dir='ltr'>τὸν</span> <span class='ocrx_word' id='word_1_162' title='bbox 1247 1850 1547 1912; x_wconf 83' lang='grc' dir='ltr'>μετροῦντα</span> <span class='ocrx_word' id='word_1_163' title='bbox 1571 1847 1674 1903; x_wconf 83' lang='grc' dir='ltr'>ἕξει</span> <span class='ocrx_word' id='word_1_164' title='bbox 1703 1853 1758 1893; x_wconf 82' lang='lat'>20</span> 
     </span>
     <span class='ocr_line' id='line_1_25' title="bbox 142 1930 1370 1997; baseline -0.001 -13"><span class='ocrx_word' id='word_1_165' title='bbox 142 1931 243 1986; x_wconf 87' lang='grc' dir='ltr'>τινὶ</span> <span class='ocrx_word' id='word_1_166' title='bbox 267 1931 330 1984; x_wconf 92' lang='grc' dir='ltr'>τὸ</span> <span class='ocrx_word' id='word_1_167' title='bbox 355 1931 548 1997; x_wconf 90' lang='grc' dir='ltr'>μέτρον</span> <span class='ocrx_word' id='word_1_168' title='bbox 576 1931 863 1996; x_wconf 88' lang='grc' dir='ltr'>λαμβάνειν</span> <span class='ocrx_word' id='word_1_169' title='bbox 889 1948 945 1984; x_wconf 92' lang='grc' dir='ltr'>τε</span> <span class='ocrx_word' id='word_1_170' title='bbox 975 1931 1058 1983; x_wconf 86' lang='grc' dir='ltr'>καὶ</span> <span class='ocrx_word' id='word_1_171' title='bbox 1081 1930 1370 1997; x_wconf 81' lang='grc' dir='ltr'>κουφίζειν.</span> 
     </span>
    </p>

    <p class='ocr_par' dir='ltr' id='par_1_6' title="bbox 138 2013 1752 2621">
     <span class='ocr_line' id='line_1_26' title="bbox 251 2013 1672 2082; baseline 0.001 -15"><span class='ocrx_word' id='word_1_172' title='bbox 251 2014 297 2068; x_wconf 89' lang='grc'>9.</span> <span class='ocrx_word' id='word_1_173' title='bbox 336 2016 447 2069; x_wconf 84' lang='grc' dir='ltr'>Τοῦ</span> <span class='ocrx_word' id='word_1_174' title='bbox 474 2016 532 2068; x_wconf 81' lang='grc' dir='ltr'>δὲ</span> <span class='ocrx_word' id='word_1_175' title='bbox 558 2015 747 2079; x_wconf 89' lang='grc' dir='ltr'>μοδίου</span> <span class='ocrx_word' id='word_1_176' title='bbox 771 2015 834 2068; x_wconf 92' lang='grc' dir='ltr'>τὸ</span> <span class='ocrx_word' id='word_1_177' title='bbox 861 2013 1035 2080; x_wconf 89' lang='grc' dir='ltr'>ὄνομα</span> <span class='ocrx_word' id='word_1_178' title='bbox 1060 2015 1146 2068; x_wconf 89' lang='grc' dir='ltr'>διὰ</span> <span class='ocrx_word' id='word_1_179' title='bbox 1177 2017 1383 2080; x_wconf 90' lang='grc' dir='ltr'>πολλῆς</span> <span class='ocrx_word' id='word_1_180' title='bbox 1408 2016 1672 2082; x_wconf 87' lang='grc' dir='ltr'>ἀκριβείας</span> 
     </span>
     <span class='ocr_line' id='line_1_27' title="bbox 141 2098 1671 2167; baseline 0.001 -14"><span class='ocrx_word' id='word_1_181' title='bbox 141 2098 251 2153; x_wconf 79' lang='grc' dir='ltr'>ὑπὸ</span> <span class='ocrx_word' id='word_1_182' title='bbox 287 2101 399 2153; x_wconf 86' lang='grc' dir='ltr'>τῶν</span> <span class='ocrx_word' id='word_1_183' title='bbox 435 2099 692 2166; x_wconf 84' lang='grc' dir='ltr'>Ἑβραίων</span> <span class='ocrx_word' id='word_1_184' title='bbox 730 2098 917 2164; x_wconf 86' lang='grc' dir='ltr'>εὑρέθη</span> <span class='ocrx_word' id='word_1_185' title='bbox 951 2099 1110 2153; x_wconf 89' lang='grc' dir='ltr'>εἴκοςι</span> <span class='ocrx_word' id='word_1_186' title='bbox 1145 2099 1244 2154; x_wconf 87' lang='grc' dir='ltr'>δύο</span> <span class='ocrx_word' id='word_1_187' title='bbox 1279 2103 1475 2154; x_wconf 86' lang='grc' dir='ltr'>ξεςτῶν</span> <span class='ocrx_word' id='word_1_188' title='bbox 1502 2100 1671 2167; x_wconf 86' lang='grc' dir='ltr'>ὑπάρ-</span> 
     </span>
     <span class='ocr_line' id='line_1_28' title="bbox 140 2182 1668 2250; baseline 0 -12"><span class='ocrx_word' id='word_1_189' title='bbox 140 2200 266 2250; x_wconf 88' lang='grc' dir='ltr'>χον·</span> <span class='ocrx_word' id='word_1_190' title='bbox 295 2182 396 2249; x_wconf 86' lang='grc' dir='ltr'>οὐχ</span> <span class='ocrx_word' id='word_1_191' title='bbox 420 2182 607 2237; x_wconf 88' lang='grc' dir='ltr'>ἁπλῶς</span> <span class='ocrx_word' id='word_1_192' title='bbox 634 2185 693 2237; x_wconf 81' lang='grc' dir='ltr'>δὲ</span> <span class='ocrx_word' id='word_1_193' title='bbox 718 2182 834 2237; x_wconf 77' lang='grc' dir='ltr'>οὐδ&gt;</span> <span class='ocrx_word' id='word_1_194' title='bbox 861 2182 935 2237; x_wconf 81' lang='grc' dir='ltr'>ὡς</span> <span class='ocrx_word' id='word_1_195' title='bbox 961 2183 1165 2250; x_wconf 83' lang='grc' dir='ltr'>ἔτυχεν,</span> <span class='ocrx_word' id='word_1_196' title='bbox 1189 2183 1325 2237; x_wconf 89' lang='grc' dir='ltr'>ἀλλὰ</span> <span class='ocrx_word' id='word_1_197' title='bbox 1350 2184 1435 2238; x_wconf 88' lang='grc' dir='ltr'>διὰ</span> <span class='ocrx_word' id='word_1_198' title='bbox 1459 2187 1668 2250; x_wconf 90' lang='grc' dir='ltr'>πολλὴν</span> 
     </span>
     <span class='ocr_line' id='line_1_29' title="bbox 140 2266 1752 2334; baseline 0.001 -13"><span class='ocrx_word' id='word_1_199' title='bbox 140 2267 423 2334; x_wconf 87' lang='grc' dir='ltr'>ἀκρίβειαν.</span> <span class='ocrx_word' id='word_1_200' title='bbox 472 2266 504 2321; x_wconf 99' lang='lat'>6</span> <span class='ocrx_word' id='word_1_201' title='bbox 538 2269 641 2333; x_wconf 81' lang='grc' dir='ltr'>γὰρ</span> <span class='ocrx_word' id='word_1_202' title='bbox 678 2267 878 2321; x_wconf 83' lang='grc' dir='ltr'>δίκαιος</span> <span class='ocrx_word' id='word_1_203' title='bbox 920 2268 1134 2333; x_wconf 79' lang='grc' dir='ltr'>μόδιος,</span> <span class='ocrx_word' id='word_1_204' title='bbox 1184 2270 1359 2321; x_wconf 87' lang='grc' dir='ltr'>καθὼς</span> <span class='ocrx_word' id='word_1_205' title='bbox 1409 2267 1599 2323; x_wconf 86' lang='grc' dir='ltr'>εἴωθεν</span> <span class='ocrx_word' id='word_1_206' title='bbox 1635 2268 1667 2322; x_wconf 94' lang='lat'>6</span> <span class='ocrx_word' id='word_1_207' title='bbox 1697 2275 1752 2316; x_wconf 83' lang='lat'>25</span> 
     </span>
     <span class='ocr_line' id='line_1_30' title="bbox 139 2351 1666 2418; baseline 0.001 -13"><span class='ocrx_word' id='word_1_208' title='bbox 139 2351 310 2416; x_wconf 89' lang='grc' dir='ltr'>νόμος</span> <span class='ocrx_word' id='word_1_209' title='bbox 334 2351 529 2414; x_wconf 82' lang='grc' dir='ltr'>λέγειν,</span> <span class='ocrx_word' id='word_1_210' title='bbox 554 2352 688 2405; x_wconf 89' lang='grc' dir='ltr'>κατὰ</span> <span class='ocrx_word' id='word_1_211' title='bbox 711 2352 774 2406; x_wconf 90' lang='grc' dir='ltr'>τὸ</span> <span class='ocrx_word' id='word_1_212' title='bbox 800 2353 995 2418; x_wconf 89' lang='grc' dir='ltr'>μέτρον</span> <span class='ocrx_word' id='word_1_213' title='bbox 1019 2353 1084 2407; x_wconf 89' lang='grc' dir='ltr'>τὸ</span> <span class='ocrx_word' id='word_1_214' title='bbox 1108 2352 1262 2416; x_wconf 88' lang='grc' dir='ltr'>ἅγιον</span> <span class='ocrx_word' id='word_1_215' title='bbox 1286 2353 1553 2418; x_wconf 83' lang='grc' dir='ltr'>ἐμετρήθη.</span> <span class='ocrx_word' id='word_1_216' title='bbox 1602 2353 1666 2407; x_wconf 89' lang='grc' dir='ltr'>τὸ</span> 
     </span>
     <span class='ocr_line' id='line_1_31' title="bbox 138 2433 1666 2502; baseline 0.001 -14"><span class='ocrx_word' id='word_1_217' title='bbox 138 2436 199 2488; x_wconf 80' lang='grc' dir='ltr'>δὲ</span> <span class='ocrx_word' id='word_1_218' title='bbox 231 2433 385 2497; x_wconf 88' lang='grc' dir='ltr'>ἅγιον</span> <span class='ocrx_word' id='word_1_219' title='bbox 420 2434 614 2499; x_wconf 87' lang='grc' dir='ltr'>μέτρον</span> <span class='ocrx_word' id='word_1_220' title='bbox 653 2435 813 2489; x_wconf 83' lang='grc' dir='ltr'>οὐδὲν</span> <span class='ocrx_word' id='word_1_221' title='bbox 848 2434 982 2489; x_wconf 87' lang='grc' dir='ltr'>ἄλλο</span> <span class='ocrx_word' id='word_1_222' title='bbox 1018 2436 1156 2491; x_wconf 82' lang='grc' dir='ltr'>ἐςτὶν</span> <span class='ocrx_word' id='word_1_223' title='bbox 1192 2438 1224 2502; x_wconf 86' lang='grc' dir='ltr'>ἢ</span> <span class='ocrx_word' id='word_1_224' title='bbox 1249 2437 1314 2489; x_wconf 88' lang='grc' dir='ltr'>τὰ</span> <span class='ocrx_word' id='word_1_225' title='bbox 1339 2435 1415 2502; x_wconf 90' lang='grc' dir='ltr'>κβ’</span> <span class='ocrx_word' id='word_1_226' title='bbox 1444 2437 1599 2502; x_wconf 82' lang='grc' dir='ltr'>ἔργα,</span> <span class='ocrx_word' id='word_1_227' title='bbox 1631 2436 1666 2490; x_wconf 84' lang='grc' dir='ltr'>ἃ</span> 
     </span>
     <span class='ocr_line' id='line_1_32' title="bbox 138 2517 1663 2621; baseline 0.001 -50"><span class='ocrx_word' id='word_1_228' title='bbox 138 2517 385 2582; x_wconf 84' lang='grc' dir='ltr'>ἐποίηςεν</span> <span class='ocrx_word' id='word_1_229' title='bbox 422 2517 454 2571; x_wconf 95' lang='lat'>6</span> <span class='ocrx_word' id='word_1_230' title='bbox 490 2518 628 2573; x_wconf 86' lang='grc' dir='ltr'>Θεὸς</span> <span class='ocrx_word' id='word_1_231' title='bbox 657 2519 716 2572; x_wconf 81' lang='grc' dir='ltr'>ἐν</span> <span class='ocrx_word' id='word_1_232' title='bbox 747 2520 861 2572; x_wconf 88' lang='grc' dir='ltr'>ταῖς</span> <span class='ocrx_word' id='word_1_233' title='bbox 889 2519 947 2621; x_wconf 62' lang='grc' dir='ltr'>ἓξ</span> <span class='ocrx_word' id='word_1_234' title='bbox 978 2519 1193 2584; x_wconf 83' lang='grc' dir='ltr'>ἡμέραις</span> <span class='ocrx_word' id='word_1_235' title='bbox 1228 2522 1320 2584; x_wconf 89' lang='grc' dir='ltr'>τῆς</span> <span class='ocrx_word' id='word_1_236' title='bbox 1355 2519 1663 2587; x_wconf 86' lang='grc' dir='ltr'>ἑβδομάδος.</span> 
     </span>
    </p>
   </div>
   <div class='ocr_carea' id='block_1_4' title="bbox 138 2619 476 2626">
    <p class='ocr_par' dir='ltr' id='par_1_7' title="bbox 138 2619 476 2626">
     <span class='ocr_line' id='line_1_33' title="bbox 138 2619 476 2626; baseline 0 594"><span class='ocrx_word' id='word_1_237' title='bbox 138 2619 476 2626; x_wconf 95' lang='lat' dir='ltr'> </span> 
     </span>
    </p>
   </div>
   <div class='ocr_carea' id='block_1_5' title="bbox 254 2626 1664 2716">
    <p class='ocr_par' dir='ltr' id='par_1_8' title="bbox 254 2626 1664 2716">
     <span class='ocr_line' id='line_1_34' title="bbox 254 2626 1664 2716; baseline 0.004 -16"><span class='ocrx_word' id='word_1_238' title='bbox 254 2662 293 2701; x_wconf 87' lang='grc'>1.</span> <span class='ocrx_word' id='word_1_239' title='bbox 326 2658 462 2710; x_wconf 84' lang='grc' dir='ltr'>βάθος</span> <span class='ocrx_word' id='word_1_240' title='bbox 495 2673 609 2702; x_wconf 86' lang='lat' dir='ltr'><strong>corr.</strong></span> <span class='ocrx_word' id='word_1_241' title='bbox 642 2661 723 2702; x_wconf 88' lang='lat' dir='ltr'>Pet</span> <span class='ocrx_word' id='word_1_242' title='bbox 753 2626 801 2701; x_wconf 56' lang='lat' dir='ltr'>ig</span> <span class='ocrx_word' id='word_1_243' title='bbox 832 2626 1165 2714; x_wconf 68' lang='lat' dir='ltr'>marg.‚*ssdbou</span> <span class='ocrx_word' id='word_1_244' title='bbox 1196 2660 1333 2716; x_wconf 87' lang='lat' dir='ltr'>vulgo</span> <span class='ocrx_word' id='word_1_245' title='bbox 1448 2665 1488 2704; x_wconf 89' lang='lat'>3.</span> <span class='ocrx_word' id='word_1_246' title='bbox 1518 2660 1664 2705; x_wconf 86' lang='grc' dir='ltr'>ἐλαιο-</span> 
     </span>
    </p>
   </div>
   <div class='ocr_carea' id='block_1_6' title="bbox 134 2726 1659 2924">
    <p class='ocr_par' dir='ltr' id='par_1_9' title="bbox 134 2726 1659 2924">
     <span class='ocr_line' id='line_1_35' title="bbox 136 2726 1657 2787; baseline 0.004 -17"><span class='ocrx_word' id='word_1_247' title='bbox 136 2726 337 2780; x_wconf 85' lang='grc' dir='ltr'>τρίπτου</span> <span class='ocrx_word' id='word_1_248' title='bbox 367 2727 576 2783; x_wconf 79' lang='grc' dir='ltr'>ἐργαςίας</span> <span class='ocrx_word' id='word_1_249' title='bbox 597 2731 693 2783; x_wconf 86' lang='lat' dir='ltr'><strong><em>Pet,</em></strong></span> <span class='ocrx_word' id='word_1_250' title='bbox 725 2727 852 2772; x_wconf 79' lang='grc' dir='ltr'>ἑλαίο</span> <span class='ocrx_word' id='word_1_251' title='bbox 874 2761 883 2771; x_wconf 92' lang='grc'><strong><em>.</em></strong></span> <span class='ocrx_word' id='word_1_252' title='bbox 906 2761 914 2771; x_wconf 94' lang='grc'><em>.</em></span> <span class='ocrx_word' id='word_1_253' title='bbox 937 2762 945 2771; x_wconf 91' lang='grc'><strong>.</strong></span> <span class='ocrx_word' id='word_1_254' title='bbox 966 2728 1124 2781; x_wconf 89' lang='grc' dir='ltr'>γαςίας</span> <span class='ocrx_word' id='word_1_255' title='bbox 1146 2731 1268 2772; x_wconf 89' lang='lat' dir='ltr'>LeM</span> <span class='ocrx_word' id='word_1_256' title='bbox 1378 2733 1418 2773; x_wconf 81' lang='lat'>7.</span> <span class='ocrx_word' id='word_1_257' title='bbox 1451 2731 1500 2774; x_wconf 86' lang='grc' dir='ltr'>δὲ</span> <span class='ocrx_word' id='word_1_258' title='bbox 1529 2731 1657 2787; x_wconf 87' lang='grc' dir='ltr'>δέκα]</span> 
     </span>
     <span class='ocr_line' id='line_1_36' title="bbox 134 2795 1659 2856; baseline 0.003 -17"><span class='ocrx_word' id='word_1_259' title='bbox 134 2795 186 2839; x_wconf 81' lang='grc' dir='ltr'>δὲ</span> <span class='ocrx_word' id='word_1_260' title='bbox 207 2799 281 2840; x_wconf 86' lang='grc' dir='ltr'>καὶ</span> <span class='ocrx_word' id='word_1_261' title='bbox 303 2799 438 2854; x_wconf 82' lang='lat' dir='ltr'>vulgo</span> <span class='ocrx_word' id='word_1_262' title='bbox 460 2798 601 2852; x_wconf 83' lang='lat' dir='ltr'><strong>(conf.</strong></span> <span class='ocrx_word' id='word_1_263' title='bbox 626 2800 682 2840; x_wconf 87' lang='lat' dir='ltr'>fr.</span> <span class='ocrx_word' id='word_1_264' title='bbox 704 2800 775 2851; x_wconf 84' lang='lat'>84,</span> <span class='ocrx_word' id='word_1_265' title='bbox 793 2800 835 2851; x_wconf 88' lang='grc'>5)</span> <span class='ocrx_word' id='word_1_266' title='bbox 952 2800 990 2842; x_wconf 91' lang='grc'>8.</span> <span class='ocrx_word' id='word_1_267' title='bbox 1022 2798 1129 2853; x_wconf 91' lang='grc' dir='ltr'>τὸν]</span> <span class='ocrx_word' id='word_1_268' title='bbox 1162 2803 1271 2843; x_wconf 84' lang='lat' dir='ltr'><em>illum</em></span> <span class='ocrx_word' id='word_1_269' title='bbox 1300 2803 1452 2844; x_wconf 83' lang='lat' dir='ltr'><strong>versio</strong></span> <span class='ocrx_word' id='word_1_270' title='bbox 1473 2803 1659 2856; x_wconf 83' lang='lat' dir='ltr'>Latina,</span> 
     </span>
     <span class='ocr_line' id='line_1_37' title="bbox 134 2867 1658 2924; baseline 0.004 -16"><span class='ocrx_word' id='word_1_271' title='bbox 134 2867 227 2919; x_wconf 88' lang='grc' dir='ltr'>τὴν</span> <span class='ocrx_word' id='word_1_272' title='bbox 248 2869 383 2923; x_wconf 83' lang='lat' dir='ltr'>vulgo</span> <span class='ocrx_word' id='word_1_273' title='bbox 472 2872 541 2911; x_wconf 81' lang='lat'>12.</span> <span class='ocrx_word' id='word_1_274' title='bbox 570 2869 706 2921; x_wconf 85' lang='grc' dir='ltr'>ἥμιςυ</span> <span class='ocrx_word' id='word_1_275' title='bbox 735 2869 872 2924; x_wconf 84' lang='lat' dir='ltr'>vulgo</span> <span class='ocrx_word' id='word_1_276' title='bbox 990 2871 1056 2912; x_wconf 91' lang='lat'>18.</span> <span class='ocrx_word' id='word_1_277' title='bbox 1088 2869 1187 2913; x_wconf 88' lang='grc' dir='ltr'>δεῖν</span> <span class='ocrx_word' id='word_1_278' title='bbox 1216 2870 1266 2913; x_wconf 83' lang='grc' dir='ltr'>δὲ</span> <span class='ocrx_word' id='word_1_279' title='bbox 1294 2871 1363 2915; x_wconf 85' lang='grc' dir='ltr'>ἔτι</span> <span class='ocrx_word' id='word_1_280' title='bbox 1395 2874 1571 2915; x_wconf 84' lang='lat' dir='ltr'>correxi</span> <span class='ocrx_word' id='word_1_281' title='bbox 1603 2886 1658 2914; x_wconf 79' lang='lat' dir='ltr'>ex</span> 
     </span>
    </p>
   </div>
   <div class='ocr_carea' id='block_1_7' title="bbox 134 2937 623 2992">
    <p class='ocr_par' dir='ltr' id='par_1_10' title="bbox 134 2937 623 2992">
     <span class='ocr_line' id='line_1_38' title="bbox 134 2937 623 2992; baseline 0.008 -14"><span class='ocrx_word' id='word_1_282' title='bbox 134 2937 325 2992; x_wconf 81' lang='lat' dir='ltr'>vulgato</span> <span class='ocrx_word' id='word_1_283' title='bbox 356 2937 429 2981; x_wconf 87' lang='grc' dir='ltr'>διὰ</span> <span class='ocrx_word' id='word_1_284' title='bbox 458 2939 508 2982; x_wconf 79' lang='grc' dir='ltr'>δὲ</span> <span class='ocrx_word' id='word_1_285' title='bbox 537 2941 623 2982; x_wconf 82' lang='grc' dir='ltr'>τοῦ</span> 
     </span>
    </p>
   </div>
  </div>
 </body>
</html>
