1946 3220
263 137 371 191 220
674 153 992 190 FRAGMENTA
1028 153 1098 186 m:
1135 153 1396 188 MENsmus
1691 136 1822 208 [52]Δ
1864 123 1889 209 ’ᾗ
1923 181 1930 190 ,

265 262 637 329 περιςπωμένη
663 263 864 314 τεθεῖςα
889 261 1020 313 κατὰ
1047 261 1155 314 πᾶν
1185 259 1386 325 ὀβολὸν
1414 263 1595 325 δηλοῖ,
1614 262 1640 315 λ
1667 302 1683 326 ,
1715 287 1792 326 ω,
1945 288 1946 298 1

266 346 318 400 αἱ
342 348 401 400 δὲ
429 346 527 398 δύο
555 344 903 409 ἀπερίςτικτοι
932 344 1032 397 δύο
1065 343 1323 409 ὀβολούς,
1367 343 1419 399 λλ
1439 385 1454 408 ,
1482 358 1569 409 z,
1598 346 1652 398 οἳ
1676 361 1795 398 ποι·-
1862 345 1865 347 ’

267 432 381 484 οὓςι
407 429 469 482 τὸ
494 428 705 493 γράμμα
729 427 1062 492 δηλούμενον
1087 426 1196 481 ὑπὸ
1221 430 1318 481 τοῦ
1342 429 1375 480 Γ
1394 430 1619 493 πληςίον
1643 429 1797 494 ἔχον-

266 529 357 567 τος
382 513 444 565 τὸ
473 529 503 576 ρ
527 511 853 577 τεμνόμενον
890 510 998 564 ὑπό
1026 529 1170 566 τινος
1205 511 1411 566 εὐθείας
1436 515 1702 578 γραμμῆς,
1735 505 1796 576 [P.

210 599 236 641 5
371 594 420 649 5.
456 595 518 648 Αἱ
542 597 601 649 δὲ
626 595 725 648 δύο
761 596 989 661 γραμμαὶ
1016 596 1375 650 ςυνάπτουςαι
1402 596 1536 651 κατὰ
1569 597 1799 661 θάτερον
1907 659 1914 663 ,

265 680 432 745 πέρας
466 679 600 733 ὥςτε
635 679 839 743 γωνίαν
874 683 1050 734 ποιεῖν
1084 681 1333 747 ἐμφερῶς
1365 682 1479 734 ταῖς
1509 683 1608 734 τοῦ
1636 680 1673 733 Κ
1698 679 1800 734 δύο
1870 683 1873 685 ’
1903 719 1917 745 f

264 763 496 829 κεραίαις
519 765 634 818 ταῖς
659 764 798 830 πρὸς
823 769 884 832 τῇ
913 763 1046 834 ὀρθῇ
1079 769 1286 833 γραμμῇ
1314 765 1368 833 [ἢ
1394 765 1529 818 κατὰ
1551 763 1800 833 κάθετον]

265 849 504 915 δραχμὴν
540 848 869 914 ςημαίνουςι,
900 857 951 908 <
971 891 984 914 ,
1029 849 1125 914 τὴν
1154 848 1481 915 ςυνωνύμως
1513 848 1599 902 καὶ
1634 848 1800 914 ὁλκὴν

264 932 613 998 καλουμένην.

183 1017 239 1060 10
374 1015 421 1069 6.
452 1002 621 1070 ’Ἰδίως
648 1018 707 1071 δὲ
732 1017 879 1083 παρὰ
907 1017 1152 1070 παλαιοῖς
1177 1016 1273 1081 τὴν
1308 1015 1472 1081 ὁλκὴν
1502 1016 1565 1069 τὸ
1593 1016 1624 1067 λ
1648 1016 1804 1080 δηλοῖ

265 1099 396 1166 ἔχον
422 1101 583 1166 μέςον
603 1101 667 1154 τὸ
693 1117 743 1166 ο,
771 1089 802 1172 {3
828 1101 996 1168 [ἡμεῖς
1025 1101 1085 1155 δὲ
1106 1100 1191 1153 καὶ
1207 1099 1406 1165 ταύτην
1426 1100 1589 1165 ὁλκὴν
1609 1101 1802 1152 καλοῦ,

265 1185 402 1252 μεν].
452 1185 497 1239 εἰ
524 1185 584 1238 δὲ
608 1185 671 1238 τὸ
708 1202 724 1238 ι
754 1185 913 1250 μέςον
950 1185 982 1250 ἢ
1008 1184 1452 1251 προςτεθειμένον
1485 1183 1519 1248 ἢ
1550 1183 1803 1248 ἐπικείμε-

266 1285 367 1324 νον
396 1268 505 1334 ἔχει
527 1269 590 1323 τὸ
618 1269 667 1332 λ,
695 1269 878 1334 λίτραν
912 1269 1171 1333 ςημαίνει,
1196 1268 1245 1350 λ,
1270 1269 1337 1331 λι,
1368 1267 1428 1320 λῑ.
1459 1268 1598 1322 τινὲς
1623 1268 1683 1321 δὲ
1706 1268 1803 1332 τὴν

269 1353 454 1419 ἑτέραν
480 1355 579 1406 τοῦ
603 1355 633 1405 λ
660 1353 902 1419 γραμμὴν
937 1355 1113 1409 λοξῶς
1147 1353 1432 1418 τέμνοντες
1460 1353 1678 1418 δηλοῦςι
1704 1352 1803 1416 τὴν

187 1438 240 1479 15
268 1436 469 1502 λίτραν,
497 1437 551 1490 Α.

378 1521 423 1573 7.
461 1521 538 1574 Τὸ
564 1522 622 1573 δὲ
650 1522 681 1573 Γ
707 1520 834 1585 ἔχον
852 1520 910 1574 ἑν
931 1521 1044 1575 ταῖς
1068 1520 1260 1575 ἑαυτοῦ
1285 1520 1507 1583 γωνίαις
1531 1520 1594 1573 τὸ
1621 1535 1652 1572 ο
1678 1517 1804 1582 οὐγ-

267 1604 389 1668 γίαν
419 1606 598 1668 δηλοῖ,
626 1606 680 1658 [δ’.

186 1700 247 1735 751
377 1688 424 1742 8.
463 1689 539 1742 Τὸ
567 1689 626 1741 δὲ
653 1705 689 1753 μ
716 1689 849 1742 κατὰ
878 1688 940 1741 τὸ
967 1688 1129 1752 μέςον
1158 1687 1326 1742 αὑτοῦ
1359 1686 1488 1754 ἔχον
1522 1687 1585 1740 τὸ
1611 1703 1642 1740 ν
1668 1687 1806 1750 μνᾶν

385 1890 424 1929 1·
470 1888 492 1930 Χ
523 1914 574 1934 ν’
607 1911 694 1940 om.
719 1899 801 1952 St„
844 1897 867 1940 λ
898 1911 985 1942 om.
1007 1899 1073 1940 Ne
1189 1901 1230 1940 2.
1263 1897 1330 1952 αἱ]
1365 1895 1407 1941 εἰ
1435 1898 1523 1940 ΑΒ
1626 1897 1680 1951 xx
1718 1911 1807 1940 om.

269 1957 353 2014 Ne,
383 1962 444 2014 ae
467 1976 551 2008 om.
575 1967 627 2008 St
705 1966 771 2022 οἳ]
806 1967 847 2011 εἰ
868 1970 926 2021 Α,
958 1967 985 2010 ὃ
1006 1968 1049 2008 Β
1164 1970 1205 2012 3.
1235 1966 1517 2021 δηλούμενοι
1535 1968 1625 2009 ΑΒ
1710 1966 1808 2009 ὑπὸ

269 2032 357 2073 τοῦ
401 2033 428 2074 Γ
465 2048 608 2090 usque
650 2038 709 2079 ad
747 2037 1041 2090 τεμνόμενον
1082 2050 1169 2079 om.
1208 2038 1297 2078 AB
1411 2040 1455 2079 4.
1494 2039 1707 2090 γραμμῆς
1739 2027 1804 2091 W]

205 2153 211 2158 ‚
269 2100 503 2155 γράφεται
531 2107 620 2146 ΑΒ
735 2110 775 2149 5.
808 2119 862 2149 τε
893 2110 998 2161 post
1028 2106 1339 2150 ςυνάπτουςαι
1371 2106 1475 2148 add.
1507 2107 1574 2148 Ne
1673 2109 1713 2148 7.
1744 2109 1806 2160 τῇ

270 2169 388 2226 ὃρθῇ
419 2175 628 2229 γραμμή]
662 2177 755 2229 τὴν
786 2176 933 2230 ὀρθὴν
954 2177 1058 2230 ΑΒ,
1089 2176 1180 2228 τὴν
1203 2175 1351 2230 ὀρθὴν
1380 2175 1599 2229 γραμμὴν
1633 2177 1691 2218 Ch
1775 2175 1807 2227 ἢ

270 2242 392 2285 κατὰ
430 2243 630 2288 κάθετον
670 2260 755 2289 om.
794 2246 1006 2288 ABNeSt
1121 2248 1161 2289 8.
1192 2245 1271 2303 <ν]
1313 2254 1340 2289 5
1372 2248 1413 2288 Α
1530 2244 1808 2296 ςυνώνυμον

271 2313 313 2352 Α
413 2314 488 2356 καὶ
519 2314 668 2368 ὁλκὴν
699 2315 1012 2369 καλουμένην]
1046 2314 1108 2368 ἣν
1140 2316 1216 2359 καὶ
1246 2315 1430 2369 ταύτην
1463 2315 1610 2368 ὁλκὴν
1641 2316 1808 2358 καλοῦ-

273 2392 357 2431 μεν
388 2385 446 2437 Α,
478 2385 689 2440 idemque
722 2388 787 2440 B,
828 2387 919 2427 nisi
958 2386 1077 2439 quod
1115 2385 1410 2438 καλούμενον
1447 2387 1621 2440 legitur
1736 2388 1806 2428 10.

272 2452 486 2496 παλαιοῖς
517 2455 590 2510 St,
630 2457 845 2499 παλαιῶν
876 2456 957 2498 rel.
1075 2455 1167 2508 τὴν
1206 2455 1355 2508 ὁλκὴν
1395 2459 1504 2498 ante
1543 2454 1669 2508 παρὰ
1700 2455 1807 2497 παλ.

271 2519 414 2563 habet
445 2525 511 2566 Ne
608 2529 677 2568 11.
706 2526 841 2579 ἡμεῖς
871 2540 1016 2579 usque
1050 2527 1110 2567 acl
1139 2526 1376 2578 καλοῦμεν
1406 2539 1492 2569 om.
1524 2525 1644 2567 NeSt
1737 2527 1806 2568 12.

272 2589 331 2630 τὸ
371 2605 455 2634 om.
496 2596 562 2637 Ne
679 2595 816 2647 μέςον
854 2610 997 2650 usque
1045 2597 1105 2637 ad
1143 2595 1436 2648 ἐπικείμενον
1476 2608 1559 2636 om.
1600 2595 1811 2636 ABNeSt

275 2660 342 2701 13.
375 2659 539 2714 λίτραν
569 2666 796 2720 ςημαίνει]
837 2667 880 2709 λι
910 2664 1120 2720 ςημαίνει
1148 2667 1261 2719 AB,
1302 2662 1510 2718 ςημαίνει
1547 2662 1710 2717 λίτραν
1741 2665 1808 2705 Ne

274 2727 301 2799 ιλ.
332 2729 376 2770 λι
405 2731 459 2784 λὶ]
501 2732 555 2774 Λι
584 2736 673 2788 Ne,
720 2738 754 2778 λὶ
785 2735 850 2789 St,
891 2750 978 2778 om.
1016 2736 1104 2777 AB
1171 2743 1175 2746 '
1221 2737 1292 2777 14.
1329 2733 1591 2786 ἀλλήλοξον
1627 2734 1671 2789 ἢ,
1699 2738 1807 2775 ante

275 2801 424 2845 λοξῶς
455 2802 558 2844 add.
580 2804 646 2844 Ne
763 2808 829 2848 15.
863 2805 907 2854 λῑ
938 2807 1011 2861 Oh,
1043 2808 1087 2849 λι
1116 2807 1206 2847 ΑΒ
1325 2807 1390 2848 16.
1424 2803 1559 2846 ἐντὸς
1589 2805 1675 2855 τῆς
1706 2801 1807 2844 ἑαυ-

275 2873 362 2914 τοῦ
393 2869 566 2922 γωνίας
589 2873 655 2914 Ne
786 2874 1002 2929 οὐγγίαν]
1037 2874 1072 2922 [3
1100 2877 1190 2917 AB
1362 2875 1429 2916 18.
1461 2872 1519 2916 τὸ
1547 2874 1584 2923 μ
1615 2870 1665 2914 δὲ
1695 2872 1810 2913 StClz

276 2940 423 2985 αὐτοῦ
454 2939 565 2993 ἔχον
597 2943 748 2996 Neam,
781 2943 889 2995 ἔχον
920 2944 1069 2987 αὐτοῦ
1101 2946 1216 2998 AB„
