1946 3220
15 94 67 166 ῨᾸΙΕἱ
127 122 231 195 [66]
573 138 724 174 omns
760 138 827 174 Ac
864 136 1215 174 Ponmmnaeus,
1553 120 1659 174 243

203 247 281 300 11.
321 247 396 300 Τὸ
422 246 555 311 μέγα
588 246 817 311 μύςτρον
850 246 1074 312 κοτύλης
1101 246 1237 300 ἑςτὶν
1275 245 1656 328 ὀκτωκαιδέκα-

14 362 21 371 .
51 407 54 410 ψ
129 347 242 384 τον.
287 331 402 393 ἄγει
426 331 661 396 δραχμὰς
690 330 738 393 γ’
762 331 973 395 γράμμα
991 330 1065 397 α’.

201 414 280 467 12.
320 415 618 484 [Μύςτρον]
647 415 710 468 τὸ
738 416 796 467 δὲ
823 416 1006 479 μικρὸν
1043 414 1268 480 κοτύλης
1303 414 1538 470 εἰκοςτὸν
1574 416 1655 469 τέ-

57 562 60 565 ,
126 515 323 564 ταρτον
350 498 466 561 ἄγει
490 503 525 567 <
547 498 591 564 β’
618 508 665 551 5.

200 582 278 636 13.
332 583 406 635 Τὸ
455 583 513 635 δὲ
564 582 897 637 δικαιότατον
950 583 1178 650 μύςτρον
1222 584 1498 649 γράμματα
1547 583 1656 650 ἔχει
1684 597 1711 637 5

126 664 282 719 ὀκτώ.

200 750 279 801 14.
319 750 394 803 Τὸ
421 751 480 804 δὲ
503 751 811 816 κοχλιάριον
835 751 1112 817 γράμματα
1137 750 1244 815 ἔχει
1270 751 1398 816 τρία.

198 833 275 885 15.
315 835 424 886 Τοῦ
453 837 719 900 βαςιλικοῦ
746 835 947 900 καρύου
977 835 1039 888 τὸ
1064 835 1285 901 μέγεθος
1309 835 1343 903 <
1368 834 1482 898 ἄγει
1509 835 1652 888 ἑπτά.

199 917 276 969 16.
316 919 428 971 Τοῦ
459 920 518 972 δὲ
542 920 811 972 Ποντικοῦ
842 920 875 987 <
902 916 964 971 α’.

199 1003 276 1054 17.
317 1003 391 1055 Τό
423 1004 482 1056 δὲ
513 1006 606 1067 τῆς
635 1003 873 1070 βαλάνου
900 1006 1134 1069 δραχμῆς
1163 1003 1331 1068 ἥμιςυι
1676 987 1740 1073 7183

196 1086 273 1139 18.
314 1087 389 1140 Τό
425 1088 484 1140 δὲ
519 1091 616 1140 τοῦ
650 1087 1004 1150 Αἰγυπτιακοῦ
1048 1088 1252 1153 κυάμου
1296 1088 1403 1154 ἔχει
1452 1087 1653 1155 ὀβολὸν

113 1172 205 1225 ’καὶ
231 1171 394 1236 ἥμιςυ.

197 1255 275 1307 19.
314 1256 424 1308 Τοῦ
452 1255 655 1321 ὀρόβου
683 1256 949 1325 [μέγεθος]
976 1258 1206 1322 χαλκοῦς
1234 1256 1290 1321 β’.

658 1465 726 1518 66
768 1466 910 1534 (cap.
953 1465 1123 1538 XVI).

661 1567 794 1618 (Vide
825 1565 939 1620 prol.
970 1567 994 1616 ἓ
1026 1565 1114 1619 56.)
1684 1559 1737 1600 15

305 1649 438 1713 Περὶ
467 1648 691 1714 ςημείων
719 1652 828 1702 τῶν
854 1649 1062 1714 μέτρων
1093 1649 1176 1701 καὶ
1202 1652 1459 1714 ςταθμῶν.

231 1748 272 1798 1.
314 1747 436 1801 Τῶν
465 1750 709 1812 ςταθμῶν
738 1748 821 1799 καὶ
847 1748 1054 1812 μέτρων
1084 1747 1419 1801 διοαςκαλίαν
1445 1748 1527 1800 καὶ
1552 1749 1649 1813 τὴν

13 1849 48 1878 ἰ-
118 1834 228 1884 τῶν
257 1831 482 1895 ςημείων
510 1835 619 1884 τῶν
645 1832 704 1884 ἐν
731 1832 912 1884 αὐτοῖς
938 1831 1136 1885 ἔκθεςιν
1166 1831 1459 1894 ἀναγκαίαν
1486 1831 1649 1886 οὗςαν

15 2096 22 2103 -
8 1973 34 2071 ,ἢὸ-Ἃ(

10 2705 26 2715 ,·
8 2342 47 2670 ...ιᾳςῃψμιᾳρχ
14 2249 27 2318 ww
11 2167 25 2218 «ev
8 2134 21 2145 s

119 1914 535 1980 ἀνεγραψάμην,
574 1915 655 1969 ἵν’
681 1916 824 1981 ἔχοις
850 1915 1137 1970 ἄπταιςτον
1162 1917 1258 1981 τὴν
1291 1916 1350 1970 ἐν
1381 1918 1491 1968 τοῖς
1524 1919 1647 1982 βοη-

119 2001 336 2065 θήμαςιν
369 1999 587 2065 εὕρεςιν.
1678 2008 1734 2049 20

223 2084 270 2136 2.
310 2085 420 2149 Τὴν
448 2083 547 2139 οὗν
586 2086 722 2149 μνᾶν
762 2086 917 2149 δηλοῖ
950 2084 1311 2150 ἐπιτιθέμενον
1339 2090 1414 2154 τῷ
1446 2102 1480 2149 μ
1513 2100 1648 2138 ςτοι-

117 2170 248 2237 χείῳ
277 2170 338 2222 τὸ
370 2187 413 2222 ν.

227 2253 272 2305 3.
313 2254 419 2317 Τὴν
453 2254 511 2306 δὲ
539 2253 719 2319 λίτραν
748 2254 809 2307 τὸ
837 2256 865 2306 λ
894 2254 1021 2319 ἕχον
1048 2254 1401 2319 ὑποκείμενον
1427 2253 1489 2306 τὸ
1522 2270 1552 2316 ι,
1579 2253 1623 2333 λ.

225 2337 271 2387 4.
309 2338 418 2401 Τὴν
442 2339 499 2390 δὲ
526 2338 746 2400 οὐγγίαν
768 2339 829 2391 τό
855 2338 1028 2404 Γὲχον
1051 2338 1403 2403 ὑποκείμενον
1429 2339 1460 2401 ἣ
1487 2336 1647 2400 ὑπερ-

233 2567 272 2605 2.
306 2566 431 2616 τρεῖς
466 2568 511 2604 et
544 2554 588 2612 1ss
618 2564 667 2603 St
784 2567 822 2604 3.
866 2562 1089 2616 Μύςτρον
1121 2577 1207 2606 om.
1239 2565 1289 2604 Sc
1402 2565 1444 2603 4.
1477 2560 1562 2603 δύο
1594 2562 1645 2602 St

119 2635 159 2677 8.
192 2633 330 2687 ἑπτά]
365 2628 400 2675 δ’
424 2633 714 2676 scribendum
745 2633 925 2673 videtur
949 2633 1008 2684 (v.
1030 2633 1142 2686 prol.
1166 2636 1189 2684 ξ
1212 2635 1264 2674 82
1288 2633 1391 2675 adn.
1415 2633 1456 2683 1)
1577 2635 1643 2674 13.

121 2703 310 2755 μέγεθος
343 2718 428 2746 om.
447 2705 497 2746 St
612 2709 714 2757 post
747 2703 944 2754 χαλκοῦς
979 2697 1014 2754 β’
1037 2703 1088 2743 St
1118 2704 1352 2757 subiungit
1384 2704 1643 2744 ‘Hactenus

120 2787 174 2815 ex
206 2775 417 2827 Galeno’,
451 2776 710 2827 omittitque
743 2788 842 2826 cap.
874 2774 994 2814 XVI.

234 2861 300 2902 14.
335 2858 597 2911 Κεφάλαιον
630 2853 684 2903 ις’
718 2859 775 2899 Clz
910 2860 978 2898 21.
1010 2856 1282 2909 ἐπιθέμενον
1316 2859 1374 2900 Clz
1489 2860 1556 2898 23.
1591 2850 1639 2925 Q]

120 2927 146 2969 λ
181 2928 237 2969 Clz
351 2930 418 2970 24.
452 2927 665 2982 οὐγγίαν]
710 2926 743 2973 [3
779 2929 835 2969 Clz

1279 2997 1386 3050 16*
