1946 3220
622 113 940 155 SCRIPTORES
979 111 1250 152 03113008.ι
1621 114 1685 152 IX

160 231 378 294 reliquias
405 231 610 283 edemus;
646 230 720 277 hic
746 237 896 277 autem
923 230 1111 277 alteram
1142 231 1280 278 trium
1303 230 1523 280 codicum
1558 232 1685 277 sami-

161 304 265 350 liam
292 316 426 363 quam
451 302 606 349 littera
632 301 662 348 C
686 307 897 348 notamus
934 303 1078 348 secuti
1107 315 1277 349 sumus.
1337 300 1601 350 Sed‘tamen
1627 316 1684 349 nc

160 374 208 420 hi
235 373 416 436 quidem
441 373 621 421 codices
643 370 776 433 plane
800 374 919 418 inter
955 386 1003 418 se
1029 373 1334 419 consentiunt.
1390 370 1531 427 Quem
1567 375 1684 419 enim

160 451 422 492 contextum
444 444 686 491 verborum
711 442 997 492 exhibuimus
1013 480 1025 501 ‚
1056 445 1094 489 is
1117 445 1308 492 maxime
1331 443 1588 505 descriptus
1615 451 1687 490 est

160 529 214 561 ex
238 509 312 573 1³⁶,
340 529 365 562 a
391 529 480 575 quo
504 514 559 561 Ρθ
585 520 629 559 et
654 513 690 557 V
722 526 823 561 cum
851 512 1007 560 multis
1036 512 1134 560 aliis
1163 516 1208 559 in
1235 515 1388 572 rebus,
1418 521 1512 562 tum
1541 516 1586 561 in
1613 527 1686 562 ex-

159 593 301 631 trema
322 584 476 632 tabula
502 584 752 645 agrestium
773 597 1086 630 mensurarum
1112 585 1386 646 discrepant.
1402 610 1473 620 —-
1494 586 1524 644 S
1546 588 1567 630 1
1595 592 1683 632 cet.

157 656 245 702 Per
284 662 424 702 totam
461 654 657 702 tabulam
693 655 740 700 in
772 654 803 700 C
839 650 1107 703 κονδύλου
1145 669 1356 702 mensura
1399 656 1566 702 omissa
1599 663 1683 713 est,

159 740 276 786 quae
300 740 400 773 cum
434 725 592 773 abesse
626 726 681 771 ab
706 725 790 771 hac
818 725 1089 772 collectione
1123 739 1216 772 non
1250 733 1432 786 posset,
1468 740 1553 772 nos
1587 741 1685 773 eam

157 798 288 843 uncis
313 795 535 845 inclusam
560 796 728 856 ubique
756 810 807 842 ex
832 796 894 841 P³
921 795 1183 843 addidimus.
1215 822 1279 829 —-
1310 797 1339 855 g
1369 799 1395 840 5
1421 810 1523 844 cum
1552 797 1683 843 initio

157 862 307 926 διχὰε
334 866 515 913 definita
542 867 627 924 sit,
664 872 824 927 postea
862 880 946 927 pro
972 861 1122 926 διχὰε
1151 867 1313 928 scripsi
1338 861 1489 928 λιχὰε
1515 866 1685 914 collato

155 936 356 984 Pollucis
383 938 486 984 loco
515 932 586 999 (fr.
614 936 670 996 1).
730 936 898 983 Ibidem
924 932 1253 997 κυνόετομον
1291 952 1392 985 cum
1418 938 1683 995 Letronnio,

158 1009 236 1068 qui
262 1008 306 1054 id
332 1009 379 1054 in
403 1022 495 1055 uno
533 1008 650 1057 libro
678 1006 770 1069 legi
798 1008 932 1065 dicit,
971 1008 1071 1054 dedi
1106 1023 1191 1069 pro
1223 1003 1591 1068 κοινόετομον.
1614 1034 1678 1044 —-

156 1077 189 1137 3
217 1081 272 1122 12
299 1073 599 1139 ἀντίχειρον
635 1080 831 1134 servavi,
864 1093 1136 1139 quamquam
1169 1079 1258 1126 duo
1287 1079 1391 1126 libri
1416 1074 1687 1139 ἀντίχειρα

156 1147 295 1207 (conf.
323 1149 353 1207 S
378 1147 421 1212 5)
448 1150 728 1212 praeferunt.
768 1149 865 1197 Hoc
888 1156 1037 1197 autem
1061 1150 1335 1196 discriminis
1362 1165 1464 1197 esse
1488 1150 1683 1207 videtur,

153 1227 207 1267 ut
231 1214 464 1281 ἀντῑχεὶρ
488 1221 656 1281 pollex,
683 1214 985 1280 ἀντίχειρον
1007 1235 1220 1268 mensura
1246 1235 1271 1267 a
1296 1221 1463 1282 pollice
1487 1220 1685 1267 derivata

156 1289 465 1351 intellegatur.
516 1290 680 1337 Ibidem
707 1287 836 1349 μεθὸ
865 1286 952 1350 δέ,
977 1292 1064 1338 etsi
1090 1287 1150 1339 δὲ
1176 1293 1222 1338 in
1247 1291 1283 1335 V
1309 1291 1563 1348 omittitur,
1590 1305 1687 1337 ser·

95 1410 112 1423 ο
154 1362 277 1420 vavi,
304 1374 407 1408 cum
431 1361 519 1408 hoc
544 1362 719 1407 dicendi
744 1375 890 1421 genus
915 1375 941 1408 a
966 1363 1222 1408 recentiore
1249 1375 1338 1409 usu
1368 1375 1460 1408 non
1488 1361 1684 1408 alienum

157 1444 258 1480 esse
286 1431 532 1479 videretur.
558 1458 628 1464 -—
654 1431 683 1490 S
713 1434 768 1475 14
794 1446 895 1479 cum
920 1431 1058 1492 vulgo
1087 1426 1131 1480 εἰ
1156 1428 1482 1492 μετρηθῶειν
1507 1430 1686 1491 legere-

154 1509 261 1561 tur,
287 1502 334 1554 in
360 1517 454 1552 uno
480 1509 629 1553 autem
658 1502 776 1549 libro
809 1497 861 1550 αἱ
884 1516 970 1564 pro
1000 1497 1045 1551 εἰ
1068 1510 1293 1560 exstaret,
1331 1498 1398 1551 ἂν
1425 1505 1522 1549 sine
1546 1501 1683 1548 dubio

155 1574 471 1634 corrigendum
498 1574 598 1620 fuit.
621 1598 682 1607 —
702 1572 731 1631 S
759 1576 813 1618 16
844 1574 891 1619 in
917 1573 1072 1620 tabula
1098 1576 1343 1634 agrestium
1368 1586 1683 1620 mensurarum

155 1644 323 1690 edenda
348 1644 604 1693 Paris-inum
634 1645 666 1690 d
691 1650 875 1692 secutus
904 1659 1031 1703 sum⁷
1073 1645 1150 1705 qui
1187 1644 1375 1692 eandem
1410 1644 1602 1691 formam
1634 1657 1684 1688 ac

118 1749 127 1759 .
152 1713 384 1766 Parisinus
411 1730 440 1760 a
467 1715 620 1774 habet⁷
644 1715 731 1761 nisi
757 1715 878 1776 quod
909 1729 1002 1762 non
1031 1715 1152 1761 ultra
1180 1716 1307 1762 mille
1334 1715 1519 1776 orgyias
1543 1714 1686 1759 ratio·

154 1798 235 1830 nes
263 1785 512 1832 subductae
548 1793 679 1844 sunt,
719 1800 821 1832 cum
846 1786 901 1835 ad
927 1786 1080 1834 decem
1114 1786 1236 1832 milia
1270 1785 1592 1847 progrediatur
1616 1784 1683 1829 1³³.

154 1853 213 1900 Ea
242 1861 392 1902 autem
421 1870 535 1915 quae
560 1856 624 1900 Pe
651 1863 696 1901 et
722 1855 757 1898 V
787 1856 955 1901 hahent
981 1855 1098 1901 infra
1123 1855 1322 1902 breviter
1355 1855 1680 1902 adnotavimus.

153 1950 223 1958 -—-
247 1926 308 1970 De
343 1939 500 1971 errore
537 1926 615 1986 qui
653 1925 765 1971 latet
800 1927 846 1971 in
882 1926 1029 1972 verbis
1066 1921 1269 1974 πλάτος
1294 1921 1377 1973 καὶ
1403 1923 1566 1985 μῆκος
1592 1919 1683 1984 ὀρ-

154 1993 321 2052 γυιῶν
346 2003 597 2056 nostraque
623 1997 943 2044 emendatione
967 1997 1066 2042 vide
1094 1997 1211 2057 prol.
1234 1995 1264 2054 S
1291 1999 1345 2040 25
1370 1997 1471 2042 adn.
1499 2000 1541 2041 2.
1627 2023 1630 2025 Δ

260 2069 301 2110 9.
345 2066 670 2127 Fragmentum
706 2067 760 2113 de
799 2069 985 2128 orgyiae
1026 2081 1238 2113 mensura
1274 2067 1475 2113 nondum
1513 2067 1683 2112 editum

155 2137 373 2198 descripsi
399 2151 423 2183 e
450 2137 548 2184 cod.
571 2137 713 2184 Paris.
732 2140 845 2183 2013
871 2137 1083 2195 1011123,
1114 2140 1242 2184 cuius
1269 2139 1544 2198 scripturam
1571 2151 1683 2182 non·

153 2206 293 2254 nullis
325 2207 439 2254 locis
471 2215 732 2269 corruptam
759 2209 820 2255 ita
846 2210 1050 2267 correxi,
1082 2215 1134 2255 ut
1159 2207 1277 2255 insra
1311 2208 1573 2255 adnotatum
1600 2214 1683 2252 est.

259 2281 330 2324 10.
382 2277 488 2325 Tab.
522 2277 824 2325 Heronianam
860 2279 915 2324 VI
956 2279 1231 2327 Letronnius
1277 2275 1338 2341 (p.
1368 2278 1442 2338 65)
1484 2278 1624 2324 edidit
1660 2291 1682 2321 e

155 2348 254 2393 cod.
281 2348 423 2394 Paris.
450 2351 559 2393 2371
591 2343 684 2411 (1³¹).
740 2350 830 2395 Nos
861 2349 1139 2396 contulimus
1165 2350 1308 2413 Paris..
1333 2351 1446 2393 2013
1474 2347 1552 2394 sol.
1587 2349 1684 2390 143ἱίι

155 2414 256 2477 (Pe).
284 2442 356 2452 —
380 2418 410 2476 5
438 2423 462 2462 7
494 2419 602 2479 quid
629 2419 919 2466 scribendum
947 2420 1174 2476 videatur,
1200 2418 1609 2466 demonstravimus
1636 2417 1682 2461 in

153 2488 272 2547 prol.
302 2488 331 2546 S
359 2491 431 2536 29.

262 2561 330 2605 ll.
370 2558 477 2605 Tab.
509 2559 811 2610 neronianam
852 2561 924 2606 VH
968 2560 1242 2607 Letronnius
1283 2554 1340 2619 (p.
1380 2557 1583 2616 59—61)
1630 2571 1684 2603 ex

154 2629 311 2675 iisdem
335 2629 464 2675 libris
492 2629 649 2687 edidit,
675 2631 794 2677 unde
818 2631 872 2677 lV
898 2629 1096 2676 tabulam
1123 2629 1296 2690 petivit.
1335 2628 1425 2675 Nos
1451 2628 1683 2674 Parisinos

153 2702 266 2746 2475
299 2697 379 2747 fol.
408 2695 649 2744 27³¹-—28b
688 2707 734 2745 et
766 2704 879 2746 2438
913 2701 990 2747 sol.
1021 2703 1105 2744 100
1142 2699 1446 2756 contulimus,
1487 2712 1682 2758 quorum

153 2775 318 2827 notae,
358 2777 412 2816 ut
443 2771 531 2816 iam
567 2770 786 2827 diximus,
823 2777 929 2817 sunt
958 2764 1012 2815 Pb
1041 2776 1086 2815 et
1109 2770 1178 2816 ΡΟ.
1241 2769 1303 2815 Ex
1340 2771 1410 2815 his
1446 2769 1681 2814 Letronnii

156 2841 428 2900 scripturam
464 2842 612 2887 minus
636 2848 896 2890 accuratam
929 2841 1172 2901 aliquoties
1209 2840 1557 2886 emendavimus.
1622 2838 1681 2883 De

157 2911 357 2957 eiusdem
388 2911 649 2959 coniectura
673 2907 876 2972 πλέθρα
903 2906 944 2960 ε’
968 2911 1067 2958 vide
1092 2910 1212 2973 prol.
1240 2911 1270 2970 S
1297 2912 1354 2956 30
1381 2910 1482 2957 adn.
1511 2912 1569 2954 1..
