1946 3220
13 156 14 160 ¹
50 114 227 203 ’ζ’[1ῥ4]
514 148 584 180 Ex
619 145 883 181 nnsycmo
920 134 1208 182 nx‘cnsspm.
1518 128 1628 183 323

13 255 62 334 ξὲ
94 258 159 313 τὸ
194 255 412 322 μέτρον,
458 253 567 309 ἀπὸ
615 256 713 309 τοῦ
755 254 821 309 τὰ
860 257 984 319 γυῖα
1024 256 1247 322 μετρεῖν,
1313 255 1398 310 καὶ
1439 256 1625 322 πήχεις

12 325 58 415 ἓ
92 342 246 406 τρεῖς.

13 424 55 516 ἦ
204 438 579 505 Ὀρθόδωρον,
613 438 835 504 μέτρον,
876 439 939 493 τὸ
977 438 1143 504 ὀρθὸν
1176 442 1270 504 τῆς
1304 440 1480 504 χειρὸς
1515 439 1624 495 ἀπὸ

97 522 265 589 ἄκρου
302 525 399 578 τοῦ
436 525 645 588 καρποῦ
682 523 831 588 μέχρι
862 526 960 577 τοῦ
997 525 1275 578 δακτύλου.
1332 523 1383 577 οἱ
1423 526 1480 579 δὲ
1514 541 1625 579 cm-

43 638 50 686 *-
95 608 279 672 θαμήν.
1020 641 1022 643 -
1256 656 1260 664 ,-
1655 608 1684 650 ὅ

206 705 468 771 Οὐδραία,
512 705 691 771 ὑδρία,
736 706 932 772 μέτρον
971 723 1043 770 τι,
1087 707 1321 760 Ἀττικοῦ
1365 709 1626 774 μετρητοῦ

95 789 260 855 ἥμιςυ.

18 951 20 953 ,
204 889 502 954 Παλαιςτή,
536 889 778 955 παλάμη,
816 888 878 943 τὸ
918 888 1187 956 τεττάρων
1226 890 1504 944 δακτύλων
1539 890 1625 955 με’·

97 979 239 1040 τρον.
290 974 374 1027 καὶ
401 974 434 1038 ἡ
462 973 699 1039 ςπιθαμή.

203 1073 495 1127 Παλλάδος
532 1073 854 1139 πρόςωπον,
891 1071 1107 1138 ςτατήρ,
1142 1072 1229 1126 ἐπὶ
1260 1073 1355 1138 μἐν
1382 1073 1506 1127 ἑνὸς
1541 1073 1627 1138 μέ-
1659 1080 1713 1121 10

8 1214 24 1234 τ’
100 1174 229 1222 ρους
256 1157 477 1223 Ἀθηνᾶς
502 1158 826 1224 πρόςωπον,
852 1157 938 1211 ἐπὶ
963 1158 1021 1211 δὲ
1046 1157 1273 1223 θατέρου
1297 1157 1396 1222 τὴν
1423 1160 1629 1220 γλαῦκα

23 1243 26 1307 ᾗ
98 1240 258 1306 ἔχων.

21 1327 29 1338 ”
101 1339 106 1342 ·
204 1326 492 1391 Παντάνα,
519 1325 781 1392 τρυβλίον.

204 1410 592 1476 Παραγάγγας,
619 1409 764 1463 εἶδος
794 1410 988 1475 μέτρου
1012 1410 1289 1476 Περςικοῦ.
1574 1478 1577 1480 q

206 1494 591 1560 Παραςάγγας,
620 1494 765 1548 εἶδος
790 1494 986 1561 μέτρου
1010 1495 1288 1559 Περςικοῦ.
1662 1498 1716 1540 15

205 1593 587 1659 Παραςάγγης,
624 1594 820 1660 μέτρον
858 1592 1022 1657 ὁδοῦ,
1063 1592 1349 1659 τριάκοντα
1390 1592 1632 1646 ςταδίους

8 1734 18 1746 k
100 1677 244 1743 ἔχον.

8 1750 20 1824 Ξ
206 1761 559 1827 Παράςημον,
601 1759 882 1826 ἀδόκιμον,
933 1761 1206 1827 κίβδηλον,
1254 1749 1363 1814 ἀπὸ
1411 1762 1508 1814 τοῦ
1549 1761 1633 1814 καὶ

7 1845 24 1919 {T
39 1870 44 1875 ·
101 1846 438 1912 νομιςμάτων
463 1846 528 1898 τὰ
556 1845 773 1912 κίβδηλα
802 1845 1084 1910 παράςημα
1108 1845 1360 1908 λέγεςθαι.

6 1927 17 1944 ‘
205 1929 548 1996 Παραψίδες,
572 1930 638 1983 τὰ
663 1928 865 1994 μεγάλα
891 1929 1120 1997 τρυβλία.
1662 1932 1719 1975 20

207 2014 461 2079 Πάτανα,
487 2013 719 2080 τρυβλία.

207 2099 415 2166 Παχείᾳ
439 2102 674 2168 δραχμῇ,
700 2098 763 2152 τὸ
790 2097 1103 2164 δίδραχμον·
1129 2096 1342 2162 Ἀχαιοί.

209 2183 485 2248 Πεδανός,
530 2183 812 2248 ταπεινός,
857 2182 1116 2236 πεδεινός.
1180 2183 1212 2248 ἢ
1260 2181 1291 2235 ὁ
1331 2186 1408 2251 τῷ
1452 2180 1633 2248 μάντει

30 2336 34 2338 ῃ
103 2267 384 2333 διδόμενος
409 2267 600 2332 μιςθός.

212 2437 511 2502 Πελάχνιν,
546 2434 794 2502 τρυβλίον
820 2435 1129 2489 ἐκπέταλον.

224 2666 262 2706 6.
293 2660 452 2715 ὑδρεία
483 2662 581 2703 cod.
700 2663 766 2701 12.
799 2658 924 2711 ἔχων
956 2673 1041 2702 om.
1073 2659 1174 2700 eod.
1291 2660 1356 2700 14.
1398 2658 1634 2711 παραγάγ-

110 2745 216 2786 γας,
249 2733 482 2774 insolitam
514 2733 707 2773 formam
736 2734 893 2771 tuetur
923 2730 1030 2771 ordo
1052 2728 1308 2771 litterarum
1425 2729 1490 2770 18.
1522 2727 1630 2782 τοῦ]

111 2802 168 2845 τὸ
203 2804 300 2846 eod.
382 2800 897 2854 19.λέγεςθαιΜει“ηεΙι.,
929 2797 1111 2850 λέγεται
1133 2799 1232 2842 cod.
1349 2801 1416 2840 22.
1452 2799 1633 2851 Ἀχαῖος

18 2862 30 2890 ’-
113 2874 230 2916 coni.
261 2873 448 2915 Meinek.
481 2872 647 2914 Philol.
678 2871 792 2911 X111
822 2885 865 2924 p.
888 2871 991 2921 5503
1023 2869 1143 2910 idem
1174 2866 1343 2924 παχείᾳ
1373 2883 1397 2911 e
1428 2870 1635 2923 proxima

108 2941 271 2997 glossa
302 2942 360 2985 ad
389 2943 511 2986 hunc
541 2943 694 2985 locum
724 2940 985 2994 revocavit,
1017 2936 1184 2993 παχείῃ
1215 2940 1312 2981 cod.

1270 3008 1381 3062 21*

211 2353 493 2416 Πέλανορ,
520 2352 583 2405 τὸ
609 2350 992 2416 τετράχαλκον·
1033 2339 1294 2406 Λάκωνες.
1663 2352 1719 2395 25
1799 2369 1801 2371 ’
