1946 3220
242 587 308 636 84

336 153 437 208 136
856 170 1244 205 PROLEGOMENA
1269 171 1324 204 m

333 299 416 347 per
440 298 489 331 se
512 284 625 331 falsa
651 290 747 342 est,
777 284 990 343 quoniam
1020 296 1098 329 eae
1125 282 1306 329 tabulae
1333 289 1380 329 et
1406 298 1431 330 a
1453 282 1663 330 Nicandri
1695 286 1859 332 carmi-

331 356 466 403 nibus
492 362 538 402 et
562 370 587 400 a
613 353 800 400 scholiis
825 366 981 399 eorum
1005 366 1198 415 prorsus
1221 353 1393 400 alienae
1422 360 1530 400 sunt
1550 350 1600 414 4).

509 507 577 545 De
605 506 736 545 tertia
765 491 1020 546 collectione
1036 506 1274 557 ponderum
1303 510 1346 545 et
1375 518 1674 546 mensurarum.

1844 23 1863 60 41³?

1872 86 1876 91 .
1877 66 1885 70 ¹
1879 56 1883 58 Α

1917 389 1946 412 ζ’,νῖ
1928 362 1946 377 2,
1926 355 1930 357 '
1918 237 1946 350 ὲαῖῗῑῖξ
1944 177 1946 179 ,

444 592 644 637 Vidimus
671 593 767 638 eius
795 591 1078 638 collectionis
1099 606 1234 653 quam
1253 591 1491 639 Galeneam
1510 608 1720 640 vocamus
1747 595 1857 640 alias
1932 616 1938 653 j

328 668 484 723 partes
521 662 622 709 aliis
665 663 711 708 in
752 662 883 708 libris
921 669 1121 708 servatas
1148 676 1270 716 esse;
1307 664 1386 710 sed
1410 664 1597 710 fuerunt
1621 671 1857 725 praeterea
1938 715 1939 721 ἵ

330 734 409 793 qui
444 732 687 779 nonnullas
732 747 786 779 ex
818 734 891 781 his
929 733 1096 779 tabulis
1130 735 1177 779 in
1207 747 1346 779 novas
1389 734 1557 780 formas
1595 735 1857 795 redigerent
1936 733 1946 763 s

329 804 507 864 aliaque
543 818 658 865 quae
698 804 753 849 ad
783 804 829 849 id
864 810 1183 864 argumentum
1217 806 1447 865 pertinere
1481 805 1742 852 viderentur
1773 807 1860 850 im·
1928 842 1940 848 ,-

325 875 585 921 miscerent.
636 873 773 920 Cuius
800 876 866 920 rei
890 874 1172 921 luculentum
1199 875 1452 935 exemplum
1476 876 1663 936 praehet
1688 890 1740 921 ea
1762 875 1858 922 col·
1935 899 1937 901 ·

326 945 464 991 lectio
501 959 616 1005 quae
650 960 675 991 a
709 944 842 991 nobis
891 951 998 1012 post
1045 945 1218 992 tabulas
1264 945 1549 992 Oribasianas
1594 947 1746 1007 posita
1786 952 1858 992 est
1937 962 1946 966 ⁷·

327 1013 404 1075 (fr.
435 1012 650 1077 71-77).
705 1015 812 1062 Nam
840 1031 953 1062 usus
980 1022 1050 1062 est
1079 1017 1278 1077 scriptor
1309 1019 1438 1077 quasi
1463 1017 1756 1063 [undamento
1788 1023 1856 1063 ta·
1942 1032 1944 1034 ’

325 1085 435 1132 bula
459 1086 750 1132 Dioscoridea
775 1085 848 1146 (fr.
874 1086 964 1144 64),
991 1088 1120 1133 cuius
1147 1089 1327 1133 initium
1354 1087 1462 1134 fecit
1486 1101 1594 1134 suae
1624 1086 1870 1133 collectio-
1935 1088 1941 1097 ²

326 1157 398 1202 uls
424 1158 617 1216 primam
649 1164 852 1217 partem,
881 1163 978 1204 tum
1003 1158 1205 1218 pondera
1232 1159 1478 1204 secundum
1509 1164 1646 1218 caput
1670 1158 1856 1203 tertium
1938 1185 1941 1187 —

329 1225 549 1272 Galeneae
585 1227 871 1273 collectionis
908 1235 1179 1288 persecutus
1218 1235 1312 1286 est,
1360 1235 1493 1274 notas
1528 1229 1780 1289 ponderum
1811 1234 1857 1274 et

326 1310 670 1356 mensurarum,
717 1312 832 1359 quae
873 1298 1038 1344 ibidem
1084 1300 1232 1360 capite
1274 1299 1310 1344 ΙΙ
1353 1306 1398 1344 et
1434 1299 1509 1344 VII
1546 1300 1855 1359 reperiuntur,

329 1382 465 1428 quam
491 1368 756 1414 brevissime
795 1371 1063 1430 proposuit,
1100 1369 1319 1415 nonnulla
1347 1383 1371 1415 e
1408 1369 1554 1430 capite
1581 1369 1672 1415 VIII
1706 1383 1856 1415 excer-

327 1439 437 1498 psit,
458 1439 618 1484 deinde
644 1438 844 1499 reliquas
863 1446 1018 1500 partes
1041 1440 1222 1486 tabulae
1248 1441 1566 1486 Dioscorideae
1593 1440 1853 1500 adscripsit,

292 1542 294 1544 .
326 1509 476 1569 iiSque
502 1523 599 1554 eam
625 1509 825 1555 tabulam
853 1525 968 1571 quae
994 1512 1115 1556 inter
1139 1509 1356 1557 Galeneas
1388 1516 1460 1556 est
1482 1510 1654 1556 decima
1685 1506 1758 1573 (fr.
1783 1509 1855 1568 65)

326 1578 529 1624 adiunxit
542 1574 589 1641 ¹).
647 1580 695 1625 ln
729 1579 818 1626 fine
853 1587 1004 1626 autem
1033 1582 1186 1626 nescio
1225 1596 1280 1626 an
1311 1581 1363 1627 ab
1393 1581 1481 1626 alio
1512 1582 1739 1641 scriptore
1780 1581 1855 1626 ad-

326 1648 419 1694 dita
457 1656 527 1695 est
562 1651 675 1696 mira
713 1652 931 1710 quaedam
964 1652 1177 1711 farrago,
1215 1652 1295 1697 ubi
1328 1651 1588 1712 promiscue
1623 1657 1760 1711 atque
1789 1652 1857 1695 in·

325 1720 507 1765 condite
533 1722 656 1767 varia
683 1721 736 1766 de
763 1723 990 1767 mensuris
1019 1722 1296 1783 ponderibus
1322 1723 1518 1767 nummis
1546 1721 1854 1767 Hebraeorum

326 1790 568 1850 compilata
595 1797 703 1836 sunt
737 1798 783 1836 et
809 1806 862 1837 ex
886 1791 1139 1853 Epiphanio
1166 1799 1211 1838 et
1240 1794 1296 1837 iis
1328 1792 1595 1853 fragmentis
1629 1805 1744 1853 quae
1771 1791 1855 1837 sub

323 1860 534 1919 Eusebii,
567 1860 770 1919 Maximi,
796 1862 957 1908 Iuliani
983 1863 1130 1909 titulis
1158 1863 1369 1909 feruntur
1381 1860 1431 1922 ²).

323 2068 348 2116 ἕ
379 2067 420 2108 5.
460 2089 517 2097 —-
558 2069 756 2111 Gronov.
798 2069 854 2110 de
895 2073 1002 2110 sest.
1043 2084 1087 2123 p.
1122 2071 1203 2111 862
1238 2070 1353 2109 citat
1397 2070 1479 2110 sub
1523 2069 1681 2110 eodem
1719 2069 1854 2110 titulo

324 2136 427 2176 cap.
449 2123 564 2165 VIII
585 2126 609 2175 ξ
634 2127 701 2166 14.
725 2125 794 2165 25.
817 2148 873 2155 —
889 2127 1111 2166 Paucton.
1136 2139 1179 2178 p.
1203 2127 1286 2167 235
1319 2126 1454 2166 affert
1487 2139 1587 2179 cap.
1611 2126 1701 2167 VII
1732 2128 1756 2177 ξ
1777 2127 1853 2177 25;

322 2180 445 2220 idem
478 2185 632 2221 autem
661 2195 744 2235 per
777 2195 976 2223 errorem
996 2182 1218 2222 Nicandri
1249 2183 1493 2235 interpreti
1522 2182 1684 2223 tribuit
1711 2183 1855 2224 verba

323 2234 349 2276 ὁ
381 2236 493 2288 χοῦ(
523 2235 617 2288 ἔχει
649 2236 802 2291 μέτρῳ
838 2237 920 2289 μὲν
951 2237 1152 2279 κοτύλας
1200 2237 1414 2279 Ἀττικὰς
1453 2236 1658 2291 δώδεκα,
1697 2237 1855 2281 ξέεταε

322 2290 373 2333 δὲ
403 2291 471 2335 ἕξ;
521 2306 638 2346 quae
668 2295 822 2347 potius
853 2295 1005 2347 petita
1036 2298 1141 2335 sunt
1174 2308 1197 2334 e
1229 2295 1419 2335 tabulae
1452 2294 1611 2348 Cleop.
1643 2296 1667 2344 ἓ
1698 2297 1767 2335 27.
1799 2317 1854 2324 -

322 2347 628 2403 Du-Cangius
668 2352 717 2390 in
755 2351 930 2391 Lexico
970 2351 1052 2391 sub
1093 2349 1303 2401 ετάγιοντ
1354 2351 1590 2404 Eoeposz‘tz'o
1616 2353 1855 2404 ponderum

323 2410 366 2445 et
394 2419 682 2447 mensurarum
720 2406 910 2448 subiecta
948 2407 1169 2448 Nicandro
1209 2408 1413 2448 Gorraez':
1462 2401 1514 2447 τὸ
1546 2401 1777 2458 οἷσσοίριον
1809 2411 1854 2448 et

324 2464 414 2501 cet.
457 2476 573 2516 quae
613 2476 714 2517 cap.
747 2463 838 2505 VII
868 2465 892 2513 ἓ
923 2465 949 2504 6
979 2463 1209 2517 leguntur.
1269 2464 1398 2504 Idem
1438 2465 1520 2504 sub
1560 2461 1751 2505 κοκκίον
1783 2464 1854 2504 af-

324 2516 416 2557 fert
444 2518 628 2559 initium
660 2533 761 2573 cap.
792 2520 894 2560 VII.

435 2574 479 2623 4)
509 2575 627 2616 Vide
661 2589 717 2617 ea
749 2589 866 2629 quae
898 2589 1036 2630 supra
1066 2577 1091 2627 ἓ
1111 2577 1168 2616 44
1191 2589 1214 2616 e
1235 2577 1467 2618 Nicandro
1502 2578 1689 2630 eiusque
1721 2576 1851 2617 scho-

323 2627 401 2667 liis
434 2629 580 2670 allata
610 2636 730 2673 sunt.

438 2684 480 2736 1)
513 2685 707 2739 Singula
737 2689 806 2728 ita
835 2690 958 2729 inter
987 2702 1035 2729 se
1058 2689 1358 2742 respondent:
1392 2689 1447 2729 fr.
1474 2690 1524 2729 71
1546 2703 1603 2724 z:
1623 2690 1691 2740 64,
1716 2690 1854 2741 2—83

324 2738 380 2780 fr.
412 2741 465 2780 72
497 2742 644 2782 simile
677 2744 938 2797 fragmento
971 2747 1046 2796 533
1094 2747 1150 2786 fr.
1185 2748 1237 2786 73
1268 2746 1317 2785 in
1347 2745 1532 2785 brevius
1565 2747 1852 2785 contractum

325 2807 350 2835 e
380 2794 438 2893 {g
473 2797 524 2892 5f2
558 2799 708 2894 2:65ss3
739 2801 796 2840 fr.
829 2803 884 2842 74
917 2806 1181 2856 excerptum
1213 2814 1236 2841 e
1269 2801 1323 2843 fr.
1357 2802 1432 2852 583
1466 2801 1521 2842 fr.
1555 2803 1608 2843 75
1636 2816 1694 2837 z:
1723 2802 1792 2852 64,
1825 2802 1850 2842 9

321 2873 379 2881 ν·-
446 2866 456 2901 ;
511 2866 544 2892 r.
660 2870 717 2888 =
746 2857 815 2896 65.

437 2906 480 2958 2)
510 2909 643 2949 Haec
674 2910 942 2954 brevissime
974 2915 1042 2954 sic
1073 2926 1347 2967 proponam:
1380 2913 1434 2954 fr.
1470 2915 1522 2954 77
1554 2915 1577 2964 ξ
1611 2915 1633 2953 1
1654 2926 1713 2950 :⁸
1732 2913 1799 2963 88,
1824 2912 1850 2953 5

321 2961 596 3017 κοδράντης.
626 2985 683 2996 ·-
712 2967 736 3016 ξ
769 2969 793 3007 2
826 2970 1017 3010 artabae
1049 2970 1254 3011 definitio
1287 2970 1527 3023 desumpta
1561 2983 1616 3011 ex
1645 2969 1850 3022 Epipha-
