1946 3220
339 156 440 209 126
850 169 1247 206 Pnomeommm
1271 170 1329 204 m

441 286 677 332 Praeterea
717 283 970 330 afferuntur
1001 276 1340 344 ἡμιώβολον,
1376 281 1558 330 dimidia
1592 282 1716 330 oboli
1749 299 1859 345 pars
1917 258 1942 337 4ς·Ἰ

336 353 414 418 (9),
442 351 631 414 ετατήρ
659 355 751 400 sive
776 347 1174 414 τετράδραχμον
1195 351 1303 412 (14),
1334 351 1659 400 Ptolemaicum
1684 355 1859 401 scilicet
1936 355 1942 358 “

337 426 469 487 (prol.
494 426 523 484 S
551 423 638 483 72).
697 425 808 469 Tum
834 424 1004 469 nummi
1031 424 1184 482 aenei,
1223 423 1301 483 qui
1326 437 1350 469 a
1373 423 1584 470 Romanis
1611 426 1858 486 imperato·

335 497 461 542 ribus
488 495 658 555 signari
684 493 893 540 solebant
920 490 967 556 (S
992 493 1065 554 59)
1097 493 1247 553 extr.),
1289 493 1409 541 hunc
1438 494 1483 540 in
1507 494 1691 541 modum
1717 495 1861 557 expli·

334 572 519 613 cantur:

407 636 581 682 unciam
610 635 761 681 vocari
789 628 1143 695 τετράεεαρον
1171 628 1420 683 Ἰταλικόν
1451 634 1527 696 (3),

405 700 717 754 διπούντιον
734 741 747 764 ,
774 706 802 751 i.
832 718 868 750 e.
898 705 1193 766 dupondium,
1215 704 1270 750 IV
1287 705 1520 752 drachmas
1537 705 1734 767 pendere
1748 705 1857 766 (15),

403 770 653 836 ἀεεάριον
680 775 845 822 habere
874 776 910 821 11
937 775 1171 822 drachmas
1201 772 1304 837 (18).

332 847 583 893 Admodum
617 845 910 892 memorabile
937 847 1022 893 hoc
1048 846 1250 904 videtur,
1289 845 1412 906 quod
1447 847 1647 893 Atticum
1685 846 1859 894 hemio-

331 917 487 964 holum
512 911 698 977 ἑτέρου
724 912 1029 978 ἡμιωβόλου
1058 911 1281 976 τέεεαρα
1307 911 1521 977 πέμπτα
1556 917 1723 963 habere
1748 917 1859 964 diei-

334 995 408 1035 tur
437 984 541 1049 (11).
598 987 684 1034 Sed
717 1002 769 1035 ea
807 1002 879 1034 res
923 987 1031 1048 quid
1066 986 1320 1048 significet,
1357 988 1402 1032 in
1436 993 1653 1048 promptu
1691 993 1763 1034 est
1792 987 1858 1033 di·

332 1071 448 1104 cere.
521 1057 628 1105 Nam
677 1073 778 1105 cum
813 1053 845 1118 ἡ
881 1052 1079 1117 Ἀττικὴ
1117 1054 1220 1117 μνᾶ
1251 1057 1525 1104 Ptolemaica
1561 1058 1638 1104 illa
1683 1071 1797 1119 quae
1832 1071 1857 1104 e

331 1128 515 1174 denario
544 1127 743 1175 Romano
768 1129 1001 1175 aestimata
1021 1135 1090 1175 est
1110 1127 1403 1188 intellegatur
1422 1128 1468 1188 (S
1484 1131 1538 1174 67
1549 1128 1699 1188 extr.),
1721 1129 1857 1175 etiam

330 1194 563 1248 Ἀττικὸν
606 1194 913 1260 ἡμιώβολον
972 1199 1126 1246 eadem
1179 1198 1357 1245 ratione
1409 1199 1718 1260 accipiendum
1771 1205 1858 1244 est.
1886 1206 1890 1209 ’

330 1265 550 1330 Ἕτερον
585 1276 736 1316 autem
761 1283 861 1316 esse
896 1271 1084 1330 proprie
1120 1271 1318 1315 Atticum
1353 1269 1546 1316 dilucide
1581 1260 1858 1330 perspicitur

331 1353 384 1386 ex
408 1340 641 1400 proximae
668 1340 848 1386 tabulae
875 1340 1005 1387 initio
1033 1339 1128 1400 (XI,
1155 1339 1221 1400 1):
1257 1334 1290 1399 ἡ
1320 1338 1424 1400 μνᾶ
1458 1334 1491 1400 ἡ
1519 1335 1717 1400 Ἀττικὴ
1748 1334 1857 1399 ἔχει

331 1406 372 1458 Ιῗ
398 1405 545 1471 ιβ’Ξ,
584 1406 617 1470 ἡ
652 1407 711 1458 δὲ
740 1405 932 1471 ἑτέρα
967 1407 1007 1459 [ἵ
1044 1404 1122 1465 ις’.
1185 1410 1290 1456 Inde
1323 1412 1411 1456 iam
1451 1409 1674 1469 efficitur,
1720 1416 1773 1456 ut
1810 1410 1856 1456 id

330 1480 640 1527 hemiobolum
678 1481 799 1542 quod
836 1477 1070 1530 Ἀττικὸν
1109 1481 1275 1527 dicitur
1311 1480 1497 1527 alterius
1533 1480 1696 1527 habeat
1727 1486 1857 1541 quat-

332 1558 438 1597 tuor
462 1551 557 1597 sere
584 1553 764 1612 quintas
792 1558 947 1612 partes
961 1547 1009 1612 1).
1061 1552 1179 1597 Idem
1212 1558 1361 1597 autem
1399 1551 1623 1612 expressit
1658 1553 1857 1612 scriptor

331 1620 520 1667 alterius
547 1620 830 1669 collectionis
857 1621 1181 1682 Cleopatranae
1207 1621 1279 1681 (fr.
1311 1624 1391 1680 79,
1420 1622 1463 1682 2)
1497 1622 1569 1667 his
1604 1621 1782 1668 verbis:
1824 1614 1855 1670 ὁ

330 1688 564 1750 χαλκοῦ(
590 1688 649 1739 δὲ
674 1683 728 1740 ε”
752 1688 985 1741 Ἀττικοῦ
1010 1687 1350 1753 ἡμιωβολίου.

433 1761 651 1816 Quoniam
676 1763 873 1809 dubitari
898 1765 1074 1824 nequit,
1107 1764 1217 1823 quin
1242 1769 1287 1808 et
1313 1759 1514 1823 Ἀττικὴ
1543 1759 1646 1822 μνᾶ
1674 1769 1720 1807 et
1744 1758 1855 1811 Ἀτ-

327 1828 474 1881 τικόν
499 1828 805 1894 ἡμιώβολον
837 1834 880 1879 in
906 1834 990 1880 hac
1016 1834 1165 1879 tabula
1191 1833 1324 1894 plane
1350 1834 1404 1880 ad
1431 1834 1602 1879 denarii
1633 1834 1856 1879 rationem

330 1909 561 1964 spectent,
601 1918 740 1964 porro
772 1904 969 1951 efficitur
1002 1904 1213 1951 drachma
1252 1904 1385 1950 etiam
1418 1904 1497 1950 illa
1521 1903 1696 1963 Attica,
1726 1904 1855 1950 cuius

331 1980 456 2019 sexta
481 1988 586 2034 pars
612 1975 836 2035 Aegyptia
859 1975 1071 2022 drachma
1102 1988 1200 2020 esse
1225 1975 1392 2020 dicitur
1417 1973 1506 2034 (6),
1542 1975 1689 2035 ipsum
1721 1975 1855 2020 dena-

327 2044 445 2089 rium
478 2043 738 2103 significari.
796 2046 886 2091 Iam
913 2051 1197 2105 compertum
1225 2044 1440 2090 habemus
1467 2045 1723 2090 drachmam
1749 2045 1855 2090 Pto-

327 2112 559 2160 lemaicam
595 2115 698 2160 inde
736 2129 760 2161 a
800 2115 981 2161 Tiberio
1017 2117 1291 2175 imperatore
1330 2121 1491 2175 quarta
1518 2115 1688 2161 denarii
1723 2120 1855 2176 parte

328 2184 610 2230 aestimatam
640 2198 741 2230 esse
767 2184 815 2245 (S
845 2190 914 2230 72.
939 2184 1027 2245 99).
1089 2183 1203 2240 Quid
1233 2199 1339 2231 vero
1374 2199 1426 2231 ex
1462 2185 1549 2232 hoc
1590 2185 1691 2232 loco
1725 2184 1855 2231 colli-

327 2254 509 2314 gimus?
559 2254 806 2313 Nimirum,
850 2256 894 2301 id
935 2255 1058 2316 quod
1095 2256 1410 2315 gravissimum
1449 2262 1547 2314 est,
1593 2256 1854 2316 posteriore

328 2331 475 2371 aetate
511 2325 695 2371 eandem
728 2325 1048 2372 Ptolemaicam
1093 2326 1376 2385 drachmam,
1426 2339 1540 2387 quae
1583 2326 1765 2387 quidem
1798 2324 1854 2372 ab

327 2394 416 2442 hoc
445 2401 629 2442 auctore
656 2389 973 2456 Αἰγυπτιακή
1000 2403 1214 2455 vocatur,
1252 2397 1306 2443 ad
1344 2403 1514 2443 sextam
1549 2397 1721 2443 denarii
1750 2411 1855 2458 par·

328 2471 417 2511 tem
443 2466 666 2513 redactam
693 2465 854 2526 esse2).
903 2468 1012 2514 Tum
1050 2468 1193 2528 igitur
1224 2481 1316 2514 non
1348 2467 1379 2514 C
1411 2467 1674 2528 Aegyptiae*
1695 2467 1854 2514 drach-

328 2548 452 2593 mae,
481 2537 558 2583 sed
586 2536 651 2583 CL
678 2537 882 2596 demum,
911 2538 1036 2584 aurei
1062 2538 1251 2584 Romani
1277 2540 1476 2600 pretium
1503 2537 1768 2599 aequabant.

443 2683 485 2737 1)
527 2685 660 2728 Conf.
705 2687 872 2731 Christ,
914 2702 958 2743 p.
999 2691 1053 2731 62
1094 2703 1130 2733 s,
1187 2690 1367 2730 Exacta
1417 2689 1538 2730 ratio
1586 2687 1704 2729 haec
1757 2691 1849 2729 est:

327 2740 450 2780 Vera
488 2741 646 2783 Attica.
683 2745 808 2785 mina
845 2746 988 2787 habet
1025 2746 1188 2786 uncias
1220 2746 1294 2796 16,
1329 2748 1376 2786 et
1407 2758 1463 2786 ea
1503 2757 1619 2798 quae
1662 2742 1849 2797 Ἀττική

329 2795 497 2836 dicitur
527 2799 688 2838 uncias
724 2800 824 2854 1233
868 2815 975 2856 ergo
1013 2803 1178 2855 prioris
1217 2802 1369 2842 minae
1401 2800 1664 2842 hemiobola
1694 2802 1749 2842 25
1779 2801 1849 2842 fa-

329 2853 459 2893 ciunt
490 2852 678 2894 alterius
709 2855 970 2899 hemiobola
1000 2861 1067 2899 32.
1118 2860 1207 2899 Pro
1240 2858 1403 2912 quibus
1434 2858 1632 2912 scriptor
1660 2856 1848 2899 tabulae

327 2908 475 2949 minus
507 2914 725 2951 accurate
755 2913 783 2951 4
815 2916 861 2953 et
891 2915 916 2954 5
948 2915 1243 2968 computavit.

441 2963 485 3017 2)
517 2965 616 3006 Non
648 2978 717 3007 me
751 2967 870 3021 fugit
908 2971 1175 3023 scriptorem
1214 2969 1404 3012 tabulae
1439 2969 1606 3011 addere
1639 2967 1850 3021 ἄγουεα
