1946 3220
327 125 397 177 26
858 135 1244 172 PROLEGOMENA
1266 136 1321 170 m

329 255 579 314 legitimum
617 254 747 312 eique
771 249 1042 296 Plolemaico
1075 262 1237 294 nomen
1273 243 1477 307 suisse5).
1524 249 1721 307 Denique
1747 262 1847 299 cum
1911 243 1916 247 ’

329 339 417 372 non
453 324 594 369 multo
622 328 728 382 post
754 321 887 365 etiam
913 319 1147 378 Aegyptus
1172 319 1217 363 in
1245 318 1503 379 provinciae
1530 318 1719 364 sormam
1749 319 1850 365 red-
1922 341 1927 344 ·

329 402 429 442 acta
453 400 572 439 esset
597 392 748 450 ibique
776 389 927 435 eadem
953 388 1080 448 pedis
1105 402 1316 434 mensura
1341 394 1477 449 atque
1504 380 1613 434 olim
1639 390 1684 434 in
1709 388 1848 434 Attali

328 477 486 522 regno,
520 462 598 508 sed
624 461 796 505 diversa
823 473 847 505 a
875 458 1150 504 Ptolemaiou
1177 458 1495 519 Cyrenensium
1522 459 1652 519 pede,
1676 460 1850 519 reperi·-

329 540 479 590 retur‚
525 545 612 590 quo
656 529 836 574 tandem
881 528 970 574 alio
1024 531 1204 574 nomine
1251 529 1335 574 nisi
1371 527 1642 575 Philetaerei
1688 529 1848 589 pedem

325 601 597 661 Aegyptium
621 600 846 645 Romanos
872 597 1125 658 appellasse
1154 599 1419 645 censemus?
1458 601 1569 644 Tum
1596 599 1736 659 igitur
1762 599 1849 644 Ro·

325 671 468 717 manis
507 669 767 716 auctoribus
797 667 1065 714 Ptolemaica
1098 682 1310 714 mensura
1342 668 1646 714 Philetaereae
1685 681 1849 714 nomen

327 741 548 798 obtinuit,
585 754 670 786 nec
708 742 794 785 iam
830 739 989 784 mirum
1029 746 1098 784 est
1136 739 1180 783 in
1217 738 1395 784 tabulas
1434 738 1712 784 Heronianas
1751 752 1848 784 eam

326 810 676 872 appellationem
735 809 997 854 translatam
1041 822 1155 854 esse.
1240 809 1346 854 Nam
1394 810 1581 869 primam
1633 808 1848 866 tabulam,

327 895 460 941 quam
487 880 836 926 vetustissimam
863 893 963 924 esse
990 879 1206 937 diximus⁷
1239 881 1486 926 inveterata
1504 879 1599 936 ‚iam
1628 879 1850 924 Romano·

326 965 426 996 rum
461 957 687 1011 potestate
724 952 769 994 in
792 951 1000 1009 Aegypto
1037 950 1249 1009 scriptam
1276 963 1376 995 esse
1410 962 1483 995 res
1509 951 1606 1009 ipsa
1635 949 1846 994 declarat.

324 1021 438 1067 Hinc
464 1022 598 1067 etiam
623 1021 678 1065 de
702 1020 872 1079 Didymi
896 1025 1042 1065 aetate
1067 1019 1190 1064 illius
1218 1019 1294 1079 qui
1329 1019 1384 1065 de
1410 1021 1633 1064 mensuris
1658 1033 1852 1064 marmo-

325 1105 424 1136 rum
459 1098 504 1137 et
541 1091 770 1150 lignorum
803 1091 987 1150 scripsit
1025 1086 1071 1147 (S
1098 1088 1168 1149 14)
1198 1091 1503 1135 coniecturam
1539 1089 1687 1134 facere
1726 1089 1848 1142 licet.

326 1160 367 1206 ls
394 1162 511 1206 enim
546 1174 628 1206 nec
651 1159 978 1205 Philetaereum
1004 1159 1161 1220 pedem
1196 1159 1375 1205 novisse
1402 1159 1606 1216 videtur⁷
1642 1159 1720 1205 sed
1744 1173 1850 1219 pro-

325 1232 423 1290 pria
449 1229 749 1290 appellatione
767 1230 1029 1276 Ptolemaici
1048 1245 1159 1276 usus
1185 1237 1270 1286 est,
1297 1244 1381 1276 nee
1400 1230 1648 1275 Romanum
1673 1229 1848 1289 pedem,

325 1307 376 1345 ut
416 1301 456 1345 in
489 1298 639 1345 tabula
666 1300 919 1346 Heroniana
943 1299 1142 1360 legitur,
1178 1295 1456 1357 Ἰταλικόν,
1493 1300 1571 1345 sed
1595 1299 1848 1345 accuratius

324 1365 617 1428 Ῥωμαϊκόν
653 1370 775 1416 dicit.
830 1371 950 1430 Ergo
980 1384 1062 1416 nec
1086 1369 1231 1415 multo
1258 1377 1419 1430 postea
1455 1383 1588 1430 quam
1611 1371 1848 1430 Aegyptus

325 1441 556 1500 provincia
593 1440 709 1486 facta
747 1447 818 1485 est
849 1448 895 1485 et
931 1447 1033 1486 ante
1064 1447 1295 1486 auctorem
1333 1440 1616 1486 Heronianae
1654 1440 1847 1496 tabulae,

325 1509 456 1555 initio
487 1510 621 1570 primi
658 1516 765 1569 post
798 1509 900 1555 Chr.
929 1525 973 1555 n.
1005 1510 1174 1567 seculi⁷
1220 1524 1322 1556 eum
1351 1511 1514 1556 vixisse
1550 1510 1847 1570 suspicamur.

324 1579 414 1624 Nec
441 1586 587 1625 tamen
617 1580 760 1625 multo
791 1587 898 1641 post
923 1580 991 1626 vel
1018 1581 1166 1640 primo
1194 1581 1372 1627 saeculo
1400 1580 1469 1626 vel
1500 1581 1630 1627 initio
1663 1580 1848 1626 secundi

325 1648 654 1696 Philetaereum
699 1650 857 1710 pedem
895 1653 939 1696 in
980 1650 1258 1697 Heronianas
1307 1651 1481 1697 tabulas
1523 1650 1701 1696 illatum
1748 1663 1848 1696 esse

326 1715 690 1779 existimamusss).
747 1720 843 1767 Hoc
879 1721 1020 1780 igitur
1056 1727 1261 1781 tempore
1297 1722 1441 1781 prima
1481 1721 1632 1767 tabula
1679 1722 1848 1780 scripta

326 1802 426 1834 esse
455 1789 653 1849 videtur,
681 1804 813 1849 quam
839 1797 998 1851 postea
1029 1793 1256 1837 recentior
1283 1791 1461 1851 quidam
1492 1797 1653 1837 auctor
1682 1803 1849 1850 appen-

326 1858 436 1904 dicis
470 1859 571 1905 loco
608 1860 661 1905 ad
699 1861 995 1920 geometriam
1022 1861 1318 1907 Heronianam
1346 1875 1426 1906 sua
1459 1875 1593 1907 manu
1617 1862 1661 1906 in
1688 1874 1847 1906 novam

325 1928 514 1974 sormam
539 1929 761 1985 redactam
793 1931 1047 1991 adscripsit.

803 2082 867 2121 De
896 2081 1123 2134 Aeyyplz'z‘s
1151 2083 1366 2122 mensuris.

219 2158 299 2219 '17
431 2163 552 2218 Quae
588 2173 822 2224 praeterea
863 2167 917 2212 de
959 2168 1183 2213 mensuris
1225 2170 1396 2228 primae
1447 2167 1623 2213 tabulae
1661 2167 1846 2212 dicenda

326 2240 455 2290 sunt,
485 2247 534 2279 ea
563 2249 695 2294 quam
724 2236 986 2282 brevissima
1014 2239 1296 2297 expositione
1321 2237 1686 2298 complectemur.

431 2303 532 2349 Tria
573 2304 632 2349 ibi
671 2319 981 2352 mensurarum
1019 2321 1183 2367 genera
1227 2308 1419 2368 reperiri
1458 2321 1593 2367 supra
1637 2307 1846 2364 diximuS‚

437 2482 478 2532 5)
513 2483 681 2535 Hygin.
714 2484 768 2524 de
801 2485 979 2525 condic.
1012 2498 1107 2538 agr.
1140 2499 1182 2538 p.
1216 2487 1295 2526 123
1327 2486 1396 2525 ed.
1428 2485 1713 2526 Lachmann.

438 2538 479 2585 6)
511 2538 636 2578 Idem
675 2539 729 2578 de
771 2544 925 2581 aetate
967 2541 1198 2581 secundae
1229 2542 1416 2582 tabulae
1447 2542 1745 2582 Heronianae
1777 2541 1845 2580 iu-

327 2589 486 2654 dicant
514 2593 772 2635 Boeekhius
804 2610 845 2648 p.
881 2599 933 2636 10
966 2601 1010 2636 et
1039 2598 1264 2638 Martinus
1297 2611 1339 2650 p.
1374 2599 1477 2647 2043
1510 2610 1595 2637 nec
1625 2609 1733 2637 vero
1766 2609 1846 2649 op-

328 2658 436 2697 pom
468 2651 639 2698 potest,
682 2651 798 2701 quod
828 2652 1056 2692 vocabula
1087 2652 1412 2702 (κουτλώεειε,
1447 2650 1735 2704 ετροφίολοι,
1768 2663 1846 2693 κυ-

328 2699 486 2750 μάτια,
519 2714 630 2753 quae
663 2705 792 2746 initio
826 2708 921 2747 eius
954 2708 1142 2748 tabulae
1175 2708 1215 2759 (ἓ
1237 2709 1280 2761 3)
1313 2709 1544 2760 leguntur,
1577 2709 1845 2760 posterioris

330 2755 609 2819 Graecitatis
648 2764 765 2799 sunt.
825 2763 939 2802 Nam
979 2764 1097 2804 haec
1138 2765 1194 2804 ab
1236 2778 1288 2805 eo
1331 2765 1405 2816 qui
1436 2765 1666 2804 recentius
1697 2764 1845 2803 Hero-

326 2823 509 2850 manum
542 2826 651 2864 opus
685 2815 886 2856 confecit
919 2819 1074 2860 addita
1108 2823 1226 2871 sunt,
1260 2823 1416 2860 cetera
1478 2823 1599 2859 utem
1632 2821 1731 2860 sine
1763 2819 1843 2859 du—

326 2866 493 2961 Μοῖρά
525 2869 771 2962 stecuudum
804 2871 876 2911 vel
910 2874 1046 2914 etiam
1077 2876 1269 2927 primum
1290 2879 1393 2928 post
1452 2874 1519 2916 hr.
1541 2888 1583 2916 n.
1607 2874 1844 2916 saeculum

326 2933 407 2973 per
430 2935 532 2962 men
558 2955 567 2964 .
