1946 3220
274 140 379 192 218
666 155 987 192 FRAGMENTA
1026 156 1096 190 Dm
1133 156 1393 192 MENsmus
1612 141 1702 210 [50.
1721 118 1884 211 5113

392 266 477 321 50.
538 265 772 316 Indidem
805 265 901 330 (Ch.
929 267 1065 327 XIII,
1096 271 1201 317 819.
1252 269 1307 315 K.
1332 269 1468 329 XIII,
1497 272 1589 318 910
1618 268 1688 336 s.).

382 367 652 420 *Ἅπαντα
677 363 735 414 δὲ
760 362 845 414 διὰ
871 364 1123 428 δραχμῶν
1146 363 1359 429 γράψας
1387 363 1417 416 ὁ
1445 365 1806 430 Ἀνδρόμἄχος
1886 336 1922 405 es-

275 451 341 503 τὰ
366 449 616 515 φάρμακα
640 446 859 500 κάλλιον
897 446 962 500 ἂν
997 446 1302 513 ἐπεποιήκει
1337 449 1469 502 κατὰ
1506 450 1603 515 τὴν
1639 449 1805 515 αὐτὴν

277 532 587 597 ευμμετρίαν
613 529 695 583 καὶ
719 532 816 583 τοῦ
843 529 1024 583 ἐλαίου
1050 535 1419 597 μνημονεῦεαι,
1447 532 1522 586 u‘uc
1548 533 1717 588 ἕλκειν
1742 532 1805 588 τὸ
1895 524 1914 551 '³'

219 629 246 667 5
277 616 610 683 βαλλόμενον
637 615 873 679 δραχμὰς
898 615 1141 668 τοεάεδε·
1166 616 1198 680 ἢ
1219 616 1262 669 εἰ
1287 618 1353 682 μὴ
1381 620 1560 681 τοῦτο,
1588 617 1806 671 πάντως

273 703 409 764 γοῦν
434 701 596 765 ἐχρῆν
622 699 787 753 αὐτὸν
802 702 894 764 τῆς
915 699 1208 764 Ῥωμαϊκῆς
1232 700 1411 765 λίτρας
1436 703 1805 766 μνημονεῦσαι.

275 786 395 838 νυνὶ
419 785 478 837 δὲ
503 784 732 849 κοτύλην
757 783 972 850 γράφει,
998 784 1095 848 τὴν
1122 784 1314 850 ευνήθη
1342 786 1463 850 περὶ
1489 789 1585 839 τοῦ
1611 786 1805 850 μέτρου

187 889 251 923 911
276 869 473 922 τούτου
507 869 815 922 καταλιπὼν
852 868 974 933 ἡμῖν
1011 867 1360 934 ἀμφιβολίαν,
1402 869 1502 938 εἴτζ
1527 870 1686 924 ἐννέα
1719 886 1805 934 με-

275 956 468 1019 τρικῶν
507 952 740 1015 οὐγγιῶν
778 951 883 1005 εἴτε
919 952 1128 1005 δώδεκα
1164 953 1410 1018 βούλεται
1442 954 1541 1019 τὴν
1576 953 1806 1020 κοτύλην

190 1046 246 1086 10
277 1037 427 1092 εἶναι.
482 1037 613 1091 κατὰ
651 1037 711 1089 δὲ
744 1037 842 1101 τὴν
874 1036 1003 1101 ἐμὴν
1039 1037 1258 1102 γνώμην
1290 1037 1323 1102 ἡ
1357 1038 1452 1102 μέν
1481 1037 1654 1091 τελεία
1687 1053 1807 1103 ευμ-

276 1120 456 1188 μετρία
480 1121 574 1174 τὰς
603 1122 643 1174 [δ’
669 1116 714 1179 ς’
742 1123 839 1172 τοῦ
868 1123 1095 1184 εταθμοῦ
1131 1122 1474 1187 λαμβανέτω,
1509 1122 1595 1174 διὰ
1621 1122 1682 1174 τὸ
1708 1122 1806 1187 τὴν

273 1207 570 1271 Ῥωμαϊκὴν
593 1203 772 1268 λίτραν
794 1200 1105 1270 ἕλκεινῐΐιβ’.
1131 1205 1263 1258 κατὰ
1282 1206 1342 1258 δὲ
1363 1205 1425 1258 τὸ
1452 1203 1511 1257 δ”
1534 1206 1601 1261 ἂν
1623 1206 1807 1260 εκευά-

276 1306 382 1360 ene,
425 1288 649 1353 εὔδηλοε
676 1287 709 1353 ἡ
737 1287 1012 1351 ἀναλογία.
1075 1288 1304 1354 εὔδηλον
1339 1290 1399 1342 δὲ
1431 1290 1515 1342 καὶ
1551 1289 1647 1344 ἐὰν
1680 1293 1809 1355 δρα-

274 1375 409 1441 χμὰε
436 1372 557 1442 εἴπῃ
582 1389 658 1427 τιε
684 1372 758 1426 εἰς
775 1373 872 1438 τὴν
893 1372 1099 1427 τελείαν
1126 1373 1436 1438 ευμμετρίαν
1456 1374 1806 1439 λαμβάνεεθαι

193 1464 246 1506 15
275 1457 364 1512 υπ’
387 1459 474 1512 διὰ
503 1459 566 1511 τὸ
602 1457 698 1522 τὴν
731 1458 1007 1522 εταθμικὴν
1034 1456 1256 1521 οὐγγίαν
1283 1455 1332 1522 η’
1357 1457 1595 1523 δραχμὰς
1619 1457 1806 1512 ἕλκειν.

274 1612 498 1666 51-66,
528 1611 773 1664 Collectio
796 1611 858 1661 de
876 1613 1132 1664 mensuris
1151 1618 1200 1663 et
1218 1612 1536 1678 ponderibus
1556 1608 1804 1664 Galenea.

805 1695 944 1750 (Vide
974 1695 1089 1750 prol.
1122 1698 1145 1747 ξ
1175 1696 1267 1749 49.)

275 1807 499 1861 51-55,
551 1807 729 1859 Prima
762 1808 1019 1874 expositio
1046 1807 1110 1857 de
1135 1807 1450 1859 medicorum
1480 1808 1808 1875 ponderibus

855 1894 920 1928 ac
951 1894 1223 1929 mensuris.

190 1968 247 2008 20
747 1961 881 2016 (Vide
912 1962 1029 2017 prol.
1061 1964 1084 2014 ἕ
1116 1963 1322 2018 50—53.)

194 2048 301 2124 ‘4712211
314 2047 574 2116 [Γαλήνου
601 2049 698 2100 τοῦ
725 2045 1045 2112 εοφωτάτου
1071 2048 1193 2110 περὶ
1218 2047 1426 2111 μέτρων
1451 2046 1535 2098 καὶ
1561 2047 1804 2111 εταθμῶν

205 2153 211 2158 ’
868 2130 1207 2197 διδασκαλία]

864 2241 929 2293 51
973 2242 1117 2308 (cap.
1157 2240 1230 2311 I).

277 2342 338 2395 Τί
364 2341 394 2395 ὁ
422 2340 662 2407 εταθμόε,
687 2340 734 2393 τί
758 2340 821 2393 τὸ
847 2338 1040 2405 μέτρον
1065 2340 1148 2392 καὶ
1174 2339 1496 2406 ἀμφοτέρων
1522 2341 1804 2407 διαφοραί;

194 2442 249 2483 ‘25
381 2441 439 2493 ‘O
479 2439 702 2504 εταθμόε
744 2438 889 2506 βάρει
935 2438 1292 2503 μετρούμενος
1333 2437 1585 2505 κρίνεται,
1638 2438 1700 2492 τὸ
1746 2439 1840 2492 δὲ·

279 2525 472 2588 μέτρον
513 2524 729 2587 ἀγγείου
772 2522 1171 2588 κοιλότητι·-Ᾰτό
1218 2524 1277 2576 δὲ
1319 2522 1535 2586 ἀγγεῖον
1573 2523 1604 2587 ἢ
1642 2523 1804 2588 Ξηροῦ

394 2667 463 2706 21.
493 2667 578 2705 τοῦ
611 2663 893 2717 εοφωτάτου
924 2678 1010 2707 om.
1041 2666 1104 2712 Sc,
1151 2664 1237 2706 τοῦ
1269 2662 1553 2715 (οφωτάτου
1585 2662 1806 2717 ((οφοτά-

280 2744 366 2774 του
399 2732 503 2784 ΑΒ)
535 2738 638 2787 post
667 2732 929 2776 διδαεκαλία
958 2734 1133 2776 habent
1163 2734 1319 2776 NeAB
1441 2735 1509 2774 22.
1541 2731 1806 2775 διδαεκαλία

280 2816 367 2844 om.
400 2803 449 2843 St
581 2805 649 2846 23.
690 2802 952 2855 Κεφάλαιον
982 2798 1024 2846 α’
1058 2805 1116 2846 Gk
1245 2805 1314 2845 24.
1353 2803 1474 2845 hunc
1504 2803 1687 2844 titulum
1718 2816 1803 2845 om.

286 2870 399 2912 NeSt
514 2872 582 2914 25.
616 2871 695 2922 μὲν
726 2878 828 2924 post
858 2872 908 2915 ‘O
944 2875 1046 2916 add.
1080 2874 1145 2915 Ne
1252 2872 1456 2923 εταθμὸν
1487 2874 1527 2913 Α
1644 2873 1713 2913 26.
1745 2870 1804 2913 τὸ

280 2939 331 2982 δὲ
360 2939 548 2991 ἀγγεῖον
579 2954 664 2982 om.
698 2941 849 2984 ABNe
921 2940 925 2945 ”
964 2944 992 2995 ἢ
1027 2957 1113 2985 om.
1146 2943 1195 2984 Sc
1322 2963 1325 2965 ·
