1946 3220
326 157 430 210 206
731 170 1045 206 FRAGMENTA
1081 169 1150 202 DE
1189 168 1446 203 MENSURIS
1749 152 1849 221 [28]
1896 133 1905 158 ἴ

375 781 491 842 ΠΙ.
574 780 964 861 Fragmenta
1011 778 1088 839 de
1133 780 1446 842 mensuris
1496 781 1669 843 cavis
1717 802 1793 843 ac

873 878 1286 960 ponderibus».

389 1046 475 1100 28.
527 1047 575 1098 E
602 1047 830 1100 Pollucis
857 1050 1027 1114 capite
1052 1049 1171 1113 περὶ
1195 1050 1434 1113 μετρικῆς
1464 1046 1544 1117 (4,
1573 1055 1666 1100 168
1690 1047 1771 1119 s.).

752 1147 886 1199 (Vide
917 1147 1031 1201 prol.
1058 1149 1088 1203 ¹§
1118 1149 1175 1191 40
1205 1148 1310 1191 adn.
1342 1147 1399 1199 1.)

262 1246 286 1285 5
437 1230 706 1294 *Μέτρων
757 1233 816 1284 δὲ
869 1230 1110 1296 ὀνόματα
1157 1231 1433 1296 μέδιμνος,
1488 1231 1844 1298 ἡμιμέδιμνος,

317 1315 503 1379 χοῖνιξ,
530 1314 873 1381 τριχοίνικον,
897 1316 1326 1381 πενταχοίνικον,
1351 1314 1540 1381 καπίθη
1568 1316 1643 1369 ὡς
1673 1317 1842 1370 Ξενο-

318 1400 472 1463 φῶν,
508 1398 707 1465 ἀρτάβη
739 1400 815 1453 ὡς
838 1400 1155 1465 Ἡρόδοτος·
1191 1401 1224 1464 ἡ
1258 1401 1317 1453 δὲ
1343 1399 1489 1455 ἄδδιξ
1524 1401 1721 1466 μέτρον
1758 1419 1840 1455 τε-

315 1482 655 1548 τραχοίνικον
672 1525 685 1548 ,
712 1484 864 1549 μάρις
893 1486 952 1538 δὲ
980 1484 1319 1548 ἑξακότυλον,
1345 1483 1539 1550 κοτύλη
1566 1486 1625 1538 δὲ
1648 1486 1712 1538 τὸ
1734 1486 1841 1550 τρί-

316 1583 412 1620 τον
446 1570 541 1632 τῆς
570 1567 817 1632 χοίνικος.
870 1569 900 1621 ὁ
939 1570 998 1621 δὲ
1033 1569 1280 1634 μέδιμνος
1316 1568 1544 1633 χοίνικες
1580 1569 1720 1623 ὀκτὼ
1758 1572 1841 1622 καὶ

233 1667 285 1706 10
315 1651 720 1716 τεςςαράκοντα,
748 1652 778 1704 ὁ
805 1654 864 1705 δὲ
890 1653 1229 1718 ἡμιμέδιμνος
1247 1652 1492 1717 τέςςαρες
1518 1653 1609 1705 καὶ·
1630 1652 1840 1718 εἴκοςιν,

316 1734 346 1786 ὁ
388 1735 447 1787 δὲ
478 1737 683 1799 τριτεὺς
720 1737 1015 1801 ἑκκαίδεκα,
1064 1738 1241 1791 ἑκτεὺς
1285 1739 1343 1790 δὲ
1378 1736 1548 1802 ὀκτώ,
1594 1738 1839 1803 ἡμίεκτον

313 1819 572 1883 τέτταρες.
616 1819 682 1873 οὐ
705 1820 876 1886 μόνον
901 1823 960 1874 δὲ
983 1822 1016 1886 ἡ
1042 1822 1237 1886 κοτύλη
1257 1820 1439 1885 ὑγρῶν
1465 1820 1530 1885 ἦν
1553 1822 1638 1874 καὶ
1662 1825 1838 1887 Ξηρῶν

314 1903 536 1968 μέτρον,
574 1904 647 1957 ὡς
673 1906 1012 1971 πολλαχόθεν
1040 1906 1072 1971 ἡ
1105 1906 1356 1974 κωμῳδία
1383 1904 1674 1970 ὑποδηλοῑ,
1703 1905 1840 1958 ἀλλὰ

313 1988 396 2039 καὶ
421 1988 647 2053 κόφινος
673 1990 867 2055 μέτρον
896 1991 1152 2044 Βοιώτιον
1182 1989 1344 2055 ἄμφω
1370 1992 1615 2054 μετροῦν.
1648 1989 1839 2055 (τράτ-

234 2088 285 2127 15
315 2088 390 2124 τις
415 2075 551 2134 γοῦν
578 2090 737 2139 φηςιν
765 2074 824 2127 ἐν
851 2080 928 2143 τῷ
968 2074 1176 2141 Κινηςίᾳ

201 2150 206 2155 ’
422 2158 487 2209 τὰ
513 2158 568 2209 δ’
592 2157 781 2224 ἄλφιθ’
806 2158 926 2223 ὑμῖν
953 2160 1070 2210 πῶς
1097 2158 1374 2218 ἑπώλουν;
1402 2156 1673 2221 τεττάρων

420 2244 673 2306 δραχμῶν
699 2242 916 2306 μάλιςτα
939 2243 1037 2295 τὸν
1062 2242 1305 2308 κόφινον.
1360 2240 1409 2294 τί
1435 2241 1628 2302 λέγεις;
1663 2241 1836 2310 μέτρῳ

420 2326 662 2390 ἐχρῶντο
693 2325 917 2394 κοφίνῳ.
975 2326 1010 2390 ἢ
1034 2367 1043 2377 .
1072 2367 1082 2378 .
1112 2368 1122 2378 .
1149 2368 1159 2378 .
1185 2327 1340 2379 τοῦτ’
1369 2324 1493 2378 αὖθ’
1520 2324 1601 2377 ὅτι

421 2409 574 2464 οἴνου
604 2410 829 2477 κόφινος
853 2410 1161 2474 δυνάμενος
1176 2412 1317 2474 τρεῖς
1340 2410 1472 2474 χόας
1498 2412 1687 2473 πυρῶν

232 2505 285 2543 20
420 2497 532 2547 ταῖς
560 2493 805 2560 κοφίναις
829 2493 996 2547 ταύτὰ
1022 2496 1189 2546 ταῦτα
1214 2494 1538 2558 δυνάμενος;

427 2678 466 2715 7.
506 2675 534 2726 ἡ
576 2676 625 2718 δὲ
661 2676 784 2720 δάδιξ
826 2676 995 2731 μέτρον
1033 2675 1319 2730 ἑξαχοίνικον
1349 2678 1409 2717 Di
1522 2676 1588 2718 11.
1621 2674 1646 2716 ό
1677 2673 1727 2716 δὲ
1763 2673 1834 2716 ἑκ·

313 2743 420 2784 τεὺς
462 2748 508 2784 et
545 2744 602 2785 τὸ
641 2745 689 2787 δὲ
727 2746 951 2798 ἡμίεκτον
987 2749 1062 2788 Di>
1161 2749 1226 2788 12.
1268 2745 1342 2787 καὶ
1381 2744 1540 2799 ὑγρῶν
1578 2745 1638 2785 Di
1764 2745 1831 2785 18.

313 2811 454 2853 τοῦτ’
485 2810 613 2865 αὖθ’]
654 2817 740 2855 τοῦ
779 2816 921 2857 ταῦθ’
949 2818 1009 2857 Di
1124 2818 1190 2859 19.
1231 2817 1426 2869 πυρρῶν
1462 2813 1622 2868 vulgo:
1674 2813 1831 2866 legen-

313 2883 417 2923 dum
446 2881 628 2922 videtur
657 2882 851 2926 δύναται
879 2888 1005 2937 τρεῖς
1035 2887 1201 2938 πυρῶν
1229 2883 1345 2936 χόας
1462 2885 1530 2926 20.
1569 2883 1720 2925 ταῦτα
1757 2881 1833 2923 δυ·
1863 2921 1866 2923 .

311 2949 510 3002 νάμενος
540 2950 607 2992 Be
639 2951 741 2995 add.
776 2966 829 2993 ex
859 2954 898 2994 A
930 2955 1094 3004 (Paris.
1126 2952 1257 3006 2670)
