1946 3220
759 0 1146 19 -JwQJy-u-ar-v—f---r
1171 0 1206 11 -0
1230 0 1240 2 ν
1291 0 1301 9 ν
1319 0 1439 18 ’ν-η--ννς
1460 0 1466 4 ν
1504 0 1508 4 ·

604 95 938 169 scamonia
964 131 1241 168 Romanos,
1352 161 1354 163 .
1611 114 1683 168 23

337 199 362 207 s

161 248 259 295 dem
302 247 528 294 sententia
560 245 808 293 Dardanius
852 248 939 294 iste
984 245 1266 309 appelletur,
1318 245 1532 308 quoniam
1572 245 1683 307 Lydi

161 317 420 365 auctoritati
458 317 629 364 accedit
654 315 996 379 Guelferbytani
1029 316 1199 364 codicis
1233 318 1460 379 scriptura
1497 316 1543 362 in
1579 330 1685 362 ean·

160 389 260 434 dem
285 387 476 434 sormam
503 386 792 433 consentiens
804 382 854 446 3).
907 387 995 434 Sed
1022 394 1172 434 tamen
1201 387 1319 435 illam
1349 387 1538 434 formam
1569 401 1684 447 quae

45 479 50 486 ⁴
78 458 83 462 ’
159 472 279 504 nnnc
315 457 514 504 omnium
550 470 639 503 usu
666 456 813 503 fertur
839 470 929 503 non
955 459 1084 519 prius
1114 457 1409 505 abiiciendam
1435 471 1536 504 esse
1562 457 1685 515 duxi,

162 541 295 588 quam
346 525 538 574 aliorum
584 526 750 574 iudicio
794 527 906 574 haec
948 542 1046 575 mea
1087 528 1349 575 coniectura
1393 527 1682 589 probaretur.

162 599 276 645 'l'um
309 597 363 643 de
397 597 587 643 Dardani
622 603 769 644 aetate
805 598 1125 659 quaerentibus
1161 600 1270 645 satis
1304 605 1483 645 constat
1523 598 1686 644 vixisse

162 682 262 715 eum
290 665 561 729 scriptorem
591 666 824 728 aliquanto
851 675 958 729 post
985 668 1268 716 Constantini
1296 675 1519 729 tempora,
1546 668 1589 714 id
1617 674 1686 714 est

162 745 325 800 quarto
364 738 545 785 saeculo
583 746 774 784 exeunte
801 738 870 785 vel
906 740 1089 786 ineunte
1115 733 1338 801 quint04).
1393 738 1586 799 Scripsit
1610 753 1687 784 au-

165 815 270 866 tem,
297 814 348 854 ut
373 805 567 870 Lydus⁵)
598 808 749 866 tradit,
777 808 831 855 de
858 809 1164 869 ponderibus,
1193 824 1283 870 quo
1312 824 1365 856 ex
1394 807 1511 854 libro
1540 816 1584 854 et
1612 808 1687 854 illa

163 886 339 926 servata
378 886 485 925 sunt
525 893 640 939 quae
674 879 935 926 Priscianus
972 880 1211 940 exscripsit
1250 878 1322 938 (de
1358 878 1434 940 fig.
1465 878 1494 937 S
1525 877 1606 936 10)
1644 885 1688 923 et

162 949 271 996 haec
298 964 322 994 a
342 949 464 1010 Lydo
490 949 693 995 laudata:
729 945 760 997 ὁ
789 945 849 998 δὲ
863 945 1172 1010 Δαρδάνιοε
1200 945 1257 998 ἐν
1290 949 1366 1014 τῷ
1395 945 1514 1008 περὶ
1539 947 1688 996 (ταθ-

164 1017 277 1079 μῶν
312 1014 496 1079 χιλίων
534 1014 751 1080 ὀβολῶν
786 1015 927 1077 λέγει
956 1016 1119 1067 πάλαι
1148 1015 1388 1077 γενέεθαι
1423 1014 1486 1067 τὸ
1522 1015 1687 1078 μιλια·

167 1085 331 1150 ρίειον
356 1085 440 1136 καὶ
466 1085 575 1138 ἀπὸ
600 1088 693 1149 τῆς
718 1085 955 1150 χιλιάδος
981 1089 1091 1138 τῶν
1120 1085 1336 1151 ὀβολῶν
1359 1084 1533 1137 οὕτως
1559 1084 1688 1138 ὀνο-

164 1158 431 1220 μαεθῆναι.
483 1160 605 1217 Quae
629 1175 719 1207 non
750 1168 874 1208 recte
901 1161 954 1206 ab
986 1160 1066 1206 illo
1093 1161 1261 1221 scripta
1283 1174 1382 1206 esse
1401 1175 1484 1206 nos
1504 1159 1690 1206 meliora

165 1231 314 1278 edocti
351 1233 436 1276 iam
473 1238 757 1292 compertum
793 1230 1036 1292 habemuS,
1088 1245 1172 1278 nec
1206 1233 1349 1291 magis
1384 1230 1569 1291 probari
1606 1231 1692 1275 ista

166 1307 361 1359 possunt
405 1315 701 1362 quaecunque
744 1301 864 1362 apud
899 1301 1179 1348 Priscianum
1224 1301 1397 1347 diversa
1440 1315 1464 1346 a
1500 1299 1690 1361 reliquis

165 1371 428 1425 auctoribus
455 1371 685 1418 Dardanus
716 1371 867 1417 tradit.

266 1456 324 1501 De
358 1455 571 1516 Didymo,
602 1457 749 1502 cuius
790 1454 908 1502 libro
949 1451 1068 1515 περὶ
1105 1452 1196 1514 τῆς
1232 1450 1378 1515 παρὰ
1411 1449 1692 1513 Ῥωμαίοις

166 1519 456 1583 ἀναλογία(
495 1526 754 1572 Priscianus
800 1533 845 1571 et
889 1525 977 1572 hoc
1020 1525 1122 1571 loco
1159 1533 1205 1572 et
1239 1527 1285 1571 in
1326 1523 1691 1571 institutionibus

166 1597 470 1656 grammaticis
504 1595 778 1656 aliquotiens
811 1609 924 1642 usus
963 1602 1058 1653 est,
1106 1596 1218 1642 nihil
1256 1597 1353 1657 ipse
1387 1595 1532 1641 habeo
1570 1594 1692 1655 quod

167 1667 322 1713 addam
339 1701 352 1724 ,
380 1667 594 1727 quoniam
620 1668 663 1712 in
690 1665 898 1712 omnibus
925 1665 1020 1712 sere
1048 1666 1304 1728 adstipulor
1330 1666 1384 1712 H.
1410 1665 1555 1712 Keilio
1572 1700 1584 1724 ,
1613 1666 1690 1725 qui

169 1743 274 1796 post
296 1736 666 1782 M.Schmidtium
693 1750 852 1782 novam
877 1736 932 1782 de
961 1750 1015 1781 eo
1043 1737 1267 1797 scriptore
1287 1736 1599 1797 quaestionem
1626 1738 1694 1780 in-

167 1808 330 1852 stituit.
383 1806 506 1853 Unde
541 1806 613 1852 hic
636 1806 847 1868 Didymus
884 1820 975 1852 non
1004 1806 1325 1852 Chalcenterus
1366 1806 1441 1852 ille
1483 1805 1693 1866 plurimis

169 1877 354 1938 scriptis
381 1876 576 1933 nobilis,
614 1877 693 1922 sed
722 1877 830 1924 civis
856 1876 1111 1934 Romanus,
1147 1877 1314 1922 Neroni
1352 1883 1396 1922 et
1422 1875 1621 1936 aequalis
1649 1882 1695 1921 et

170 1954 307 1993 notus
333 1947 474 1993 fuisse
499 1943 734 2009 videturf’).
786 1945 907 2002 Quae
927 1953 1078 1993 autem
1099 1947 1266 1993 Graeca
1286 1946 1421 1992 verba
1438 1946 1693 1993 Priscianus

283 2140 325 2191 3)
357 2140 420 2181 Ut
450 2138 711 2193 Δαρδάνιοε
752 2139 925 2195 legitur
964 2140 1085 2193 apud
1124 2139 1322 2192 Lydum,
1362 2140 1430 2180 ita
1462 2138 1696 2180 Gudianus

173 2196 316 2238 codex
355 2198 435 2238 132
488 2210 540 2238 eo
579 2197 681 2237 loeo
725 2197 803 2250 qui
842 2197 963 2250 apud
1003 2196 1205 2236 Keilium
1246 2199 1316 2237 est
1355 2209 1399 2249 p.
1430 2197 1512 2237 409
1543 2207 1610 2236 vs.
1643 2196 1698 2236 30

173 2251 217 2305 (ξ
247 2253 317 2304 14)
348 2252 492 2294 habet
523 2254 738 2294 dardanii?
774 2256 820 2294 et
851 2254 898 2293 in
927 2252 1206 2306 Erlangensi
1236 2254 1483 2293 Dar-danius
1515 2251 1576 2304 (p.
1598 2252 1695 2300 408,

172 2308 227 2349 18
254 2308 396 2361 Keil.)
448 2312 705 2350 correctum
757 2313 825 2351 est
875 2309 932 2350 ab
974 2309 1125 2350 altera
1158 2322 1299 2349 manu
1340 2307 1480 2359 (Keil.
1520 2310 1699 2360 quaest.

173 2377 362 2418 gramm.
403 2378 448 2418 p.
478 2366 505 2406 8
537 2364 679 2418 adm).
746 2365 812 2407 Ac
850 2365 992 2406 multo
1031 2364 1317 2419 probabilius
1359 2368 1427 2404 est
1467 2364 1699 2404 Dardanus

171 2433 254 2474 pro
283 2422 531 2462 Dardanius
568 2434 711 2475 prave
751 2422 972 2476 scriptum
1003 2434 1030 2462 a
1061 2422 1265 2462 librariis
1295 2418 1493 2472 Vergilii
1532 2417 1697 2461 memo-

172 2476 322 2528 ribus,
357 2490 493 2530 quam
526 2482 683 2518 contra
714 2478 802 2519 hoc
836 2491 892 2520 ex
920 2477 1002 2519 illo
1035 2481 1294 2530 corruptum
1327 2488 1442 2516 esse.

284 2532 328 2585 4)
382 2532 515 2574 Conf.
566 2535 708 2575 Henr.
763 2534 882 2576 Keil.
935 2535 1229 2587 quaestiones
1279 2535 1519 2586 grammat.
1566 2546 1608 2585 p.
1654 2534 1695 2583 9,

171 2589 437 2632 Mommsen.
468 2590 575 2632 hist.
596 2591 725 2635 Rom.
757 2592 826 2632 rei
856 2603 1021 2631 numm.
1044 2604 1085 2643 p.
1111 2592 1204 2638 790,
1236 2588 1441 2630 nostrum
1473 2600 1700 2630 commen-

172 2646 340 2686 tarium
371 2648 419 2686 in
448 2646 615 2687 Philol.
648 2661 693 2706 p.
724 2649 806 2688 207
840 2647 940 2688 adn.
975 2649 1013 2686 7.

286 2702 329 2752 5)
360 2703 431 2743 De
463 2703 698 2744 mensibus
728 2705 770 2755 4,
802 2705 828 2744 9
861 2706 976 2743 extr.

285 2757 330 2810 6)
361 2759 416 2800 V.
450 2758 595 2799 Keilii
632 2762 811 2812 quaest.
843 2771 1030 2812 gramm.
1063 2771 1107 2811 p.
1143 2759 1194 2799 10
1233 2756 1443 2810 (Didymi
1474 2757 1638 2811 fragm.
1673 2768 1699 2796 a.

175 2813 426 2855 Schmidtio
474 2815 671 2856 collecta
702 2829 745 2868 p.
777 2815 1008 2864 345-49).
1047 2835 1103 2843 —
1147 2815 1400 2855 Praeterea
1447 2814 1523 2855 hic
1574 2813 1699 2854 locus

177 2881 276 2910 esse
307 2870 504 2922 videtur,
536 2874 587 2911 ut
619 2883 964 2912 commemorem
986 2882 1055 2910 me
1089 2870 1295 2911 consulto
1316 2871 1364 2910 in
1385 2870 1536 2924 priore
1566 2869 1700 2910 huius

175 2924 284 2966 libri
313 2926 543 2968 volumine
575 2939 666 2968 non
694 2927 1001 2979 quaesivisse,
1034 2938 1139 2967 num
1161 2926 1381 2980 Didymus
1401 2925 1479 2968 ille
1502 2925 1700 2966 Alexan-
