1946 3220
173 0 330 11 *⁷2v„-.

4 0 188 95 W&
271 15 273 17 ι

9 94 49 124 ἒῖῗ

12 132 26 146 ’κ

12 2376 38 2664 «ww-Wssaeo„
16 2348 20 2354 u
30 2322 34 2323 Ἰ
16 2295 18 2299 v
14 2258 24 2272 -«

16 2803 42 3066 m-ussnw'uW-'Zva
17 2770 35 2795 Α

129 182 256 251 [101]
736 201 808 233 ΒΕ
845 199 1062 235 NUMMIS.
1551 183 1654 236 307

230 306 279 359 4.
324 306 605 373 Δηνάριον
657 303 803 362 εἶδος
851 307 1108 374 ἀργυρίου
1158 308 1474 365 ὁλοκοτίνου
1524 308 1655 375 ἕχον

124 407 166 443 ις
204 407 285 445 υν.

170 406 201 456 χ
231 475 278 529 5.
316 476 376 528 ‘O
404 475 464 529 δὲ
488 478 717 542 χρυςοῦς
744 476 876 542 παρ’
902 477 1151 531 Ἀττικοῖς
1178 477 1399 532 δύναται
1419 478 1655 545 δραχμὰς

123 559 251 625 δύο)
290 559 364 613 ὥς
398 560 752 627 Πολέμαρχός
789 578 937 627 φηςι·
969 563 1175 628 δραχμὴ
1222 563 1281 615 δὲ
1322 565 1420 615 τοῦ
1456 564 1654 629 χρυςοῦ

121 644 440 710 νομίςματος
466 644 722 712 ἀργυρίου
746 645 983 711 δραχμὰς
1012 646 1150 700 δέκα.
1196 647 1332 711 μνᾶν
1360 647 1418 700 δὲ
1443 647 1655 709 λέγουςι
1685 652 1712 692 5

122 728 248 782 τοὺς
283 729 445 784 πέντε
481 732 736 796 χρυςοῦς·
780 730 970 785 ἑκατὸν
1007 731 1232 796 δραχμαὶ
1263 733 1475 784 ποιοῡςι
1517 733 1654 796 μνᾶν

158 829 259 868 ιαν.

122 830 155 877 μ
179 926 203 941 ι
230 896 277 951 6.
317 897 518 964 Ετατὴρ
547 898 966 965 τετράδραχμον,
991 899 1143 965 ἥμιςυ
1171 896 1398 961 οὐγκίας.

441 1081 556 1134 101.
631 1080 763 1134 Loci
799 1098 826 1132 e
863 1058 1067 1134 Glossis
1103 1082 1336 1134 nomicis.

543 1160 553 1163 “
586 1180 719 1235 (Vide
749 1181 863 1236 prol.
896 1184 921 1235 g
953 1184 1056 1236 102,
1088 1182 1199 1234 111.)
1685 1188 1737 1228 10

232 1278 617 1344 Κεντηνάριον,
654 1279 820 1345 λίτραι
847 1278 906 1344 ρ’.
955 1280 1143 1332 κέντον
1174 1278 1278 1345 γὰρ
1306 1278 1557 1345 Ῥωμαῖοι
1589 1279 1655 1332 τὰ

122 1362 168 1428 ρ’
202 1379 342 1428 φαςι.

230 1447 615 1512 Κεντηνάριον,
643 1447 980 1511 νομιςμάτων
1007 1447 1256 1511 ποςότης.

229 1530 638 1596 Κολλεκτάριος,
679 1531 710 1583 ὁ
738 1530 1132 1597 ἀργυραμοιβός
1157 1531 1275 1595 ἤτοι
1297 1530 1327 1583 ὁ
1347 1530 1512 1595 κέρμα
1538 1529 1655 1585 ἀντὶ

122 1615 362 1681 ἀργύρου
390 1614 785 1680 ἀλλαςςόμενος
814 1615 1143 1681 τραπεζίτης,
1170 1615 1202 1670 ὁ
1230 1614 1653 1680 ἀργυροπράτης.
1686 1631 1738 1670 15

227 1699 462 1764 Λίτεραι,
494 1700 560 1752 τὰ
585 1699 863 1765 γράμματα
886 1703 980 1764 τῆς
1015 1699 1350 1766 ςυμφωνίας.·
1382 1700 1436 1754 ἐξ
1466 1699 1545 1754 ὧν
1572 1699 1656 1752 καὶ

117 1783 149 1848 ἡ
183 1784 332 1849 λίτρα
362 1781 536 1848 ὄνομα
565 1787 663 1836 τοῦ
691 1787 934 1849 ςταθμοῦ.

227 1868 586 1932 Μιλιαρίςιον,
622 1867 993 1933 ςτρατιωτικόν
1022 1870 1220 1933 δῶρον.

226 1952 584 2017 Μιλιαρίςιον,
623 1952 995 2018 ςτρατιωτικόν
1023 1955 1205 2018 δῶρον
1232 1951 1501 2017 ἐμφανῶς.

227 2035 586 2102 Μιλιαρίςιον,
614 2036 676 2090 τὸ
697 2038 964 2103 χιλιοςτὸν
992 2039 1085 2102 τῆς
1109 2039 1207 2089 τοῦ
1233 2038 1431 2101 χρυςοῦ
1461 2034 1651 2100 λίτρας.
1683 2051 1738 2090 20

119 2119 232 2185 μίλε
258 2120 361 2186 γὰρ
378 2119 429 2174 οἱ
447 2121 700 2186 Ῥωμαῖοι
720 2122 785 2174 τὰ
810 2121 951 2187 χίλια
976 2123 1216 2174 καλοῦςι·
1247 2120 1331 2172 καὶ
1360 2119 1504 2173 οὕτω
1531 2136 1652 2172 κατ-

119 2204 449 2272 εκερματίςθη
502 2206 566 2258 τὸ
611 2206 784 2260 ποςὸν
835 2209 928 2270 τῆς
982 2206 1184 2271 λίτρας,
1231 2204 1322 2259 ἵνα
1373 2206 1447 2258 δι’
1484 2204 1650 2256 αὐτοῦ

118 2289 341 2355 ςώζηται
379 2290 446 2341 τὰ
483 2289 623 2354 χίλια
662 2291 979 2356 μιλιαρήςια,
1029 2289 1177 2344 ὥςτε,
1206 2289 1289 2342 καὶ
1324 2290 1386 2342 τὸ
1427 2288 1652 2352 νόμιςμα

120 2372 375 2437 λαγχάνει
399 2374 695 2438 μιλιαρήςια
727 2372 805 2426 ιδ’.

227 2455 504 2521 Νούμμην,
532 2456 807 2522 νούμμιον.
1683 2469 1738 2509 25

227 2539 490 2606 Νούμμοι,
518 2541 583 2594 τὰ
609 2540 910 2605 νομίςματα.

232 2714 298 2752 11.
333 2714 399 2753 16.
433 2709 568 2764 λίτρα
599 2710 738 2765 vulgo
858 2711 926 2751 17.
959 2707 1128 2763 ὄνομα]
1163 2707 1292 2761 οἶμαι
1321 2709 1460 2764 vulgo
1577 2711 1647 2752 20.

118 2782 286 2835 χρυςοῦ
318 2781 515 2835 Scaliger
547 2785 593 2823 et
623 2780 920 2835 Dte-Congius,
954 2778 1129 2833 χρόνου
1159 2780 1298 2835 vulgo
1414 2781 1481 2821 21.
1516 2790 1649 2821 κατε-

117 2850 387 2904 κερμάτωςε
416 2850 577 2905 vulgo,
610 2850 1033 2904 κατεκερμὰτωςαν
1067 2851 1247 2893 Gronov.
1281 2850 1337 2892 de
1369 2853 1478 2892 sest.
1500 2863 1544 2904 p.
1567 2850 1648 2891 813

94 2924 186 2964 23.
218 2921 293 2964 καὶ
324 2920 403 2975 τὸ]
438 2921 556 2964 κατὰ
586 2923 746 2976 vulgo,
790 2920 986 2965 ἕκαςτον
1018 2922 1137 2966 coni.
1172 2922 1258 2964 Gro
1403 2922 1473 2963 24.
1507 2919 1648 2972 μιλια-

118 2990 251 3043 ρήςια
283 2985 347 3033 κε’
380 2994 500 3034 coni.
532 2993 652 3033 idem

1283 3061 1394 3114 20³²
