1946 3220
122 0 191 14 τιν-ι
223 0 257 15 ”2¹
277 0 296 12 -υ
318 0 347 15 :⁷

4 0 132 107 ff·
149 19 187 58 ·=

6 79 64 124 ῆι...

11 141 42 225 ἦ
110 158 213 228 [92]
711 172 781 206 m:
819 171 1034 208 nunnus.
1533 141 1640 208 289

113 284 187 338 ῶς
214 284 280 336 ἂν
307 282 449 335 εἴποι
479 297 554 335 τις
577 283 675 335 τοῦ
706 281 1119 348 προςτυχόντος.
1170 281 1362 344 ἔλεγον
1389 280 1448 334 δέ
1477 297 1525 334 τι
1557 281 1642 334 καὶ

110 367 457 433 τρικόλλυβον
492 366 542 419 οἱ
566 366 777 431 ποιηταὶ
808 366 1021 432 ςμικρὸν
1048 365 1283 431 νόμιςμα.

220 465 282 518 Οἱ
307 465 488 530 μέντοι
512 465 608 518 τὸν
635 466 818 530 βοῦν,
848 464 910 516 τὸ
938 464 995 518 ἐκ
1024 467 1121 518 τοῦ
1147 463 1465 530 τυπώματος
1492 463 1636 518 οὕτω
1662 479 1704 514 73

16 540 19 541 ⁷
48 571 51 578 ,.
111 551 301 615 κληθὲν
339 548 584 614 νόμιςμα,
622 549 706 600 καὶ
735 548 975 615 Ὅμηρον
1014 548 1207 602 εἰδέναι
1241 547 1549 615 νομίζοντες
1582 548 1642 602 ἐν

18 627 23 630 ⁴
110 637 187 702 τῷ
215 633 542 699 (ἑκατόμβοι’
565 631 939 699 ἐννεαβοίων,’
979 633 1054 686 ῶς
1090 632 1227 699 πρὸς
1261 632 1482 699 ἀριθμὸν
1518 635 1642 698 δρα·
1674 637 1701 678 5

112 720 262 784 χμῶν
313 718 410 782 τὴν
457 715 607 771 ἀξίαν
653 719 763 771 τῶν
809 716 999 770 ὅπλων
1036 717 1477 782 ἀντιτιμώμενον,
1523 717 1643 785 [ὥς]

113 801 447 855 ὑποτιθέαςιν
476 801 659 867 εὔηθες
686 803 849 854 τοῦτο
870 801 1083 871 Ὁμήρῳ
1102 800 1339 867 μάρτυρι,
1366 801 1461 866 τὴν
1484 801 1645 853 ἀλλα-

112 887 213 952 γὴν
242 885 307 938 οὐ
328 885 596 951 νομίςματι
615 885 848 948 γίνεςθαι
871 886 933 938 τὸ
958 886 1191 939 παλαιὸν
1217 885 1499 955 ἡγουμένῳ
1521 884 1646 937 ἀλλ’

114 969 374 1024 ἀντιδόςει
399 974 588 1032 τινῶν,
617 968 693 1021 ὡς
719 968 850 1023 ὅταν
878 973 955 1038 φῇ

258 1069 410 1122 ἔνθεν
438 1068 528 1134 ἄρ’
554 1067 821 1122 οἰνίζοντο
846 1067 1284 1134 καρηκομόωντες
1310 1067 1510 1134 Ἀχαιοί
1681 1072 1733 1112 10

257 1153 412 1206 ἄλλοι
438 1153 532 1217 μὲν
560 1155 769 1222 χαλκῷ,
798 1151 953 1206 ἄλλοι
980 1153 1038 1206 δ’
1063 1151 1250 1207 αἴθωνι
1274 1153 1485 1219 ςιδήρῳ,

262 1238 417 1289 ἄλλοι
445 1238 504 1290 δὲ
532 1235 724 1302 ῥινοῖς,
759 1237 913 1290 ἄλλοι
940 1237 995 1289 δ’
1020 1236 1200 1305 αὐτῇςι
1228 1236 1455 1303 βόεςςιν·

115 1337 209 1390 τὰς
245 1336 347 1401 γὰρ
384 1337 514 1401 βοῦς
546 1336 683 1400 πρὸς
719 1336 811 1388 τὰς
847 1335 1029 1400 ῥινοὺς
1066 1333 1365 1398 ἀντιτιθείς,
1410 1333 1649 1400 φανερός
1672 1337 1714 1371 ⁷⁴

118 1420 221 1474 ἑςτι
247 1422 309 1473 τὸ
337 1424 482 1488 Ζῷον
511 1420 638 1472 ἀλλ’
662 1419 727 1472 οὐ
754 1421 816 1473 τὸ
841 1421 1062 1484 νόμιςμα
1089 1421 1284 1484 δηλῶν.

229 1519 321 1571 Καὶ
346 1519 447 1584 μὴν
483 1518 544 1571 τὸ
571 1517 1032 1583 Πελοποννηςίων
1059 1518 1284 1583 νόμιςμα
1308 1517 1553 1582 χελώνην
1579 1534 1651 1568 τι-
1684 1525 1736 1565 15

117 1605 207 1658 νὲς
233 1603 415 1668 ἠξίουν
439 1605 704 1656 καλεῑςθαι
723 1602 832 1656 ἀπὸ
859 1605 955 1656 τοῦ
978 1602 1320 1668 τυπώματος·
1347 1600 1473 1655 ὅθεν
1498 1601 1530 1666 ἡ
1556 1601 1651 1666 μὲν

119 1687 374 1755 παροιμία

267 1771 365 1824 τὰν
395 1770 590 1836 ἀρετὰν
618 1772 700 1823 καὶ
724 1771 822 1824 τὰν
850 1771 1044 1837 ςοφίαν
1070 1771 1270 1824 νικᾶντι
1296 1772 1546 1835 χελῶναι,

43 1878 48 1883 ·
125 1858 182 1912 ἑν
224 1857 282 1909 δὲ
322 1856 434 1908 τοῖς
471 1855 765 1908 Εὐπόλιδος
801 1853 1022 1908 Εἵλωςιν
1056 1853 1256 1919 εἴρηται
1284 1853 1516 1920 εὀβολὸν
1555 1853 1652 1906 τὸν

122 1941 555 2007 καλλιχὲλωνον.’
1685 1945 1740 1985 20

230 2039 390 2092 Ἀλλὰ
415 2039 498 2090 καὶ
535 2037 605 2090 κό
622 2054 694 2103 ρη
722 2037 942 2102 νόμιςμα
972 2037 1104 2103 παρ’
1131 2035 1424 2102 Ἀθηναίοις
1449 2035 1543 2100 ἦν,
1580 2035 1655 2090 ὡς

123 2123 404 2189 Ὑπερίδης
430 2122 606 2189 φηςίν,
635 2125 711 2190 τῷ
737 2121 930 2189 παιδίῳ
956 2124 1049 2186 τῆς
1076 2121 1134 2175 ἐν
1163 2121 1441 2186 Βραυρῶνι
1463 2119 1656 2186 ἱερείας

124 2211 235 2262 τῶν
259 2206 613 2272 ἀναθημάτων
638 2224 684 2259 τι
704 2206 921 2273 λαβόντι
946 2207 1347 2273 παραβληθῆναι
1369 2205 1544 2268 λέγων
1572 2204 1659 2256 ἐπὶ

30 2360 35 2364 ἡ
126 2293 284 2361 πείρᾳ
310 2291 569 2346 ςυνέςεως
594 2291 760 2357 κόρην
788 2291 871 2343 καὶ
897 2290 1313 2357 τετράδραχμον,
1341 2288 1560 2354 κάπειδὴ
1593 2288 1655 2340 τὸ
1678 2302 1720 2335 ⁷⁵

125 2377 526 2443 τετράδραχμον
556 2374 745 2437 εἵλετο,
774 2375 922 2430 δόξαι
946 2376 1227 2440 διακρίνειν
1258 2374 1355 2439 ἤδη
1381 2374 1443 2426 τὸ
1471 2372 1659 2438 κέρδος
1688 2389 1743 2430 25

128 2462 394 2515 δύναςθαι.
443 2459 578 2524 τάχα
614 2459 669 2512 δ’
695 2459 761 2512 ἂν
800 2458 878 2524 εἴη
918 2458 1076 2524 κόρη,
1116 2458 1191 2511 ὡς
1218 2455 1495 2522 Εὐριπίδης
1520 2455 1657 2511 ὠνό-

246 2678 286 2716 3.
310 2671 387 2727 τὸ]
412 2671 499 2714 τὸν
523 2673 578 2713 Di
663 2672 703 2712 6.
727 2669 792 2712 ὡς
815 2669 983 2711 seclusi
1007 2682 1108 2710 cum
1130 2670 1196 2711 Be
1302 2672 1342 2711 7.
1364 2666 1659 2711 ὑποτιθὲαςιν

134 2745 298 2799 scripsi
327 2757 409 2798 pro
441 2741 536 2784 ὑπό
558 2754 617 2793 τι,
652 2741 771 2782 eieci
794 2744 946 2782 autem
967 2736 1372 2791 ὑπολαμβάνουςιν
1392 2742 1494 2794 post
1514 2740 1660 2781 τοῦτο

137 2817 204 2858 12.
236 2812 303 2867 δὲ]
341 2812 422 2865 μὲν
454 2814 511 2853 Di
617 2813 681 2853 13.
716 2809 917 2853 ἀντιθεὶς
948 2812 1008 2851 Di
1111 2810 1177 2851 16.
1211 2809 1369 2852 καλεῖν
1398 2808 1536 2864 vulgo
1630 2807 1660 2859 ἡ

137 2883 241 2937 μὲν]
276 2883 351 2925 καὶ
384 2885 440 2924 Di
554 2884 621 2924 21.
657 2880 813 2934 μέντοι
843 2886 945 2935 post
975 2878 1093 2922 ἀλλὰ
1125 2879 1227 2923 add.
1249 2882 1307 2922 Di
1420 2881 1491 2925 22.
1521 2876 1663 2933 φηςίν

137 2967 223 2996 om.
257 2956 314 2995 Di
427 2955 497 2995 24.
529 2957 632 3007 post
664 2951 812 3005 κόρην
845 2951 947 2993 add.
981 2949 1127 2993 εἴποις
1158 2949 1206 2992 δ’
1237 2949 1294 2994 ἂν
1324 2951 1383 2992 Di

194 3037 367 3069 somn.
399 3036 599 3065 namon.
634 3036 666 3066 1.
1344 3018 1410 3071 19
