1946 3220
313 138 417 192 288
787 180 789 182 .
814 164 823 173 ·
921 154 1240 189 FRAGMENTA
1741 139 1862 210 [92]

315 268 510 332 θερμοῦ
543 266 719 318 πόςιν·
756 264 839 316 καὶ
863 262 964 328 γὰρ
989 262 1051 316 τὸ
1078 262 1275 317 λεπτὸν
1300 265 1397 316 τοῦ
1423 263 1739 329 νομίςματος
1775 265 1841 319 ού

316 351 546 414 λουτροῦ
575 349 711 401 ἐςτιν
740 347 878 400 ἀλλὰ
903 346 1075 399 πότου
1102 347 1310 413 μέτρον.

407 433 498 484 Καὶ
523 431 975 496 πεντέχαλκον
1009 432 1068 484 δὲ
1092 431 1219 484 τοὺς
1249 431 1409 485 πέντε
1441 434 1672 496 χαλκοῦς
1702 433 1840 487 ὠνο-

314 516 608 581 μαςμένους
645 515 870 581 εὕρομεν
906 516 964 569 ἐν
996 516 1109 569 τοῖς
1136 516 1560 590 Ἀριςτοφῶντος
1588 517 1843 582 Διδύμοις

260 609 284 648 5
314 600 344 664 ἢ
375 599 669 669 Πυραύνῳ·
1247 625 1250 628 ·

903 685 1075 738 ἔπειθ’
1098 685 1294 750 ἡπάτια
1318 684 1402 737 καὶ
1429 685 1605 749 νῆςτίν
1631 701 1749 738 τινα

463 769 813 835 προςέθηκεν,
847 757 1015 835 οἶμαι,
1043 771 1410 835 πεντέχαλκον
1434 770 1771 835 προςλαβών.
1915 806 1918 807 ⁷

423 851 510 916 Εἴη
554 854 607 904 δ’
638 854 704 906 ἂν
731 854 812 905 καὶ
850 854 1178 919 ςύμβολον
1217 855 1381 920 βραχὺ
1414 853 1635 918 νόμιςμα
1670 854 1701 917 ἢ
1732 852 1842 925 ἡμί-

251 955 287 988 71
313 952 480 1000 τομον
507 939 834 1002 νομίςματος.
890 938 919 990 ὁ
946 942 1081 1000 γοῦν
1108 939 1401 1003 Ἕρμιππος
1428 938 1486 992 ἐν
1513 939 1607 1002 μὲν
1633 937 1844 1002 Φορμο-

234 1029 286 1068 10
317 1019 511 1086 φόροις
535 1023 674 1085 λέγει

457 1107 601 1171 παρὰ
625 1110 735 1160 τῶν
763 1109 1018 1171 καπήλων
1046 1107 1281 1171 λήψομαι
1304 1106 1367 1158 τὸ
1395 1105 1678 1171 ςύμβολον,

314 1189 373 1242 ἐν
400 1190 458 1242 δὲ
485 1191 595 1243 τοῖς
620 1191 891 1255 Δημόταις

457 1273 510 1325 οἴ
534 1290 647 1339 μοι,
678 1274 725 1327 τί
752 1275 929 1339 δράςω
959 1274 1225 1341 ςύμβολον
1251 1274 1597 1340 κεκαρμένος;
1927 1331 1929 1333 ,

313 1357 558 1421 κεκάρθαι
595 1359 732 1412 ἔοικε
767 1361 830 1413 τὸ
867 1360 1045 1424 ἥμιςυ,
1091 1359 1222 1412 ὥςτε
1254 1361 1286 1423 ἢ
1322 1359 1379 1412 ἐκ
1411 1359 1636 1424 Θατέρου
1673 1358 1844 1423 μόνου
1900 1356 1946 1434 ᾖξ’

231 1450 283 1489 15
311 1445 641 1495 τετυπῶςθαι
683 1447 844 1496 τοῦτο
892 1447 973 1497 δεῖ
1017 1445 1461 1509 τό.νομιςμάτιον
1506 1445 1760 1506 νοεῑςθαι,
1811 1445 1853 1508 ἢ

312 1528 615 1590 διαιρεῖςθαι
650 1527 724 1580 ὡς
761 1528 902 1591 ἔχειν
944 1529 1005 1581 τὸ
1040 1528 1200 1592 μέρος
1227 1527 1507 1592 ἑκάτερον,
1541 1527 1637 1581 τόν
1670 1545 1725 1580 τε
1761 1545 1843 1580 πι-
1920 1542 1943 1597 j

313 1608 617 1674 πράςκοντα
643 1612 726 1664 καὶ
750 1613 845 1666 τὸν
875 1612 1207 1686 ὠνούμενον,
1239 1611 1323 1665 ἐπὶ
1352 1611 1595 1680 ςυμβόλῳ
1623 1614 1720 1664 τοῦ
1745 1613 1842 1664 τὸν
1915 1611 1926 1620 ’

313 1693 407 1758 μέν
456 1711 503 1747 τι
544 1697 959 1762 προειληφέναι,
998 1702 1073 1764 τῷ
1112 1698 1170 1749 δὲ
1210 1696 1589 1763 ἐνοφείλεςθαι.
1644 1696 1844 1759 διελέγ-

249 1783 289 1815 ⁷2
313 1792 462 1846 χουςι
487 1779 541 1830 δ’
568 1779 698 1832 αὐτὸ
735 1781 946 1845 ςμικρόν
973 1798 1020 1833 τι
1046 1781 1295 1836 δύναςθαι
1328 1781 1708 1847 Ἀριςτοφάνης
1747 1782 1842 1846 μὲν
1916 1781 1930 1824 f

228 1871 282 1910 20
313 1861 371 1916 ἐν
396 1862 670 1931 Ἀναγύρῳ
698 1866 873 1928 λέγων

228 2290 282 2329 25

451 1950 604 2000 τοῦτ’
631 1948 762 2001 αὐτὸ
794 1948 1038 2013 πράττω,
1074 1949 1165 2001 δύ’
1191 1948 1371 2015 ὀβολὼ
1397 1949 1481 2002 καὶ
1505 1950 1770 2015 ςύμβολον

454 2031 562 2087 ὑπὸ
588 2037 664 2100 τῷ
691 2033 1006 2103 ’πικλίντριμ
1056 2037 1170 2098 μῶν
1201 2052 1276 2087 τις
1300 2034 1423 2087 αὔτ’
1447 2034 1714 2093 ἀνείλετο;

311 2115 607 2178 Ἄρχιππος
628 2118 685 2169 δῆ
708 2118 874 2170 εἰπὼν
901 2119 959 2171 ἐν
983 2119 1227 2182 Ἡρακλεῖ
1251 2122 1507 2183 γαμοῦντι

457 2199 672 2265 ἀνδρῶν
702 2201 910 2265 ἄριςτος
936 2203 1019 2253 καὶ
1046 2203 1253 2266 μάλιςτ>
1284 2203 1398 2266 ἐμοὶ
1425 2204 1595 2265 Ξένος,

455 2283 589 2348 ἀτὰρ
616 2287 748 2350 παρ’
777 2287 891 2350 ἐμοί
920 2288 977 2348 γ’
1010 2287 1087 2340 ὢν
1119 2286 1261 2351 εἶχεν
1294 2286 1421 2339 οὐδὲ
1451 2287 1731 2352 ςύμβολον.
1918 2355 1919 2358 ¹

420 2366 507 2432 Εἴη
535 2370 591 2420 δ’
616 2369 681 2423 ἂν
708 2371 791 2421 καὶ
826 2371 1156 2437 κόλλυβον,
1178 2372 1376 2424 λεπτόν
1405 2389 1452 2424 τι
1478 2373 1838 2437 νομιςμάτιον·

316 2451 641 2516 Καλλίμαχος
666 2458 799 2516 γοῦν
831 2455 963 2520 ἔφη,
989 2457 1108 2521 περὶ
1135 2460 1244 2510 τῶν
1272 2457 1330 2510 ἐν
1355 2457 1489 2523 ᾅδου
1515 2457 1708 2520 λέγων,

454 2537 510 2587 ἐκ
540 2542 649 2590 τῶν
677 2538 808 2591 ὅκου
844 2543 974 2605 βοῦν
1003 2541 1268 2605 κολλύβου
1299 2542 1693 2605 πιπρήςκουςιν,

428 2733 465 2771 5.
498 2731 734 2788 Πυραύλῳ
769 2740 826 2778 Di
863 2737 995 2790 (corr.
1028 2738 1262 2790 Kuelmz'us)
1438 2741 1476 2781 7.
1509 2738 1750 2789 ςυλλαβὼν
1779 2741 1839 2779 Di
1900 2719 1939 2782 s

314 2800 354 2839 8.
387 2799 414 2850 ἢ
448 2814 532 2841 om.
570 2806 623 2843 ln·
714 2805 947 2858 ἡμίτομόν
978 2821 1022 2848 τι
1055 2810 1111 2848 Di
1225 2811 1262 2849 9.
1296 2807 1431 2860 γοῦν]
1468 2807 1549 2858 μὲν
1579 2810 1638 2848 Di
1752 2807 1835 2859 μὲν
1911 2812 1926 2865 ᾗ

316 2882 400 2910 om.
434 2872 491 2910 Di
635 2876 699 2913 17.
732 2878 816 2916 τοῦ
849 2877 935 2917 τὸν
970 2892 1083 2918 corr.
1116 2879 1207 2930 Be,
1239 2876 1397 2930 τούτῳ
1431 2878 1589 2930 vulgo,
1623 2878 1734 2918 item
1766 2879 1833 2920 18.

314 2941 384 2991 τῷ
418 2939 483 2979 Be
515 2954 594 2992 pro
627 2942 683 2981 τὸ
802 2949 871 2985 21.
903 2946 1115 3000 διωβόλῳ
1151 2950 1208 2989 Di
1238 2945 1377 3000 (corr.
1411 2947 1661 3000 Piersonus)
