1946 3220
407 0 466 20 Γ,
503 0 569 22 ,Ὃ
611 0 718 24 ···⁶-‘
953 0 962 9 ,

634 195 882 229 ΑΒΒΕΝΒΑ
918 196 988 228 An
1014 196 1131 230 von.
1158 196 1194 228 1.
1575 180 1673 232 151

161 304 536 356 Κωνεταντιεῑε
573 302 613 355 ε’
638 304 793 367 μόδια
827 307 1072 368 μετροῡει
1106 304 1202 358 τὸν
1237 304 1506 369 μέδιμνον.
1552 305 1675 373 ,Πά-

158 391 257 439 φοι
283 378 380 438 (sic)
416 375 474 426 δὲ
500 374 583 426 καὶ
610 374 809 427 Εικελοὶ
841 373 886 426 δ’
915 374 1132 438 μοδίους
1166 374 1317 427 αὐτοὶ
1344 379 1462 441 (lege
1484 375 1674 439 αὐτὸν)

158 461 412 509 μετρουει.

268 519 364 566 261
400 534 460 565 vs.
493 519 555 564 12
595 535 679 579 pro
718 515 916 567 Εικελοί
956 520 1162 567 suadeam
1203 515 1403 578 (όλιοι,
1465 522 1674 582 quoniam

159 590 293 650 Cypri
328 590 502 635 insulae
544 591 761 651 populum
805 591 900 636 sine
938 591 1072 636 dubio
1115 590 1334 636 intellexit
1373 591 1675 651 Epiphanius3

138 660 239 722 ‘sed
266 674 366 706 cum
397 655 598 708 (ικελοί
629 668 838 707 tueantur
877 660 1051 721 reliqua
1087 661 1338 721 fragmenta
1370 661 1674 722 Epiphaniana

162 726 216 789 (v.
244 730 333 776 ind.
363 746 398 775 s.
422 730 495 791 v.),
522 732 634 776 nihil
665 739 840 777 mutare
869 747 1005 777 ausus
1033 746 1147 779 sum.
1172 756 1240 763 —
1266 732 1375 776 lbid.
1405 746 1467 776 vs.
1503 731 1566 776 14
1592 747 1676 793 pro

160 796 431 861 Ἑβραῖδοε
456 799 747 863 διαληφθέν
777 803 939 847 Christ.
966 818 1010 862 p.
1038 802 1142 849 460
1179 802 1372 848 coniecit
1406 797 1677 862 Ἑβραῖδοε

158 867 435 918 ὂιαλέκτου
465 870 694 933 ληφθέν;
729 881 773 918 at
802 874 897 918 vide
925 873 1113 918 indicem
1143 887 1178 918 s.
1206 867 1422 932 εΕβραῖε.

268 942 366 988 263
395 958 457 989 vs.
490 943 568 988 12.
615 945 716 989 Iure
754 944 952 989 offendas
987 943 1109 1003 quod
1142 935 1222 996 νς’
1250 942 1431 988 sextarii
1467 949 1566 987 sato
1599 944 1678 988 tri-

159 1013 386 1068 buuntur3
415 1027 497 1060 nec
519 1014 831 1060 difficultatem
860 1014 976 1059 levat
1003 1014 1149 1058 versio
1170 1012 1350 1071 Latina,
1381 1027 1495 1073 quae
1522 1013 1678 1058 eodem

159 1083 260 1129 loco
288 1082 340 1141 (ll
365 1099 410 1144 p.
446 1084 561 1142 102,
580 1084 629 1143 5)
660 1085 877 1142 batum,
904 1099 994 1129 non
1024 1091 1187 1140 satum,
1216 1083 1411 1130 definiat.
1467 1083 1521 1128 Et
1549 1085 1587 1128 si
1612 1083 1678 1128 in·

157 1153 302 1199 dicem
339 1154 696 1215 Epiphanianum
738 1153 795 1217 (p.
830 1156 949 1213 260,
978 1154 1028 1213 4)
1068 1156 1310 1214 respicias,
1358 1160 1544 1214 apparet
1593 1154 1679 1199 hoc

159 1223 261 1269 loco
290 1219 555 1273 κόλλαθον
583 1220 722 1286 (quod
746 1241 866 1272 nunc
896 1227 1064 1285 legitur
1090 1239 1135 1285 p.
1164 1224 1291 1282 264,
1323 1223 1406 1283 21)
1443 1224 1676 1285 expulsum

161 1308 261 1340 esse
290 1297 343 1340 iis
382 1295 492 1356 ipsis
522 1297 670 1342 verbis
701 1311 812 1357 quae
849 1297 1142 1342 offensionem
1179 1308 1358 1339 movere
1390 1295 1494 1339 dixi.
1555 1292 1678 1350 ⁴Quae

157 1365 198 1409 si
235 1379 394 1411 sanare
428 1366 563 1423 velis,
613 1371 762 1428 possis
813 1368 1039 1413 coniicere
1078 1361 1140 1413 τὸ
1186 1360 1345 1413 εάτον
1381 1357 1456 1419 κς’
1481 1363 1676 1421 ξεετῶν

160 1428 385 1495 ὑπάρχει
430 1436 547 1494 (uam
585 1438 719 1483 hahet
755 1438 953 1483 modium
990 1436 1254 1482 Hebraicum
1291 1450 1455 1494 unum,
1494 1437 1571 1495 qui
1608 1443 1678 1480 est

159 1504 270 1549 XXll
294 1507 620 1564 sextariorum,
648 1515 693 1553 et
719 1509 1011 1568 quadrantem
1038 1507 1199 1552 modii:
1237 1507 1356 1551 conf.
1384 1521 1430 1566 p.
1454 1505 1572 1563 261,
1599 1507 1676 1551 17.

162 1575 241 1621 18.
270 1573 377 1637 23);
422 1578 498 1622 sed
529 1579 672 1624 tutius
698 1593 798 1624 esse
826 1579 1003 1624 videtur
1029 1590 1226 1622 errorem
1255 1576 1574 1636 interpolatori
1603 1577 1681 1620 tri-

159 1644 297 1691 buere
323 1648 526 1707 nihilque
557 1655 747 1694 mutare.
1588 1699 1594 1704 .

269 1716 371 1763 264
398 1733 462 1763 vs.
491 1719 537 1764 6.
589 1714 782 1779 Καβιθά
806 1718 1082 1778 Scaligerum
1115 1718 1355 1777 scripsisse
1383 1731 1466 1776 pro
1497 1711 1679 1776 εαβιθά

160 1787 346 1832 adnotat
372 1789 419 1833 G.
447 1788 714 1835 Dindorfius.
745 1814 805 1822 —
837 1789 943 1834 lbid.
967 1804 1028 1834 vs.
1053 1787 1115 1833 19
1147 1789 1327 1846 corrige
1352 1785 1547 1836 ξεστῶν
1576 1782 1679 1833 {erl

160 1852 276 1904 δύο
304 1856 404 1918 (pro
426 1855 603 1918 πέντε)
632 1860 736 1905 coll.
756 1875 801 1920 p.
823 1859 982 1918 270,1
1014 1866 1058 1903 et
1084 1858 1290 1903 versione
1317 1857 1470 1902 Latina
1499 1872 1542 1917 p.
1560 1857 1677 1913 106,

162 1919 208 1974 9.
236 1954 303 1959 —
331 1928 439 1975 lbid.
470 1945 535 1975 vs.
562 1929 627 1975 22
655 1945 738 1990 pro
770 1926 930 1978 εάτου
967 1930 1156 1975 forsitan
1192 1927 1297 1973 olim
1339 1929 1558 1987 scriptum
1584 1927 1680 1972 sue-

161 1999 223 2042 rit
249 1993 410 2057 βάτου
438 2000 494 2059 (v.
524 2001 613 2046 ind.
646 2017 681 2047 S.
706 1996 901 2059 εάτον),
928 2012 1199 2060 quamquam
1226 1998 1456 2057 vulgarem
1484 1997 1680 2057 scriptu-

158 2082 254 2113 ram
281 2076 435 2116 tuetur
459 2074 605 2116 versio
636 2071 790 2116 Latina
818 2087 861 2132 p.
892 2071 1008 2128 106,
1038 2069 1117 2114 14.

268 2138 368 2187 266
395 2157 456 2188 vs.
474 2142 503 2188 6
531 2137 820 2201 δίδραχμον
837 2143 1071 2202 typotheta
1092 2140 1256 2185 erravit
1277 2153 1359 2199 pro
1372 2133 1677 2198 δίδραγμον.

270 2209 370 2257 267
401 2227 463 2257 vs.
494 2212 543 2257 4.
577 2213 702 2257 Addo
728 2212 801 2257 hic
827 2213 969 2258 varias
995 2209 1242 2271 scripturas
1268 2209 1357 2255 loci
1383 2209 1680 2269 Epiphaniani

164 2279 219 2324 de
249 2279 359 2327 folle
389 2283 758 2343 quas,Christius
786 2297 837 2327 ex
868 2285 1067 2343 quinque
1095 2279 1326 2343 codicibus
1350 2279 1564 2324 Parisinis
1591 2278 1681 2323 edi-

162 2349 229 2395 dit
252 2351 298 2396 in
326 2354 647 2398 commentario
673 2354 792 2398 iiber
819 2355 911 2398 den
935 2353 1080 2398 Follis
1105 2352 1205 2395 und
1225 2350 1391 2394 Denar
1419 2349 1680 2408 (Sitzunqs-

165 2420 258 2465 ber.
285 2424 330 2467 d.
353 2423 648 2468 Miinclaener
674 2424 827 2468 Alsad.
859 2424 1008 2470 1865.
1035 2423 1067 2481 l)
1096 2438 1136 2482 p.
1169 2421 1266 2467 145
1289 2435 1324 2464 s,
1375 2419 1517 2464 Habet
1541 2420 1680 2477 igitur

235 2493 266 2537 1.
294 2494 392 2539 cod.
422 2492 557 2540 2665
584 2507 699 2539 saec.
727 2494 819 2538 XV:
868 2490 1061 2555 φόλλιε
1091 2488 1120 2539 ὃ
1157 2488 1238 2538 καὶ
1271 2485 1555 2551 βαλάντιον
1592 2501 1680 2535 κα-

163 2557 328 2611 λεῖται
355 2558 435 2610 ὅτι
459 2561 758 2611 διπλοῦται·
786 2560 884 2611 δύο
909 2559 1010 2623 γάρ
1037 2558 1158 2611 εἰςιν
1186 2555 1404 2620 ἀργυροὶ
1430 2556 1460 2608 ὃ
1485 2555 1681 2616 γίνεται

164 2629 268 2692 ἔνθ)
297 2629 526 2692 δενάρια.
582 2630 766 2682 λεπτοὶ
799 2630 897 2681 δύο
934 2629 1152 2693 φόλλειε
1183 2627 1313 2679 κατὰ
1346 2626 1442 2679 τὸν
1476 2629 1679 2689 δεναρι-

162 2701 293 2762 (μὸν
322 2699 446 2751 ἀλλ’
472 2700 536 2751 οὐ
562 2701 692 2751 κατὰ
718 2700 812 2752 τὸν
839 2699 1171 2764 ἀργυριεμόν.

278 2864 320 2914 6)
361 2864 436 2905 Sic
485 2863 654 2904 resolvi
701 2867 856 2903 notam
904 2876 1037 2915 quam
1083 2861 1315 2902 Christius
1363 2863 1580 2900 accurate
1627 2872 1681 2899 ex

165 2934 325 2975 codice
357 2935 635 2986 descriptam
668 2933 853 2973 exhibet
883 2932 1078 2972 similem
1117 2932 1326 2972 ductibus
1359 2913 1454 2979 ῶς
1494 2930 1573 2971 sed
1603 2929 1681 2969 lit-

165 2995 294 3031 terae
330 2988 363 3031 Ν
399 3002 455 3031 ea
486 2993 555 3031 est
586 2990 731 3030 forma
763 3002 880 3041 quae
912 2988 1134 3029 facillime
1167 2988 1460 3029 confunditur
1492 2999 1592 3027 cum
1625 2985 1676 3035 Η,
