1946 3220
734 168 1047 204 Pium-Amo.
1575 164 1659 206 xv

106 271 264 330 Jrabet
282 280 618 338 auctoritatem,
643 287 713 339 ut,
740 280 811 327 sin
830 281 982 328 minus
1001 281 1188 343 ubique,
1214 290 1360 330 tamen
1380 283 1656 346 plerumque

0 329 1 355 ³
76 337 295 404 “'·mdieis
320 347 722 409 Sangermanensis
760 365 860 398 esse
892 352 1090 412 putanda
1127 352 1212 411 sit,
1247 360 1528 414 quapropter
1553 368 1652 402 eam

88 437 100 447 ι
99 415 373 481 diligenter
417 419 729 466 adnot-avimus
775 418 896 481 (Bu).
971 422 1061 468 Nec
1121 424 1354 469 omisimus
1411 423 1654 485 Angelonii

0 499 1 503 ’
92 531 111 537 .
91 488 367 536 editionem
409 487 567 551 (Anq).
614 515 685 524 —
741 491 814 537 Vs.
851 491 900 537 4.
956 491 1252 539 Schenkelius
1302 489 1645 555 (Sitzunqsber.

71 584 99 614 χ,
123 559 171 604 d.
206 558 400 605 Wiener
425 559 580 606 Alsad.
613 560 748 607 1863
783 575 827 621 p.
857 561 922 607 57
952 562 1075 621 adn.)
1112 577 1198 623 pro
1233 569 1308 608 ter
1342 572 1457 610 acta
1493 565 1652 611 suadet

86 643 94 675 1
121 633 200 675 ter
235 635 381 688 apta3
429 630 506 676 sed
545 630 652 690 quid
693 631 856 677 merito
885 633 1155 693 reprehendi
1183 639 1336 693 potest
1361 634 1406 678 in
1433 634 1509 680 illa
1537 636 1652 682 scri-
1696 631 1707 640 '

59 693 255 761 thura
295 712 349 744 ex
383 700 423 744 A
458 700 680 761 repetita?
719 700 855 760 (cons.
894 701 1140 748 Christium
1178 704 1223 748 in
1255 702 1367 748 Mus.
1404 703 1543 750 Rhen.
1575 704 1647 749 XX

63 790 89 829 χ
117 783 164 830 p.
193 769 293 832 65).
324 794 389 802 —
420 771 502 818 10.
534 778 687 816 stater
714 785 776 815 ac
800 772 1012 818 distincte
1037 772 1172 818 habet
1195 773 1257 826 A;
1298 775 1481 833 egregie
1507 775 1653 834 igitur

71 858 85 879 .·
117 838 382 886 confirmata
417 848 489 887 est
514 840 768 887 Schenkelii
794 843 1054 888 coniectura
1079 842 1196 888 idem
1223 856 1276 888 ex
1299 850 1517 903 corrupto
1544 850 1645 888 sea-

118 917 258 956 terae
292 912 594 957 restituentis.
652 910 820 957 Orellio
858 913 903 957 in
944 919 1138 958 mentem
1174 919 1358 958 venerat
1386 919 1543 959 statue
1569 929 1643 959 ac.

48 964 74 1022 'f
117 1005 187 1013 —
209 981 290 1026 11.
317 988 442 1026 recte
469 981 576 1028 libri
602 982 671 1027 AB
699 988 746 1027 et
771 983 1011 1028 Thuaneus
1031 982 1197 1028 habent
1222 990 1365 1028 terna
1392 983 1521 1029 duae
1545 997 1644 1029 ses-

40 1047 71 1075 ·²'
100 1051 227 1096 'clae
256 1065 378 1109 pars
409 1059 502 1109 est,
539 1053 586 1097 h.
615 1067 654 1097 e.
685 1053 817 1097 tertia
842 1067 948 1113 pars
974 1054 1132 1099 unciae
1158 1052 1325 1098 dicitur
1354 1053 1468 1099 duae
1495 1061 1647 1099 sextu-

115 1119 204 1168 lae.
254 1120 550 1168 Schenkelius
575 1121 672 1167 vult
699 1128 840 1167 terna
871 1123 1049 1181 duplae
1078 1123 1261 1168 sesclae
1282 1138 1380 1182 par
1408 1131 1495 1182 est,
1525 1124 1646 1184 quod

115 1191 280 1237 falsum
313 1206 414 1237 esse
433 1193 718 1238 demonstrat
745 1192 970 1239 Christius
996 1194 1026 1238 l.
1055 1208 1093 1239 c.

225 1260 342 1306 122.
388 1262 589 1308 Latinam
623 1262 860 1323 Epiphanii
897 1263 1152 1309 versionem
1192 1263 1368 1323 primus
1411 1263 1550 1308 edidit
1583 1263 1649 1308 Le

0 1304 1 1320 ¹
49 1299 51 1303 ἲ
114 1332 274 1393 Moyne
303 1328 450 1393 (Varia
490 1347 630 1379 sacra.
659 1333 801 1393 Lugd.
828 1333 920 1378 Bat.
952 1333 1103 1380 1685.
1131 1332 1217 1378 vol.
1246 1334 1262 1378 1
1290 1348 1334 1393 p.
1360 1332 1647 1391 490—95),

55 1414 62 1418 ’
114 1417 225 1448 usus
266 1402 446 1462 codiee,
484 1410 536 1449 ut
572 1403 774 1459 videtur,
810 1404 1017 1448 Parisino
1055 1403 1194 1449 8680
1231 1402 1346 1462 (vide
1382 1403 1642 1448 Mommsen.

8 1455 12 1457 >
88 1473 167 1522 ‚ad
196 1472 409 1518 Maecian.
443 1489 490 1534 p.
518 1472 653 1531 286).
713 1472 853 1519 Nobis
890 1474 936 1518 in
975 1473 1059 1519 hae
1096 1487 1210 1518 nova
1245 1473 1442 1518 editione
1475 1472 1642 1518 auxilio

0 1598 1 1605 ἵ
62 1535 69 1540 ’
113 1545 236 1589 venit
264 1550 474 1603 prompta
500 1543 673 1602 Woll'g.
697 1543 893 1603 Helbigii
920 1545 1128 1600 comitas,
1157 1544 1234 1603 qui
1254 1543 1516 1588 Vaticanum
1543 1543 1646 1588 cod.

114 1612 250 1661 3852
290 1610 410 1674 (inde
453 1629 478 1659 a
522 1614 604 1659 sol.
645 1608 778 1659 122¹³
816 1611 944 1675 extr.)
989 1619 1198 1659 accurate
1242 1627 1343 1659 cum
1380 1613 1440 1658 Le
1475 1612 1642 1672 Moynii

35 1688 58 1735 *s
111 1683 229 1730 libro
253 1682 464 1729 eontulit.
514 1686 663 1744 Atque
689 1683 795 1730 huic
821 1683 1002 1744 quidem
1030 1683 1200 1741 codici,
1237 1697 1371 1744 quem
1400 1682 1441 1727 A
1468 1683 1643 1728 notavi-

0 1749 17 1759 ²
43 1791 47 1793 .
111 1768 238 1811 mus,
275 1754 441 1800 merito
478 1768 503 1799 a
537 1753 669 1799 nobis
697 1754 913 1799 maiorem
940 1767 1074 1814 quam
1101 1753 1161 1798 Le
1187 1749 1366 1813 Moynio
1393 1754 1642 1798 auctorita-

0 1853 1 1866 *
67 1843 70 1846 ⁴
114 1831 203 1870 tem
224 1823 439 1870 tributam
467 1838 569 1870 esse
597 1823 726 1869 facile
750 1837 1002 1883 cognosces
1030 1837 1082 1868 ex
1111 1825 1243 1868 variis
1264 1823 1502 1882 scripturis
1524 1836 1641 1881 quas

40 1903 47 1940 ᾖ
112 1895 170 1942 ad
193 1910 239 1956 p.
270 1894 389 1953 101,
420 1894 502 1941 23.
537 1893 655 1951 102,
685 1893 714 1938 2
742 1893 864 1953 (coll.
891 1893 1051 1955 Epiph.
1079 1908 1126 1954 p.
1155 1893 1275 1951 263,
1305 1893 1349 1939 6.
1378 1890 1454 1950 9),
1488 1891 1556 1937 vel
1585 1892 1638 1937 ad

19 1949 77 2006 τ’
109 1978 156 2026 p.
185 1964 312 2021 102,
342 1964 422 2011 14.
466 1965 592 2021 103,
624 1965 650 2009 1
690 1964 1015 2010 adnotavimus.
1042 1988 1113 1996 -
1139 1964 1186 2008 ln
1225 1962 1463 2009 scribendo
1501 1961 1640 2007 verbo

38 2018 46 2076 J·
113 2040 348 2082 exsistere
385 2035 599 2081 librarius
629 2035 798 2080 codicis
821 2037 858 2079 A
883 2048 905 2078 s
932 2041 1035 2094 post
1063 2048 1098 2077 x
1124 2040 1202 2079 aut
1241 2034 1397 2094 posuit
1423 2030 1484 2091 (p.
1519 2031 1637 2086 102,

50 2163 54 2167 Ι
114 2107 160 2153 7.
193 2107 312 2163 106,
342 2105 426 2165 19)
453 2112 530 2151 aut
558 2106 710 2151 omisit
738 2102 796 2165 (p.
827 2105 952 2162 103,
982 2104 1061 2149 21.
1095 2103 1213 2162 104,
1243 2102 1310 2162 1),
1340 2116 1474 2162 quem
1508 2116 1637 2146 usum

38 2191 45 2223 .’
112 2189 197 2237 ego
227 2176 398 2237 ubique
436 2183 620 2222 secutus
647 2189 762 2220 sum.
813 2176 871 2219 At
897 2181 1147 2234 quattuor,
1189 2174 1311 2233 quod
1336 2187 1382 2232 p.
1412 2171 1537 2229 102,
1573 2172 1636 2217 16

0 2282 2 2292 .
52 2235 74 2306 {3
111 2253 345 2293 enotatum
371 2247 521 2292 inveni
549 2261 602 2291 ex
627 2248 690 2302 A,
722 2245 823 2292 dedi
852 2247 983 2290 etiam
1010 2260 1054 2305 p.
1084 2245 1200 2301 101,
1228 2243 1289 2300 4,
1317 2242 1394 2288 ubi
1422 2256 1473 2287 ex
1502 2241 1637 2286 silen-

0 2345 1 2365 1
112 2317 178 2363 tio
212 2317 332 2363 itlem
367 2325 574 2377 quatuor
609 2315 775 2361 hahere
812 2315 999 2361 videtur.
1025 2340 1096 2348 —
1121 2315 1172 2360 P.
1199 2314 1327 2369 101,
1357 2312 1418 2358 15
1449 2319 1493 2355 et
1531 2324 1636 2356 sana

0 2395 1 2444 j
54 2424 55 2427 ,
77 2422 84 2426 .
110 2387 429 2447 grammaticae
450 2388 564 2433 ratio
587 2394 632 2433 et
650 2392 889 2432 contextus
903 2386 1099 2431 Graecus
1120 2384 1309 2430 suadent
1329 2381 1634 2438 mamsesaeum

0 2475 1 2478 ’
53 2502 59 2507 .
109 2470 195 2518 pro
221 2458 523 2516 manifestus.
561 2483 618 2491 —
646 2457 695 2502 P.
727 2455 853 2513 102,
883 2455 951 2502 20
976 2457 1019 2501 in
1041 2469 1157 2513 per,
1196 2452 1315 2514 quod
1342 2451 1533 2508 seclusi,
1565 2464 1638 2495 ve-

55 2527 296 2588 stigium
333 2530 547 2589 antiquae
587 2529 839 2586 scripturae
865 2531 1092 2571 servatum
1123 2537 1224 2569 esse
1254 2528 1440 2582 apparet
1469 2519 1636 2566 collato

110 2597 211 2644 lsid.
247 2613 290 2659 p.
331 2599 456 2657 116,
489 2599 551 2645 19
590 2605 633 2642 et
671 2596 890 2656 Epiphan.
926 2610 971 2655 p.
1009 2594 1137 2651 263,
1176 2593 1255 2639 20.
1291 2591 1509 2636 Nimirum
1548 2605 1634 2651 pro

31 2677 39 2683 '
109 2662 416 2727 κόπτεεθαι,
454 2669 576 2729 quod
612 2667 730 2728 apud
757 2666 1056 2726 Epiplianium
1095 2664 1289 2724 legitur,
1328 2663 1373 2706 in
1415 2661 1500 2707 alia
1536 2661 1636 2706 eius

59 2774 78 2778 ..
114 2745 331 2786 tractatus
369 2739 514 2785 forma
548 2738 654 2784 olim
682 2737 822 2782 fuisse
853 2735 1028 2780 videtur
1053 2729 1219 2792 κοπή,
1262 2731 1378 2778 unde
1408 2743 1525 2790 eope
1550 2744 1633 2791 pro

47 2806 83 2845 {1‘
109 2821 198 2867 per
227 2809 313 2856 hoc
338 2809 458 2867 loco,
492 2809 699 2868 idemque
724 2821 809 2867 pro
838 2813 942 2851 cote
965 2821 1008 2865 p.
1041 2805 1159 2862 116,
1189 2796 1251 2849 19
1285 2801 1632 2847 restituendum.

65 2927 69 2930 ,
107 2875 179 2913 ’-
201 2879 252 2926 Ρ.
282 2880 410 2937 105,
442 2879 507 2925 14
534 2878 667 2924 verba
704 2881 788 2936 qui
822 2880 981 2934 coepit
1010 2874 1165 2931 ferire
1194 2876 1482 2932 pecuniam,
1522 2885 1635 2930 quo-

108 2947 227 2999 niam
260 2955 346 3009 qm·
369 2950 496 2995 abest
522 2948 576 2994 ab
603 2951 634 2992 A
651 2983 663 3006 ,
690 2961 775 3008 pro
806 2946 1080 3006 glossemate
1106 2944 1298 3003 habeas,
1331 2956 1461 3003 quam
1486 2939 1638 2999 suspi«
