1946 3220
546 173 880 209 scmP'rORns
913 173 1176 210 GRAncos.
1517 159 1617 212 111

580 285 647 325 De
677 286 788 325 mina
817 285 1134 327 Alexandrina.

197 358 527 418 Antiquissima
561 357 703 417 igitur
740 364 784 403 et
822 357 1057 419 popularis
1081 358 1411 420 Aegyptiorum
1443 359 1563 407 mina
1592 375 1616 407 a
1638 355 1706 405 66

90 427 363 493 Ptolemaeis
405 435 583 475 servata
622 435 758 488 atque
797 429 954 475 exinde
984 429 1256 476 Ptolemaica
1285 430 1510 491 appellata
1533 438 1618 477 est.

92 499 177 546 Sed
212 499 332 560 apud
364 498 478 545 alios
505 505 717 545 auctores
751 513 843 544 non
872 500 1152 560 spernendos
1179 502 1312 547 etiam
1335 501 1456 547 mina
1483 515 1619 561 quae-

91 570 191 616 dam
227 568 629 616 Alexandrina
673 570 924 627 invenitur,
977 583 1092 631 quae
1140 585 1241 616 cum
1276 571 1351 617 XX
1386 573 1619 618 unciarum

90 654 192 686 esse
218 640 412 698 dicatur,
442 640 623 685 minime
652 654 753 686 cum
774 641 929 701 priore
950 640 1165 686 confundi
1191 648 1236 687 et
1262 642 1442 688 misceri
1469 642 1619 688 debet.

0 750 6 778 ,ἱ
90 710 244 757 Galeni
269 709 398 757 locos
423 725 560 771 supra
591 711 874 757 exhibuimus
897 707 943 771 (S
963 709 1054 770 46),
1082 711 1247 772 quibus
1268 712 1440 758 accedit
1465 713 1617 758 tabula

5 780 21 799 ⁸
88 781 379 828 Dioscoridea
405 781 541 842 (prol.
571 781 600 840 S
627 781 715 840 81).
764 781 1004 827 Praeterea
1040 782 1085 826 in
1120 782 1427 827 vetustissima
1463 782 1616 829 tabula

0 850 7 877 '-
86 852 340 913 ponderum
382 851 459 911 (sr.
486 855 565 910 28,
599 850 644 910 6)
681 851 897 912 legimus:
938 846 970 910 ἡ
1010 848 1069 900 δὲ
1104 847 1475 913 Ἀλεξανδρινὴ
1512 851 1618 912 μνᾶ

88 917 205 980 ἄγει
236 917 399 970 ὁλκὰς
436 916 534 982 ρν’,
574 917 816 982 ἀλλαχοῦ
855 913 991 983 ρνηῖγ
1034 921 1179 978 Quid?
1212 915 1473 984 'possuntne
1508 925 1618 970 haec

0 1030 7 1039 .
88 994 351 1040 testimonia
370 994 488 1039 inter
509 1008 557 1039 se
583 993 826 1053 coniungi?
874 993 1074 1040 Possunt
1097 1007 1204 1040 vero
1232 993 1462 1054 facillime,
1490 994 1618 1040 dum-

85 1064 228 1110 modo
257 1078 426 1123 unum,
455 1064 579 1125 quod
613 1070 972 1111 consentaneum
1009 1070 1103 1124 est,
1144 1065 1444 1123 concedatur,
1468 1066 1617 1110 >huius

89 1134 417 1181 Alexandrinae
447 1136 593 1181 minae
628 1135 808 1197 pondus
843 1135 897 1181 ad
923 1135 1242 1182 Ptolemaicam
1267 1135 1523 1182 drachmam
1547 1149 1618 1182 re·

87 1206 335 1252 vocandum
371 1220 471 1252 esse
484 1201 530 1265 ¹).
583 1205 830 1252 Ptolemaei
855 1219 987 1266 reges
1015 1220 1105 1266 quo
1132 1220 1300 1266 genere
1327 1220 1618 1252 nummorum

88 1275 158 1322 usi
186 1276 303 1335 sint,
342 1278 452 1322 satis
477 1272 722 1336 constat2).
775 1276 884 1322 Nam
917 1291 1018 1322 cum
1044 1277 1238 1338 reliqui,
1275 1278 1352 1338 qui
1383 1284 1490 1338 post
1515 1275 1617 1321 Ale·

87 1347 244 1392 xandri
274 1354 467 1392 mortem
496 1361 627 1407 reges
655 1348 761 1394 facti
789 1354 922 1407 sunt,
961 1362 1170 1393 nummos
1201 1347 1256 1393 ad
1279 1347 1477 1394 Atticum
1504 1361 1618 1409 pon-

87 1417 171 1463 dus
199 1419 450 1478 exprimere
475 1426 735 1478 pergerent,
761 1417 1067 1475 Ptolemaeus,
1084 1418 1195 1478 Lagi
1222 1417 1360 1475 filius,
1392 1418 1617 1464 diversum

20 1527 27 1533 .
87 1501 374 1534 nummorum
394 1489 590 1549 pondus,
618 1489 740 1550 quod
768 1488 958 1534 maxime
984 1488 1029 1533 in
1055 1489 1334 1535 Phoenicum
1359 1488 1618 1535 civitatibus

87 1668 237 1710 altera
267 1670 394 1709 mina
425 1668 480 1710 de
513 1682 603 1722 qua
636 1670 815 1723 agimus
845 1668 935 1709 fuit
965 1668 1157 1709 dimidia
1186 1681 1294 1723 pars
1324 1668 1512 1710 maioris
1533 1668 1617 1709 As-

85 1726 241 1778 syriae
271 1726 438 1767 minae.
499 1726 631 1767 Haec
662 1726 806 1779 igitur
837 1729 907 1766 est
937 1726 1153 1821 {equatio

703 1785 736 1822 A
991 1795 1021 1822 X

701 1855 725 1893 2
910 1855 1049 1898 90><3
1388 1865 1396 1883 t

86 1909 207 1950 unde
238 1908 290 1949 fit
318 1923 348 1950 x
377 1925 434 1946 =
464 1911 547 1951 270
579 1923 590 1950 ε
621 1910 647 1950 2
675 1924 735 1946 :2
765 1911 861 1952 135.
920 1909 1010 1950 Tot
1047 1909 1189 1961 igitur
1228 1908 1474 1949 drachmae
1508 1918 1614 1949 con-

83 1966 277 2006 veniunt
314 1967 467 2007 minae
506 1965 823 2007 Ptolemaicae
862 1965 1182 2007 mercatoriae.
1213 1987 1266 1994 —
1304 1965 1466 2006 Altera
1495 1966 1615 2006 ratio

85 2022 256 2076 pendet
296 2035 351 2063 ex
389 2025 448 2062 iis
489 2035 606 2076 quae
646 2022 701 2063 de
733 2023 859 2063 mina
889 2021 1202 2063 Alexandrina
1236 2024 1282 2061 et
1313 2022 1367 2062 de
1399 2022 1616 2074 ponderis

83 2078 229 2119 Attici
260 2092 316 2119 ac
355 2078 634 2119 Ptolemaici
673 2080 854 2120 ratione
887 2079 1098 2132 suspicor
1129 2079 1170 2128 (ξ
1202 2077 1289 2130 66).
1347 2078 1477 2118 Mina
1506 2079 1615 2118 Pto-

83 2134 364 2176 lemaeorum
401 2136 701 2186 mercatoria,
743 2137 958 2189 quoniam
998 2148 1025 2175 a
1054 2135 1276 2175 Romanis
1316 2147 1418 2175 cum
1450 2136 1502 2178 18
1532 2147 1614 2174 un-

86 2192 172 2233 ciis
204 2193 510 2245 aequiperata
541 2195 636 2242 est,
674 2192 878 2233 Atticam
915 2192 1087 2232 minam
1124 2191 1288 2231 habuit
1319 2190 1372 2246 Ιὲ
1403 2191 1500 2232 sive
1531 2191 1615 2230 At-

84 2248 205 2289 ticas
254 2248 496 2288 drachmas
549 2247 671 2303 1123.
746 2249 846 2289 Iam
896 2252 1078 2301 sumpta.
1126 2248 1314 2289 Atticae
1365 2247 1654 2288 drachmae*

86 2305 265 2345 ratione
316 2305 375 2345 ad
422 2304 755 2346 Ptolemaicam
786 2307 811 2346 6
843 2319 853 2346 t
887 2307 913 2346 5
944 2306 985 2355 (ξ
1022 2306 1076 2346 66
1117 2304 1220 2345 adn.
1254 2305 1297 2355 3)
1352 2303 1615 2344 efficiuntur

87 2361 333 2402 drachmae
378 2361 694 2402 ptolemaicae
728 2363 826 2404 135.
885 2362 1061 2402 Rursus
1109 2361 1249 2414 igitur
1297 2359 1418 2400 idem
1466 2358 1614 2399 habes

86 2418 392 2458 mercatoriae
423 2418 576 2458 minae
606 2418 796 2471 pondus.
856 2418 986 2469 Quae
1017 2417 1221 2458 rationes
1252 2417 1292 2456 si
1321 2428 1460 2456 verae
1492 2418 1610 2465 sunt,

87 2486 179 2515 non
208 2474 256 2514 id
287 2474 469 2527 quidem
511 2475 739 2526 sequitur,
780 2478 833 2515 ut
869 2474 958 2515 hoc
999 2474 1231 2527 proprium
1273 2473 1492 2525 antiquae
1531 2472 1613 2512 mi·

86 2543 175 2572 nae
205 2531 468 2584 Aegyptiae
499 2530 675 2584 pondus
707 2531 873 2582 fuerit,
919 2530 1001 2570 sed
1039 2528 1377 2577 tantummodo,
1417 2533 1466 2568 ut
1506 2528 1612 2568 Pto-

86 2586 258 2628 lemaei
287 2586 407 2627 hanc
446 2587 754 2628 mercatoriae
785 2587 937 2626 minae
970 2586 1029 2626 ad
1059 2585 1301 2626 drachmas
1331 2585 1614 2625 nummarias

85 2641 339 2697 legitimam
368 2644 593 2684 rationem
626 2655 726 2684 esse
760 2643 991 2683 iusserint.

201 2701 243 2750 1)
282 2699 345 2741 Ut
382 2712 520 2753 saepe
561 2699 662 2740 fieri
700 2698 839 2747 solet,
892 2697 1119 2739 facillima
1159 2710 1367 2751 quaeque
1406 2697 1483 2737 diu
1522 2710 1613 2738 non

85 2753 397 2798 inveni'untur.
458 2756 549 2796 Sed
586 2760 741 2796 tamen
778 2759 1022 2809 postquam
1059 2753 1171 2795 mihi
1209 2754 1323 2794 illud
1362 2754 1479 2806 quod
1519 2753 1613 2793 dixi

85 2811 135 2852 in
163 2816 362 2853 mentem
399 2813 549 2862 venit,
588 2813 686 2854 vidi
725 2813 818 2852 iam
858 2811 1106 2851 Christium
1142 2824 1186 2864 p.
1218 2812 1273 2852 85
1304 2823 1338 2854 s.
1371 2811 1427 2850 de
1456 2810 1612 2850 Ptole·

87 2869 252 2910 maicis
289 2869 484 2909 nummis
523 2870 573 2909 in
610 2882 667 2909 ea
699 2882 747 2908 re
781 2867 1056 2921 explicanda
1087 2868 1335 2922 cogitasse.
1397 2866 1612 2907 Ceterum

90 2937 175 2978 ego
204 2926 253 2966 in
282 2925 352 2966 his
384 2937 530 2965 meam
560 2926 684 2966 viam
713 2925 893 2978 ingredi
923 2924 1116 2978 perrexi.

201 2982 246 3033 2)
276 2981 332 3023 V.
364 2982 629 3024 Mommsen.
661 2995 705 3034 p.
736 2982 791 3022 40
822 2994 856 3023 s.
916 3006 918 3008 -
