1946 3220
584 131 903 167 SCRIPTORES
930 131 1187 168 GRAECOS.
1576 116 1644 170 83

120 246 193 293 dio
222 259 442 307 quaerere
477 245 635 306 coepi,
677 247 714 291 si
740 245 847 305 quid
872 252 1106 307 praeterea
1143 245 1199 292 de
1236 249 1462 294 mensuris
1488 247 1645 295 Oriba-

122 319 217 364 sius
254 317 474 378 scriptum
503 316 781 377 reliquisset.
836 317 901 362 Ac
936 330 1042 363 mox
1072 316 1163 363 vidi
1188 316 1518 378 Du-Cangium
1546 333 1644 366 sae-

116 388 220 448 pius
263 387 403 434 citare
443 386 697 434 Oribasium
743 386 797 432 de
839 387 1119 447 ponderibus
1156 394 1202 433 et
1237 389 1463 435 mensuris
1506 403 1642 436 manu

119 453 406 519 scriptum⁴);
434 456 598 518 quibus
620 457 827 517 vestigiis
852 472 955 504 cum
982 458 1266 517 insisterem,
1292 459 1490 520 contigit
1511 460 1642 518 mihi,

116 534 168 574 ut
211 528 400 575 eundem
439 528 603 574 librum
646 541 737 588 quo
778 527 855 573 ille
895 543 1005 574 usus
1043 534 1114 575 est
1153 529 1342 576 Parisiis
1378 530 1641 591 reperirem.

18 608 27 618 ¹
115 598 230 645 Hinc
251 606 470 660 quattuor
488 597 588 645 illas
616 597 790 644 tabulas
811 598 1095 646 Oribasianas
1119 599 1342 661 descripsi
1368 600 1640 661 (sr.67-70),

114 669 170 716 de
196 669 363 730 quibus
389 671 474 716 iarn
502 669 700 715 breviter
725 669 959 716 dicendum
986 676 1069 716 est.
1109 669 1310 716 Primum
1337 673 1539 717 omnium
1566 687 1643 732 ap·

113 747 245 801 paret
269 755 345 786 eas
373 740 549 787 tabulas
577 754 669 787 non
693 741 838 801 magis
864 740 919 786 ab
951 739 1159 786 Oribasio
1200 755 1333 801 quam
1373 741 1587 788 Galeneas
1618 757 1642 788 a

116 809 284 857 Galeno
310 811 379 856 vel
398 811 731 858 Dioscorideam
752 825 776 856 a
794 811 1054 858 Dioscoride
1080 812 1275 872 scriptas
1293 825 1394 858 esse
1412 807 1458 874 (S
1470 812 1641 872 49.81).

113 1017 420 1070 ἡμικοτύλιον
442 1018 548 1072 (46),
583 1017 824 1071 ὀξύβαφον
854 1018 942 1071 (47.
965 1019 1087 1070 216);
1119 1022 1214 1060 tum
1245 1018 1476 1072 τέταρτον
1508 1018 1644 1073 μέρος

112 1076 189 1117 vel
217 1075 593 1129 τεταρτημόριον
631 1077 718 1128 τῆς
758 1074 960 1127 χοίνικος
994 1077 1078 1127 (45.
1107 1075 1208 1130 48),
1247 1077 1367 1117 unde
1408 1077 1499 1118 alio
1537 1077 1640 1119 loco

111 1145 258 1186 prava
289 1133 517 1186 scriptura
546 1132 922 1185 τεταρτημόριον
951 1133 1037 1185 τῆς
1068 1131 1203 1184 χόα(
1235 1133 1283 1173 in
1314 1130 1515 1185 χοίνικος
1545 1147 1644 1174 mu-

111 1189 257 1230 tanda
288 1188 401 1241 (38);
442 1187 749 1240 ήμιχοινίκιον
782 1189 887 1241 (42).
920 1212 973 1218 -
1003 1188 1262 1242 Diocles,
1305 1203 1332 1230 a
1365 1190 1541 1231 Galeno
1573 1191 1640 1231 ci-

112 1250 260 1297 tatus,
302 1246 466 1286 habet:
508 1243 573 1287 eie
614 1244 847 1312 μετρητὰ(
885 1243 989 1298 (pro
1021 1243 1257 1298 μετρίταε)
1295 1245 1406 1287 δέκα
1444 1244 1641 1299 πραείου

113 1303 233 1352 μνᾶν
265 1298 382 1355 (67),
413 1299 639 1353 ἡμίεκτον
671 1299 735 1343 εἰ(
766 1300 980 1354 ἀμφορέα
1012 1301 1126 1355 (54),
1166 1300 1344 1343 κύαθον
1374 1303 1488 1354 (187.
1521 1302 1640 1357 215),

111 1358 309 1412 denique
341 1357 451 1399 ὅεον
482 1355 641 1409 ἰεχάδα
672 1356 886 1411 μετρίαν,
919 1359 1104 1399 caricae
1134 1359 1377 1400 mediocris
1407 1360 1641 1412 magnitu-

112 1415 217 1456 dine
250 1413 386 1467 (215).
417 1436 475 1444 —
502 1415 635 1468 Apud
665 1415 1031 1467 Herodotum,
1066 1415 1143 1468 qui
1174 1421 1282 1456 ante
1315 1415 1541 1456 Galenum
1570 1416 1640 1457 vi-

109 1471 178 1512 xit
208 1470 366 1524 (Fabr.
397 1485 442 1525 p.
475 1470 591 1524 184),
622 1475 808 1524 praeter
837 1469 1047 1524 κοτύλην
1080 1470 1288 1523 (70.164.
1322 1471 1419 1524 165)
1455 1475 1501 1513 et
1530 1470 1640 1514 κύα-

109 1528 196 1569 θον
227 1527 313 1580 (80.
344 1528 445 1579 294)
484 1528 644 1569 inveni
682 1525 948 1580 κοχλιάριον
987 1527 1104 1579 (165)
1148 1530 1192 1568 et
1224 1526 1428 1580 μύετρου
1458 1528 1639 1581 πλῆθος

110 1585 275 1637 (ibid.)
298 1606 352 1612 —
381 1585 412 1625 J
422 1589 609 1637 ustus
641 1585 734 1625 nisi
755 1584 894 1625 fallor
923 1584 962 1626 is
994 1586 1073 1637 qui
1097 1584 1274 1626 Galeno
1307 1584 1518 1639 aequalis
1549 1585 1640 1626 fuit

112 1641 317 1693 (Fabric.
341 1655 384 1694 p.
409 1640 526 1694 306),
558 1639 762 1693 δραχμάς
794 1641 1038 1694 aliquoties
1070 1641 1256 1695 scripsit
1289 1640 1423 1694 (223).
1447 1664 1500 1671 -
1521 1641 1641 1683 Item

111 1698 231 1752 apud
261 1698 493 1751 Lycum,
528 1710 555 1737 a
586 1697 766 1739 Galeno
798 1698 1013 1751 citatum,
1055 1698 1207 1751 reperi
1244 1696 1456 1751 δραχμήν
1497 1697 1639 1751 (194);

110 1758 226 1795 tum.
259 1752 446 1807 (φαιρία
473 1751 653 1805 γίνεται
682 1751 823 1805 ἡλίκα
852 1752 1030 1806 κυάμου
1062 1753 1192 1806 (217ι
1225 1754 1344 1795 haec
1374 1755 1519 1808 igitur
1547 1768 1640 1796 non

107 1812 295 1865 propria
325 1810 571 1862 mensura).
605 1833 656 1838 —
686 1810 1043 1864 Philagrius,
1077 1810 1255 1852 Galeno
1276 1811 1508 1864 posterior
1530 1809 1638 1862 (Fa-

108 1868 225 1909 bric.
257 1881 302 1921 p.
335 1868 435 1918 364)
467 1870 645 1920 partes,
677 1879 768 1908 non
797 1879 1060 1919 mensuras,
1100 1868 1148 1907 in
1189 1866 1396 1908 formulis
1434 1867 1638 1907 medica-

108 1928 364 1965 mentorum
394 1924 683 1977 perscribere
715 1923 877 1964 solitus
909 1927 1000 1976 est,
1040 1923 1184 1964 habet
1213 1928 1370 1964 tamen
1401 1921 1640 1976 κοχλιάρια

110 1979 223 2035 (58).
246 2003 298 2010 -
329 1980 701 2033 Philotimus,
734 1993 825 2021 non
854 1981 894 2021 is
927 1980 1001 2033 qui
1030 1980 1339 2033 Erasistrato,
1370 1980 1638 2034 Theophra-

109 2038 170 2078 sti
202 2037 452 2091 discipulo,
486 2036 695 2090 aequalis
726 2037 873 2078 fuisse
905 2036 1073 2077 dicitur
1096 2036 1296 2088 (Fabric.
1319 2050 1362 2090 p.
1386 2035 1506 2089 369),
1536 2036 1638 2077 nul—

107 2094 166 2135 lis
196 2095 289 2135 nisi
318 2095 538 2134 Romanis
568 2094 849 2159 ponderibus
882 2097 928 2133 et
957 2093 1184 2134 mensuris
1215 2105 1326 2134 usus
1358 2096 1449 2133 est·
1495 2068 1638 2147 libra,

106 2152 273 2204 uncia,
301 2150 391 2191 scri
427 2150 523 2204 ulo,
556 2150 757 2191 sextario
789 2148 1010 2203 (82—86).
1069 2150 1172 2191 Uno
1208 2149 1311 2191 loco
1346 2146 1440 2202 (86)
1472 2149 1629 2190 drach

106 2220 210 2248 mae
241 2211 351 2248 nota
446 2206 674 2248 excidisse
705 2206 902 2249 videtur.
932 2228 989 2235 —
1025 2205 1398 2247 Philumenus
1429 2206 1636 2254 (Fabric.

108 2277 154 2317 p.
187 2262 290 2318 367)
328 2263 473 2304 habet
510 2261 744 2316 δραχμήν,
785 2261 980 2315 ὀβολόν,
1020 2260 1198 2303 κύαθον
1238 2260 1386 2316 (219);
1438 2262 1635 2314 denique
1674 2299 1677 2301 ,

106 2320 486 2368 Xenocrates,
539 2320 616 2372 qui
665 2320 748 2361 sub
799 2319 986 2360 Tiberio
1036 2319 1152 2360 vixit
1191 2319 1399 2371 (Fabric.
1438 2332 1482 2371 p.
1513 2315 1636 2371 452),

107 2374 317 2442 δραχμήν
350 2380 396 2417 et
424 2373 634 2428 κοτύλην
666 2375 801 2428 (357).
860 2376 994 2416 Haec
1034 2379 1140 2417 sunt
1171 2388 1290 2428 quae
1323 2374 1444 2427 apud
1475 2374 1638 2415 Oriba-

108 2435 227 2474 sium
258 2434 313 2473 de
344 2433 569 2473 mensuris
600 2433 773 2474 inveni.

219 2488 264 2541 4)
296 2489 412 2530 Vide
444 2501 479 2529 s.
513 2487 706 2540 θερμόεε
761 2487 978 2530 Oribasius
1015 2490 1068 2530 de
1105 2487 1330 2537 ponderib.
1361 2493 1402 2527 et
1431 2488 1637 2528 mensuris

106 2546 220 2587 MS.-
270 2538 294 2587 ὁ
327 2538 510 2598 θερμὸς
543 2539 639 2598 ἔχει
668 2539 875 2597 κέρατον
906 2539 949 2586 α’
980 2541 1062 2586 καὶ
1093 2539 1262 2596 ἥμισυ,
1296 2542 1373 2596 qui
1405 2547 1476 2584 est
1506 2543 1636 2584 locus

108 2603 163 2646 fr.
185 2604 254 2655 67,
276 2605 345 2644 33.
406 2602 521 2642 Tum
552 2601 633 2642 sub
665 2598 883 2653 κεράτιον
912 2602 1034 2642 idem
1066 2600 1201 2641 affert
1231 2600 1286 2641 fr.
1309 2601 1363 2641 67
1393 2600 1418 2650 ξ
1449 2602 1517 2650 27,
1552 2600 1635 2640 sub

109 2657 296 2710 (τάγιον
337 2659 540 2699 eiusdem
580 2658 828 2712 fragmenti
858 2658 882 2707 ξ
915 2660 982 2698 14.
1018 2659 1083 2698 15.
1118 2658 1186 2698 16.
1215 2658 1285 2697 26.
1344 2656 1448 2697 Alio
1481 2659 1636 2696 autem

106 2715 223 2757 libro
252 2727 362 2756 usus
394 2719 464 2756 est
495 2715 604 2767 (nisi
634 2715 734 2767 ipse
770 2712 964 2767 erravit)
995 2714 1045 2754 in
1066 2712 1314 2754 afferendis
1343 2712 1438 2754 his·
1451 2707 1634 2778 δράμῃ

106 2773 312 2837 ponderis·
340 2774 509 2825 species
539 2773 656 2824 apud
683 2771 880 2811 medicos.
944 2769 1161 2811 Oribasius
1191 2769 1278 2810 MS
1309 2768 1364 2822 δρ
1339 2763 1466 2823 ραμὴ
1496 2763 1635 2822 κέρα-

108 2840 191 2868 τον
222 2821 350 2869 α’-
380 2829 460 2868 ubi
488 2832 646 2869 nostra
676 2826 838 2868 tabula
869 2827 943 2878 (fr.
973 2828 1042 2875 67,
1073 2825 1146 2878 35)
1177 2825 1341 2867 habet:
1390 2824 1421 2876 ἡ
1453 2823 1633 2877 δραγμὴ

109 2882 202 2936 ἔχει
239 2882 438 2936 κέρατον
468 2878 510 2926 α’
543 2881 588 2929 C.
649 2883 779 2934 Quae
819 2883 991 2924 ibidem
1030 2883 1158 2924 addit
1194 2883 1295 2924 Du·
1308 2881 1534 2937 Cangius,
1577 2894 1636 2923 ea

110 2953 263 2982 rursus
295 2946 552 2996 congruunt
583 2953 685 2982 cum
715 2941 739 2990 ξ
770 2940 839 2981 28.

1307 3007 1380 3059 6*
