1946 3220
282 151 386 205 190
671 165 988 202 FRAGMENTA
1023 165 1093 198 m:
1130 163 1390 199 Mssnsums
1474 156 1478 160 ’
1731 146 1806 215 [8]

279 277 433 341 γυιάς
459 275 666 341 ὀφείλει
693 274 861 338 ἔχειν,
896 274 993 325 τοῦ
1027 270 1086 324 δὲ
1121 269 1359 337 λιβαδίου
1383 269 1468 324 καὶ
1490 272 1601 324 τῶν
1625 287 1806 337 περιο-

282 364 478 426 ριςμῶν
503 358 580 423 ιβ’.
1247 352 1252 358 ’

383 444 462 495 13.
503 442 595 494 Καὶ
630 440 758 505 μετὰ
797 440 892 504 μὲν
918 442 1016 492 τοῦ
1052 439 1401 505 δεκαοργυίου
1436 439 1668 505 ςχοινίου
1696 439 1805 505 ἔχει

280 530 322 579 ὸ-
356 531 512 578 ,όπος
547 526 646 576 τοῦ
680 522 869 588 μοδίου
903 522 1120 588 ὀργυιὰς
1155 522 1197 576 ς’
1229 524 1422 588 μόνας,
1459 523 1587 588 μετὰ
1620 524 1678 576 δὲ
1706 525 1804 576 τοῦ

223 628 249 667 5
280 607 711 674 δωδεκαοργυίου
738 607 846 672 ἔχει
873 606 1092 672 ὀργυιὰς
1115 604 1245 672 ςπη’.

388 706 467 760 14.
504 706 657 771 Πλὴν
695 705 747 758 οἱ
776 704 1096 772 βραχύτατοι
1133 705 1219 758 καὶ
1250 704 1457 759 πεδινοὶ
1487 704 1646 758 τόποι
1674 704 1805 770 μετὰ

276 793 374 844 τοῦ
401 788 750 856 δεκαοργυίου
767 789 1003 856 ςχοινίου
1030 788 1305 856 ὀφείλουςι
1331 791 1641 854 μετρεῖςθαι·
1668 788 1719 841 οἱ
1744 788 1804 842 δὲ

278 875 606 941 περιοριςμοὶ
638 876 751 928 τῶν
795 873 1126 939 προαςτείων
1161 874 1246 926 καὶ
1282 875 1394 928 τῶν
1428 872 1645 937 χωρίων
1691 876 1804 927 τῶν

279 958 560 1024 ὁλογύρως
609 958 984 1023 μετρουμένων
1034 957 1162 1022 μετὰ
1218 959 1317 1011 τοῦ
1371 955 1803 1021 δωδεκαοργυίου

194 1059 247 1098 10
278 1041 515 1108 ςχοινίου
545 1042 631 1094 διὰ
659 1041 721 1094 τὸ
748 1040 1066 1107 εὑρίςκεςθαι
1091 1041 1288 1095 ἔςωθεν
1312 1043 1423 1095 τῶν
1450 1041 1804 1106 περιοριςμῶν

194 1477 245 1516 15

278 1124 459 1179 αὐτῶν
495 1124 751 1178 πολλάκις
787 1125 1236 1191 ξηροχειμάρρους
1261 1125 1346 1177 καὶ
1380 1124 1577 1188 ῥύακας
1603 1123 1686 1175 καὶ
1712 1122 1804 1175 λό-

1820 0 1824 2 ’
1853 0 1879 13 σα.

1867 0 1930 81 ἒ

1871 72 1903 94 Ἧι

1887 96 1894 102 ,
1901 105 1915 126 ᾗ

275 1225 408 1274 χμας
440 1209 523 1260 καὶ
559 1208 851 1273 ἀχρήςτους
875 1209 1091 1261 τόπους.
1144 1209 1210 1262 ἂν
1237 1209 1296 1261 δὲ
1325 1208 1408 1260 καὶ
1433 1208 1563 1273 μετὰ
1589 1209 1687 1259 τοῦ
1718 1211 1804 1260 δε-
1846 1220 1850 1223 ·

275 1291 564 1358 καοργυίου
594 1293 829 1357 ςχοινίου
862 1296 1212 1357 μετρηθῶςιν,
1248 1291 1557 1358 ὀφείλουςιν
1592 1290 1804 1346 ὑπεξαι-

277 1378 473 1441 ρεῖςθαι
523 1375 627 1429 εἴτε
676 1376 785 1429 ἀπὸ
828 1380 925 1429 τοῦ
971 1376 1328 1443 ἀναβιβαςμοῦ
1370 1378 1481 1429 τῶν
1526 1375 1805 1440 ςωκαρίων

276 1459 409 1512 κατὰ
437 1459 468 1511 ι’
493 1459 724 1524 ςωκάρια
760 1460 1022 1525 ςωκάριον
1050 1459 1115 1524 α’,
1141 1459 1245 1513 εἴτε
1271 1460 1379 1512 ἀπὸ
1414 1462 1513 1511 τοῦ
1548 1461 1802 1525 μιοδιςμοῦ

275 1544 407 1597 κατὰ
436 1543 564 1596 δέκα
587 1542 745 1608 μόδια
769 1544 955 1607 μόδιον
984 1545 1043 1597 ἓν
1075 1544 1161 1597 διὰ
1194 1544 1288 1596 τὰς
1323 1542 1597 1608 εἰρημένας
1624 1540 1803 1594 αἰτίας.

384 1641 463 1694 15.
502 1641 606 1694 Δεῖ
629 1642 688 1694 δὲ
717 1642 1009 1706 γινώςκειν,
1037 1640 1118 1694 ὅτι
1143 1641 1175 1694 ὁ
1203 1641 1456 1705 ςπόριμος
1484 1640 1667 1705 μόδιος
1693 1639 1802 1704 ἔχει

275 1723 452 1790 λίτρας
478 1725 887 1790 τεςςαράκοντα·
915 1726 1003 1790 μία
1027 1727 1086 1778 δὲ
1111 1724 1295 1789 ἑκάςτη
1322 1725 1471 1790 λίτρα
1491 1724 1686 1789 ςπείρει
1699 1725 1801 1787 γῆν

277 1807 515 1874 ὀργυιῶν
544 1808 597 1863 ε’.

388 2037 427 2076 1.
466 2035 552 2075 τοῦ
585 2033 634 2076 δὲ
663 2032 886 2088 λιβαδίου]
928 2035 1014 2075 τοῦ
1054 2029 1092 2075 δ’
1122 2031 1338 2086 ἐμβαδίου
1367 2033 1425 2074 ΡΘ
1538 2034 1639 2074 τῶν
1676 2044 1801 2085 περι-

205 2154 210 2158 ,
274 2102 531 2156 οριςμὲνων
560 2101 634 2157 Pd,
674 2103 763 2146 τὸν
794 2102 1093 2156 περιοριςμὸν
1121 2105 1164 2146 V
1278 2106 1320 2145 3.
1351 2099 1653 2155 δεκαουργίου
1682 2103 1739 2143 Ρ*3
1771 2117 1800 2145 a

272 2187 340 2227 pr.
379 2187 456 2225 m.,
495 2172 875 2225 δεκαουργυιαίου
914 2174 1036 2215 idem
1076 2187 1103 2214 a
1142 2186 1236 2214 sec.
1275 2187 1332 2217 m.
1378 2173 1597 2225 (itemque
1636 2172 1795 2226 infra),

273 2239 626 2294 δεκαοργυιαίου
657 2243 718 2283 Sa
833 2240 1054 2296 ςχοινίου]
1089 2239 1321 2294 ςωκαρίου
1351 2242 1391 2283 V
1504 2243 1544 2283 4.
1576 2240 1602 2283 ό
1633 2255 1719 2283 om.
1741 2243 1799 2283 pe

273 2307 328 2365 ς’]
361 2309 589 2353 διακοςίας
620 2314 676 2354 ΡΘ
791 2313 867 2354 καὶ
907 2316 1014 2354 ante
1055 2311 1200 2363 μόνας
1241 2312 1344 2354 add.
1373 2309 1469 2352 Pde
1584 2312 1623 2354 5.
1656 2311 1798 2353 δωδε-

273 2379 542 2435 καοργυίου]
585 2380 626 2433 ίβ
658 2379 818 2434 ὸργίου
849 2381 940 2435 Pd,
986 2379 1436 2434 δωδεκαουργυιαίου
1466 2382 1531 2422 pe
1577 2379 1796 2435 (itemque

272 2451 412 2503 infra)
503 2446 626 2505 ςπη’]
661 2445 733 2493 (π’
752 2453 809 2492 pe
924 2454 965 2493 8.
998 2452 1074 2494 καὶ
1104 2454 1204 2493 τῶν
1235 2449 1424 2503 χωρίων
1446 2465 1533 2493 om.
1554 2452 1612 2492 pe
1727 2454 1795 2493 10.

271 2525 374 2573 post
406 2518 606 2572 ςχοινίου
635 2519 703 2563 P‘l
736 2522 837 2563 add.
873 2520 1109 2574 ὸφείλουςι
1141 2522 1401 2574 μετρεῑςθαι
1515 2520 1798 2573 περιοριςμὲ-

274 2601 373 2629 νων
411 2588 482 2630 P<l
598 2593 666 2633 11.
705 2591 780 2633 καὶ
819 2591 995 2644 λόχμας
1035 2606 1118 2635 om.
1147 2593 1190 2633 V
1303 2589 1498 2643 λόχμας]
1541 2591 1654 2642 λογχ
1692 2603 1795 2631 cum

275 2663 485 2711 corrupto
518 2662 785 2714 compendio
816 2660 876 2703 P‘l
992 2665 1058 2704 12.
1092 2659 1332 2715 ἀχρίετου(
1361 2661 1431 2708 Pe,
1462 2657 1704 2712 ἀκρίσι-ους
1733 2659 1795 2701 P‘1

273 2725 348 2780 ἂν]
383 2724 429 2767 αἱ
459 2728 529 2779 Pe,
563 2726 602 2770 εἰ
632 2729 690 2770 Pd
777 2730 834 2773 ἂν
864 2731 913 2774 δὲ
942 2732 1018 2774 καὶ
1047 2745 1191 2785 usque
1224 2731 1282 2772 ad
1313 2727 1462 2772 αἰτίας
1484 2731 1618 2773 om.V
1725 2732 1794 2772 13.

273 2797 532 2848 μετρηθῶςι
561 2796 638 2838 pde
754 2803 819 2842 15.
852 2806 957 2855 post
986 2801 1203 2853 μοδιςμοῡ
1236 2802 1291 2842 Ρο
1322 2801 1423 2842 add.
1455 2797 1795 2853 ὑπεξαιρεῖςθαι

274 2868 341 2907 16.
375 2863 445 2918 ἓν]
481 2859 521 2906 α’
552 2867 615 2907 Pe
731 2871 797 2911 17.
829 2869 934 2923 Δεῖ]
968 2869 1063 2925 Χρὴ
1095 2874 1136 2914 V
1251 2871 1318 2914 18.
1348 2869 1521 2923 λύτραε
1551 2869 1607 2909 Pe
1723 2871 1793 2911 19.

273 2930 327 2989 ε’]
362 2933 504 2976 πέντε
534 2936 590 2976 P‘³
