<?xml version="1.0" encoding="UTF-8"?>
<!DOCTYPE html PUBLIC "-//W3C//DTD XHTML 1.0 Transitional//EN"
    "http://www.w3.org/TR/xhtml1/DTD/xhtml1-transitional.dtd">
<html xmlns="http://www.w3.org/1999/xhtml" xml:lang="en" lang="en">
 <head>
  <title>
</title>
<meta http-equiv="Content-Type" content="text/html;charset=utf-8" />
  <meta name='ocr-system' content='tesseract 3.04.00' />
  <meta name='ocr-capabilities' content='ocr_page ocr_carea ocr_par ocr_line ocrx_word'/>
</head>
<body>
  <div class='ocr_page' id='page_1' title='image "./metrologicorumsc01hultuoft_0398.png"; bbox 0 0 1946 3220; ppageno 0'>
   <div class='ocr_carea' id='block_1_1' title="bbox 200 126 1198 192">
    <p class='ocr_par' dir='ltr' id='par_1_1' title="bbox 200 126 1198 192">
     <span class='ocr_line' id='line_1_1' title="bbox 200 126 1198 192; baseline -0.002 0"><span class='ocrx_word' id='word_1_1' title='bbox 200 126 203 129; x_wconf 49' lang='grc'><strong>’</strong></span> <span class='ocrx_word' id='word_1_2' title='bbox 271 154 376 192; x_wconf 76' lang='lat' dir='ltr'><em>X1v</em></span> <span class='ocrx_word' id='word_1_3' title='bbox 883 157 1198 191; x_wconf 56' lang='lat' dir='ltr'><em>mammo.</em></span> 
     </span>
    </p>
   </div>
   <div class='ocr_carea' id='block_1_2' title="bbox 203 266 1801 2996">
    <p class='ocr_par' dir='ltr' id='par_1_2' title="bbox 269 266 1801 384">
     <span class='ocr_line' id='line_1_2' title="bbox 269 266 1801 326; baseline 0.002 -12"><span class='ocrx_word' id='word_1_4' title='bbox 269 283 373 314; x_wconf 89' lang='lat' dir='ltr'><em>rum</em></span> <span class='ocrx_word' id='word_1_5' title='bbox 400 274 663 313; x_wconf 79' lang='lat' dir='ltr'><em>memorata</em></span> <span class='ocrx_word' id='word_1_6' title='bbox 693 267 863 312; x_wconf 75' lang='lat' dir='ltr'><em>libellis</em></span> <span class='ocrx_word' id='word_1_7' title='bbox 888 267 1023 326; x_wconf 91' lang='lat' dir='ltr'><em>idque</em></span> <span class='ocrx_word' id='word_1_8' title='bbox 1047 266 1314 326; x_wconf 83' lang='lat' dir='ltr'>perducitur</span> <span class='ocrx_word' id='word_1_9' title='bbox 1342 267 1396 313; x_wconf 88' lang='lat' dir='ltr'><em>ad</em></span> <span class='ocrx_word' id='word_1_10' title='bbox 1423 281 1486 314; x_wconf 92' lang='lat' dir='ltr'><em>vs.</em></span> <span class='ocrx_word' id='word_1_11' title='bbox 1515 267 1579 315; x_wconf 89' lang='lat'><em>55</em></span> <span class='ocrx_word' id='word_1_12' title='bbox 1607 282 1801 317; x_wconf 85' lang='lat' dir='ltr'><em>semun-</em></span> 
     </span>
     <span class='ocr_line' id='line_1_3' title="bbox 272 336 1418 384; baseline -0.002 0"><span class='ocrx_word' id='word_1_13' title='bbox 272 343 349 384; x_wconf 86' lang='lat' dir='ltr'><em>cia</em></span> <span class='ocrx_word' id='word_1_14' title='bbox 375 342 544 383; x_wconf 82' lang='lat' dir='ltr'><em>maior.</em></span> <span class='ocrx_word' id='word_1_15' title='bbox 602 338 713 381; x_wconf 85' lang='lat' dir='ltr'><em>Tum</em></span> <span class='ocrx_word' id='word_1_16' title='bbox 737 337 988 383; x_wconf 85' lang='lat' dir='ltr'><em>intercalati</em></span> <span class='ocrx_word' id='word_1_17' title='bbox 1011 342 1117 382; x_wconf 90' lang='lat' dir='ltr'><em>sunt</em></span> <span class='ocrx_word' id='word_1_18' title='bbox 1141 336 1232 382; x_wconf 90' lang='lat' dir='ltr'><em>duo</em></span> <span class='ocrx_word' id='word_1_19' title='bbox 1261 350 1418 382; x_wconf 88' lang='lat' dir='ltr'><em>versus</em></span> 
     </span>
    </p>

    <p class='ocr_par' dir='ltr' id='par_1_3' title="bbox 408 407 1656 467">
     <span class='ocr_line' id='line_1_4' title="bbox 408 407 1656 467; baseline 0.002 -16"><span class='ocrx_word' id='word_1_20' title='bbox 408 409 542 452; x_wconf 85' lang='lat' dir='ltr'><em>Haec</em></span> <span class='ocrx_word' id='word_1_21' title='bbox 570 407 628 451; x_wconf 92' lang='lat' dir='ltr'><em>de</em></span> <span class='ocrx_word' id='word_1_22' title='bbox 649 407 962 465; x_wconf 78' lang='lat' dir='ltr'><em>ponderibus.</em></span> <span class='ocrx_word' id='word_1_23' title='bbox 1014 410 1059 452; x_wconf 91' lang='lat' dir='ltr'><em>si</em></span> <span class='ocrx_word' id='word_1_24' title='bbox 1084 415 1250 452; x_wconf 81' lang='lat' dir='ltr'><em>cetera</em></span> <span class='ocrx_word' id='word_1_25' title='bbox 1275 410 1416 466; x_wconf 73' lang='lat' dir='ltr'><em>siqna</em></span> <span class='ocrx_word' id='word_1_26' title='bbox 1444 411 1656 467; x_wconf 73' lang='lat' dir='ltr'><em>requiris</em></span> 
     </span>
    </p>

    <p class='ocr_par' dir='ltr' id='par_1_4' title="bbox 254 479 1799 1376">
     <span class='ocr_line' id='line_1_5' title="bbox 409 479 1595 536; baseline 0.002 -15"><span class='ocrx_word' id='word_1_27' title='bbox 409 479 486 521; x_wconf 74' lang='lat' dir='ltr'><em>Ex</em></span> <span class='ocrx_word' id='word_1_28' title='bbox 513 480 631 536; x_wconf 88' lang='lat' dir='ltr'><em>ipsis</em></span> <span class='ocrx_word' id='word_1_29' title='bbox 655 484 872 522; x_wconf 81' lang='lat' dir='ltr'><em>ueterum</em></span> <span class='ocrx_word' id='word_1_30' title='bbox 894 482 1082 536; x_wconf 82' lang='lat' dir='ltr'><em>poteris</em></span> <span class='ocrx_word' id='word_1_31' title='bbox 1110 490 1402 536; x_wconf 75' lang='lat' dir='ltr'><em>coynoscere</em></span> <span class='ocrx_word' id='word_1_32' title='bbox 1429 481 1595 524; x_wconf 85' lang='lat' dir='ltr'><em>cartis.</em></span> 
     </span>
     <span class='ocr_line' id='line_1_6' title="bbox 271 546 1799 608; baseline 0.003 -16"><span class='ocrx_word' id='word_1_33' title='bbox 271 547 534 606; x_wconf 83' lang='lat' dir='ltr'><em>Sequuntur</em></span> <span class='ocrx_word' id='word_1_34' title='bbox 560 546 770 594; x_wconf 85' lang='lat' dir='ltr'><em>carminis</em></span> <span class='ocrx_word' id='word_1_35' title='bbox 795 549 850 593; x_wconf 90' lang='lat' dir='ltr'><em>de</em></span> <span class='ocrx_word' id='word_1_36' title='bbox 875 546 1157 608; x_wconf 86' lang='lat' dir='ltr'><em>ponderibus</em></span> <span class='ocrx_word' id='word_1_37' title='bbox 1185 560 1336 593; x_wconf 89' lang='lat' dir='ltr'><em>versus</em></span> <span class='ocrx_word' id='word_1_38' title='bbox 1370 547 1470 592; x_wconf 84' lang='lat'><em>124</em></span> <span class='ocrx_word' id='word_1_39' title='bbox 1496 548 1634 594; x_wconf 88' lang='lat' dir='ltr'><em>Nunc</em></span> <span class='ocrx_word' id='word_1_40' title='bbox 1660 550 1799 595; x_wconf 82' lang='lat' dir='ltr'><em>aliud</em></span> 
     </span>
     <span class='ocr_line' id='line_1_7' title="bbox 271 617 1794 681; baseline 0.003 -20"><span class='ocrx_word' id='word_1_41' title='bbox 271 631 416 676; x_wconf 89' lang='lat' dir='ltr'><em>usque</em></span> <span class='ocrx_word' id='word_1_42' title='bbox 451 617 505 662; x_wconf 88' lang='lat' dir='ltr'><em>ad</em></span> <span class='ocrx_word' id='word_1_43' title='bbox 533 617 632 664; x_wconf 88' lang='lat'><em>163</em></span> <span class='ocrx_word' id='word_1_44' title='bbox 666 621 772 663; x_wconf 88' lang='lat' dir='ltr'><em>sine</em></span> <span class='ocrx_word' id='word_1_45' title='bbox 807 623 971 678; x_wconf 79' lang='lat' dir='ltr'><em>aquis,</em></span> <span class='ocrx_word' id='word_1_46' title='bbox 1017 617 1094 663; x_wconf 89' lang='lat' dir='ltr'><em>ubi</em></span> <span class='ocrx_word' id='word_1_47' title='bbox 1133 631 1289 663; x_wconf 89' lang='lat' dir='ltr'><em>omnes</em></span> <span class='ocrx_word' id='word_1_48' title='bbox 1323 617 1428 663; x_wconf 89' lang='lat' dir='ltr'>libri</span> <span class='ocrx_word' id='word_1_49' title='bbox 1465 632 1600 664; x_wconf 89' lang='lat' dir='ltr'><em>manu</em></span> <span class='ocrx_word' id='word_1_50' title='bbox 1639 621 1794 681; x_wconf 87' lang='lat' dir='ltr'><em>scripti</em></span> 
     </span>
     <span class='ocr_line' id='line_1_8' title="bbox 267 687 1796 748; baseline 0.003 -17"><span class='ocrx_word' id='word_1_51' title='bbox 267 693 449 746; x_wconf 87' lang='lat' dir='ltr'><em>praeter</em></span> <span class='ocrx_word' id='word_1_52' title='bbox 472 687 765 746; x_wconf 83' lang='lat' dir='ltr'><em>Bobiensem,</em></span> <span class='ocrx_word' id='word_1_53' title='bbox 806 695 857 734; x_wconf 88' lang='lat' dir='ltr'><em>ut</em></span> <span class='ocrx_word' id='word_1_54' title='bbox 897 702 1034 748; x_wconf 90' lang='lat' dir='ltr'><em>supra</em></span> <span class='ocrx_word' id='word_1_55' title='bbox 1070 687 1238 733; x_wconf 90' lang='lat' dir='ltr'><em>dictum</em></span> <span class='ocrx_word' id='word_1_56' title='bbox 1267 694 1362 745; x_wconf 78' lang='lat' dir='ltr'><em>est,</em></span> <span class='ocrx_word' id='word_1_57' title='bbox 1401 688 1628 734; x_wconf 88' lang='lat' dir='ltr'><em>desinunt.</em></span> <span class='ocrx_word' id='word_1_58' title='bbox 1678 690 1796 736; x_wconf 89' lang='lat' dir='ltr'><em>Haec</em></span> 
     </span>
     <span class='ocr_line' id='line_1_9' title="bbox 269 758 1796 821; baseline 0.003 -19"><span class='ocrx_word' id='word_1_59' title='bbox 269 758 500 817; x_wconf 84' lang='lat' dir='ltr'><em>excipiunt</em></span> <span class='ocrx_word' id='word_1_60' title='bbox 539 758 776 804; x_wconf 82' lang='lat' dir='ltr'><em>duodecim</em></span> <span class='ocrx_word' id='word_1_61' title='bbox 811 773 968 804; x_wconf 88' lang='lat' dir='ltr'><em>versus</em></span> <span class='ocrx_word' id='word_1_62' title='bbox 1008 759 1062 803; x_wconf 88' lang='lat' dir='ltr'><em>de</em></span> <span class='ocrx_word' id='word_1_63' title='bbox 1096 758 1294 818; x_wconf 85' lang='lat' dir='ltr'><em>planetis</em></span> <span class='ocrx_word' id='word_1_64' title='bbox 1332 758 1467 803; x_wconf 88' lang='lat' dir='ltr'><em>iidem</em></span> <span class='ocrx_word' id='word_1_65' title='bbox 1498 772 1615 818; x_wconf 86' lang='lat' dir='ltr'><em>quos</em></span> <span class='ocrx_word' id='word_1_66' title='bbox 1645 761 1796 821; x_wconf 88' lang='lat' dir='ltr'><em>Ange—</em></span> 
     </span>
     <span class='ocr_line' id='line_1_10' title="bbox 263 826 1795 890; baseline 0.003 -19"><span class='ocrx_word' id='word_1_67' title='bbox 263 826 414 873; x_wconf 92' lang='lat' dir='ltr'><em>lonius</em></span> <span class='ocrx_word' id='word_1_68' title='bbox 452 828 591 873; x_wconf 85' lang='lat' dir='ltr'>edidit</span> <span class='ocrx_word' id='word_1_69' title='bbox 627 843 671 888; x_wconf 92' lang='lat' dir='ltr'><em>p.</em></span> <span class='ocrx_word' id='word_1_70' title='bbox 699 828 798 876; x_wconf 84' lang='lat'><em>232</em></span> <span class='ocrx_word' id='word_1_71' title='bbox 832 827 1060 890; x_wconf 88' lang='lat' dir='ltr'><em>(repetivit</em></span> <span class='ocrx_word' id='word_1_72' title='bbox 1092 827 1286 873; x_wconf 87' lang='lat' dir='ltr'><em>Orellius</em></span> <span class='ocrx_word' id='word_1_73' title='bbox 1316 842 1360 887; x_wconf 89' lang='lat' dir='ltr'><em>p.</em></span> <span class='ocrx_word' id='word_1_74' title='bbox 1394 827 1538 887; x_wconf 83' lang='lat'>242):</span> <span class='ocrx_word' id='word_1_75' title='bbox 1579 829 1795 889; x_wconf 77' lang='lat' dir='ltr'><em>Siynifer</em></span> 
     </span>
     <span class='ocr_line' id='line_1_11' title="bbox 266 898 1792 958; baseline 0.003 -16"><span class='ocrx_word' id='word_1_76' title='bbox 266 921 327 930; x_wconf 90' lang='lat'><em>-—</em></span> <span class='ocrx_word' id='word_1_77' title='bbox 367 899 563 956; x_wconf 70' lang='lat' dir='ltr'><em>conficit</em></span> <span class='ocrx_word' id='word_1_78' title='bbox 599 899 773 944; x_wconf 89' lang='lat' dir='ltr'><em>orbem.</em></span> <span class='ocrx_word' id='word_1_79' title='bbox 849 900 931 946; x_wconf 90' lang='lat' dir='ltr'><em>Hic</em></span> <span class='ocrx_word' id='word_1_80' title='bbox 972 899 1139 944; x_wconf 84' lang='lat' dir='ltr'>desinit</span> <span class='ocrx_word' id='word_1_81' title='bbox 1184 898 1411 958; x_wconf 89' lang='lat' dir='ltr'><em>scriptura</em></span> <span class='ocrx_word' id='word_1_82' title='bbox 1453 900 1499 943; x_wconf 93' lang='lat' dir='ltr'><em>in</em></span> <span class='ocrx_word' id='word_1_83' title='bbox 1542 899 1696 946; x_wconf 89' lang='lat' dir='ltr'><em>codice</em></span> <span class='ocrx_word' id='word_1_84' title='bbox 1742 915 1792 946; x_wconf 89' lang='lat' dir='ltr'><em>ac</em></span> 
     </span>
     <span class='ocr_line' id='line_1_12' title="bbox 263 967 1792 1030; baseline 0.003 -19"><span class='ocrx_word' id='word_1_85' title='bbox 263 967 536 1028; x_wconf 85' lang='lat' dir='ltr'><em>relinquitur</em></span> <span class='ocrx_word' id='word_1_86' title='bbox 561 983 746 1015; x_wconf 82' lang='lat' dir='ltr'><em>vacuum</em></span> <span class='ocrx_word' id='word_1_87' title='bbox 779 970 993 1029; x_wconf 86' lang='lat' dir='ltr'><em>spatium,</em></span> <span class='ocrx_word' id='word_1_88' title='bbox 1020 968 1138 1014; x_wconf 91' lang='lat' dir='ltr'><em>unde</em></span> <span class='ocrx_word' id='word_1_89' title='bbox 1169 975 1357 1028; x_wconf 84' lang='lat' dir='ltr'><em>apparet</em></span> <span class='ocrx_word' id='word_1_90' title='bbox 1382 968 1614 1015; x_wconf 87' lang='lat' dir='ltr'><em>librarium</em></span> <span class='ocrx_word' id='word_1_91' title='bbox 1640 971 1792 1030; x_wconf 89' lang='lat' dir='ltr'><em>ipsum</em></span> 
     </span>
     <span class='ocr_line' id='line_1_13' title="bbox 262 1037 1790 1099; baseline 0.003 -18"><span class='ocrx_word' id='word_1_92' title='bbox 262 1037 374 1082; x_wconf 89' lang='lat' dir='ltr'><em>nihil</em></span> <span class='ocrx_word' id='word_1_93' title='bbox 400 1038 614 1084; x_wconf 89' lang='lat' dir='ltr'><em>habuisse</em></span> <span class='ocrx_word' id='word_1_94' title='bbox 644 1040 766 1099; x_wconf 90' lang='lat' dir='ltr'><em>quod</em></span> <span class='ocrx_word' id='word_1_95' title='bbox 792 1040 991 1085; x_wconf 82' lang='lat' dir='ltr'><em>adderet.</em></span> <span class='ocrx_word' id='word_1_96' title='bbox 1039 1040 1128 1083; x_wconf 90' lang='lat' dir='ltr'><em>Iam</em></span> <span class='ocrx_word' id='word_1_97' title='bbox 1157 1051 1472 1084; x_wconf 87' lang='lat' dir='ltr'><em>recenseamus</em></span> <span class='ocrx_word' id='word_1_98' title='bbox 1500 1039 1578 1084; x_wconf 82' lang='lat' dir='ltr'><em>fol.</em></span> <span class='ocrx_word' id='word_1_99' title='bbox 1611 1040 1691 1085; x_wconf 88' lang='lat'><em>17.</em></span> <span class='ocrx_word' id='word_1_100' title='bbox 1743 1041 1790 1085; x_wconf 92' lang='lat' dir='ltr'><em>In</em></span> 
     </span>
     <span class='ocr_line' id='line_1_14' title="bbox 261 1106 1794 1169; baseline 0.002 -18"><span class='ocrx_word' id='word_1_101' title='bbox 261 1106 348 1153; x_wconf 89' lang='lat' dir='ltr'><em>hoc</em></span> <span class='ocrx_word' id='word_1_102' title='bbox 386 1122 435 1153; x_wconf 86' lang='lat' dir='ltr'><em>ea</em></span> <span class='ocrx_word' id='word_1_103' title='bbox 471 1123 575 1168; x_wconf 88' lang='lat' dir='ltr'><em>pars</em></span> <span class='ocrx_word' id='word_1_104' title='bbox 611 1111 824 1155; x_wconf 81' lang='lat' dir='ltr'><em>carminis</em></span> <span class='ocrx_word' id='word_1_105' title='bbox 858 1111 911 1155; x_wconf 88' lang='lat' dir='ltr'><em>de</em></span> <span class='ocrx_word' id='word_1_106' title='bbox 937 1107 1215 1169; x_wconf 88' lang='lat' dir='ltr'><em>ponderibus</em></span> <span class='ocrx_word' id='word_1_107' title='bbox 1239 1109 1493 1168; x_wconf 88' lang='lat' dir='ltr'><em>perscripta</em></span> <span class='ocrx_word' id='word_1_108' title='bbox 1529 1116 1598 1154; x_wconf 90' lang='lat' dir='ltr'><em>est</em></span> <span class='ocrx_word' id='word_1_109' title='bbox 1626 1124 1712 1169; x_wconf 85' lang='lat' dir='ltr'><em>qua</em></span> <span class='ocrx_word' id='word_1_110' title='bbox 1738 1111 1794 1156; x_wconf 87' lang='lat' dir='ltr'><em>dc</em></span> 
     </span>
     <span class='ocr_line' id='line_1_15' title="bbox 260 1178 1791 1240; baseline 0.005 -21"><span class='ocrx_word' id='word_1_111' title='bbox 260 1180 485 1223; x_wconf 87' lang='lat' dir='ltr'><em>mensuris</em></span> <span class='ocrx_word' id='word_1_112' title='bbox 520 1185 564 1223; x_wconf 90' lang='lat' dir='ltr'><em>et</em></span> <span class='ocrx_word' id='word_1_113' title='bbox 598 1179 732 1225; x_wconf 86' lang='lat' dir='ltr'><em>variis</em></span> <span class='ocrx_word' id='word_1_114' title='bbox 772 1179 1002 1240; x_wconf 88' lang='lat' dir='ltr'><em>liquorum</em></span> <span class='ocrx_word' id='word_1_115' title='bbox 1040 1179 1318 1239; x_wconf 89' lang='lat' dir='ltr'><em>ponderibus</em></span> <span class='ocrx_word' id='word_1_116' title='bbox 1355 1181 1520 1238; x_wconf 83' lang='lat' dir='ltr'><em>agitur.</em></span> <span class='ocrx_word' id='word_1_117' title='bbox 1584 1178 1669 1224; x_wconf 89' lang='lat' dir='ltr'><em>Sed</em></span> <span class='ocrx_word' id='word_1_118' title='bbox 1706 1194 1791 1240; x_wconf 90' lang='lat' dir='ltr'><em>pro</em></span> 
     </span>
     <span class='ocr_line' id='line_1_16' title="bbox 259 1248 1791 1308; baseline 0.003 -17"><span class='ocrx_word' id='word_1_119' title='bbox 259 1248 448 1306; x_wconf 86' lang='lat' dir='ltr'><em>genuini</em></span> <span class='ocrx_word' id='word_1_120' title='bbox 474 1249 686 1294; x_wconf 83' lang='lat' dir='ltr'><em>carminis</em></span> <span class='ocrx_word' id='word_1_121' title='bbox 712 1264 846 1295; x_wconf 89' lang='lat' dir='ltr'><em>versu</em></span> <span class='ocrx_word' id='word_1_122' title='bbox 875 1249 939 1297; x_wconf 82' lang='lat'><em>56</em></span> <span class='ocrx_word' id='word_1_123' title='bbox 966 1251 1099 1294; x_wconf 83' lang='lat' dir='ltr'><em>Haec</em></span> <span class='ocrx_word' id='word_1_124' title='bbox 1127 1250 1184 1293; x_wconf 89' lang='lat' dir='ltr'><em>de</em></span> <span class='ocrx_word' id='word_1_125' title='bbox 1206 1249 1532 1307; x_wconf 75' lang='lat' dir='ltr'><em>ponderibus:</em></span> <span class='ocrx_word' id='word_1_126' title='bbox 1572 1257 1791 1308; x_wconf 78' lang='lat' dir='ltr'><em>superest</em></span> 
     </span>
     <span class='ocr_line' id='line_1_17' title="bbox 254 1320 1252 1376; baseline 0.002 -15"><span class='ocrx_word' id='word_1_127' title='bbox 254 1331 378 1375; x_wconf 84' lang='lat' dir='ltr'><em>pars</em></span> <span class='ocrx_word' id='word_1_128' title='bbox 407 1320 563 1364; x_wconf 80' lang='lat' dir='ltr'><em>altera</em></span> <span class='ocrx_word' id='word_1_129' title='bbox 594 1320 747 1376; x_wconf 79' lang='lat' dir='ltr'><em>nobis,</em></span> <span class='ocrx_word' id='word_1_130' title='bbox 775 1321 849 1366; x_wconf 90' lang='lat' dir='ltr'><em>hic</em></span> <span class='ocrx_word' id='word_1_131' title='bbox 877 1320 1154 1365; x_wconf 89' lang='lat' dir='ltr'><em>substitutus</em></span> <span class='ocrx_word' id='word_1_132' title='bbox 1183 1326 1252 1364; x_wconf 88' lang='lat' dir='ltr'><em>est</em></span> 
     </span>
    </p>

    <p class='ocr_par' dir='ltr' id='par_1_5' title="bbox 261 1388 1794 1590">
     <span class='ocr_line' id='line_1_18' title="bbox 407 1388 1568 1446; baseline 0.001 -13"><span class='ocrx_word' id='word_1_133' title='bbox 407 1388 546 1434; x_wconf 87' lang='lat' dir='ltr'><em>Nunc</em></span> <span class='ocrx_word' id='word_1_134' title='bbox 575 1396 619 1433; x_wconf 80' lang='lat' dir='ltr'><em>ei</em></span> <span class='ocrx_word' id='word_1_135' title='bbox 645 1404 897 1435; x_wconf 78' lang='lat' dir='ltr'><em>mensuras</em></span> <span class='ocrx_word' id='word_1_136' title='bbox 925 1392 1145 1436; x_wconf 85' lang='lat' dir='ltr'><em>dicamus</em></span> <span class='ocrx_word' id='word_1_137' title='bbox 1175 1393 1394 1434; x_wconf 85' lang='lat' dir='ltr'><em>carmine</em></span> <span class='ocrx_word' id='word_1_138' title='bbox 1418 1403 1537 1435; x_wconf 91' lang='lat' dir='ltr'><em>uero</em></span> <span class='ocrx_word' id='word_1_139' title='bbox 1548 1409 1568 1446; x_wconf 87' lang='lat'><em>‚-</em></span> 
     </span>
     <span class='ocr_line' id='line_1_19' title="bbox 261 1460 1794 1521; baseline 0.001 -18"><span class='ocrx_word' id='word_1_140' title='bbox 261 1466 518 1518; x_wconf 88' lang='lat' dir='ltr'><em>sequuntur</em></span> <span class='ocrx_word' id='word_1_141' title='bbox 543 1473 702 1506; x_wconf 88' lang='lat' dir='ltr'><em>versus</em></span> <span class='ocrx_word' id='word_1_142' title='bbox 729 1462 915 1521; x_wconf 83' lang='lat' dir='ltr'><em>genuini</em></span> <span class='ocrx_word' id='word_1_143' title='bbox 943 1460 1153 1507; x_wconf 85' lang='lat' dir='ltr'><em>carminis</em></span> <span class='ocrx_word' id='word_1_144' title='bbox 1178 1460 1436 1516; x_wconf 80' lang='lat'>57—1213</span> <span class='ocrx_word' id='word_1_145' title='bbox 1468 1467 1559 1506; x_wconf 89' lang='lat' dir='ltr'><em>tum</em></span> <span class='ocrx_word' id='word_1_146' title='bbox 1585 1475 1670 1521; x_wconf 91' lang='lat' dir='ltr'><em>pro</em></span> <span class='ocrx_word' id='word_1_147' title='bbox 1694 1474 1794 1507; x_wconf 86' lang='lat' dir='ltr'><em>ver-</em></span> 
     </span>
     <span class='ocr_line' id='line_1_20' title="bbox 263 1528 1097 1590; baseline 0.001 -17"><span class='ocrx_word' id='word_1_148' title='bbox 263 1528 387 1573; x_wconf 86' lang='lat' dir='ltr'><em>sibus</em></span> <span class='ocrx_word' id='word_1_149' title='bbox 418 1528 517 1573; x_wconf 83' lang='lat'><em>122</em></span> <span class='ocrx_word' id='word_1_150' title='bbox 546 1537 590 1574; x_wconf 88' lang='lat' dir='ltr'><em>et</em></span> <span class='ocrx_word' id='word_1_151' title='bbox 619 1530 718 1576; x_wconf 86' lang='grc'><em>123</em></span> <span class='ocrx_word' id='word_1_152' title='bbox 745 1532 854 1576; x_wconf 88' lang='lat' dir='ltr'><em>haec</em></span> <span class='ocrx_word' id='word_1_153' title='bbox 881 1531 1097 1590; x_wconf 87' lang='lat' dir='ltr'><em>leguntur</em></span> 
     </span>
    </p>

    <p class='ocr_par' dir='ltr' id='par_1_6' title="bbox 203 1599 1789 2996">
     <span class='ocr_line' id='line_1_21' title="bbox 400 1599 1703 1660; baseline 0.002 -18"><span class='ocrx_word' id='word_1_154' title='bbox 400 1599 537 1644; x_wconf 83' lang='lat' dir='ltr'><em>Haec</em></span> <span class='ocrx_word' id='word_1_155' title='bbox 567 1601 625 1644; x_wconf 89' lang='lat' dir='ltr'><em>de</em></span> <span class='ocrx_word' id='word_1_156' title='bbox 650 1605 889 1646; x_wconf 86' lang='lat' dir='ltr'><em>mensuris</em></span> <span class='ocrx_word' id='word_1_157' title='bbox 915 1601 1001 1646; x_wconf 85' lang='lat' dir='ltr'><em>tibi</em></span> <span class='ocrx_word' id='word_1_158' title='bbox 1025 1604 1123 1645; x_wconf 81' lang='lat' dir='ltr'><em>sint</em></span> <span class='ocrx_word' id='word_1_159' title='bbox 1149 1613 1272 1658; x_wconf 84' lang='lat' dir='ltr'><em>quae</em></span> <span class='ocrx_word' id='word_1_160' title='bbox 1297 1604 1437 1660; x_wconf 73' lang='lat' dir='ltr'><em>siyna</em></span> <span class='ocrx_word' id='word_1_161' title='bbox 1462 1603 1703 1659; x_wconf 84' lang='lat' dir='ltr'><em>requiris;</em></span> 
     </span>
     <span class='ocr_line' id='line_1_22' title="bbox 257 1670 1789 1731; baseline 0.002 -18"><span class='ocrx_word' id='word_1_162' title='bbox 257 1675 490 1727; x_wconf 88' lang='lat' dir='ltr'><em>postremo</em></span> <span class='ocrx_word' id='word_1_163' title='bbox 534 1677 684 1715; x_wconf 90' lang='lat' dir='ltr'><em>autem</em></span> <span class='ocrx_word' id='word_1_164' title='bbox 724 1671 862 1716; x_wconf 88' lang='lat' dir='ltr'><em>additi</em></span> <span class='ocrx_word' id='word_1_165' title='bbox 900 1677 1005 1715; x_wconf 90' lang='lat' dir='ltr'><em>sunt</em></span> <span class='ocrx_word' id='word_1_166' title='bbox 1038 1670 1198 1730; x_wconf 90' lang='lat' dir='ltr'><em>viginti</em></span> <span class='ocrx_word' id='word_1_167' title='bbox 1234 1670 1298 1714; x_wconf 87' lang='lat' dir='ltr'><em>illi</em></span> <span class='ocrx_word' id='word_1_168' title='bbox 1335 1684 1493 1716; x_wconf 89' lang='lat' dir='ltr'><em>versus</em></span> <span class='ocrx_word' id='word_1_169' title='bbox 1528 1670 1582 1715; x_wconf 89' lang='lat' dir='ltr'><em>de</em></span> <span class='ocrx_word' id='word_1_170' title='bbox 1615 1671 1789 1731; x_wconf 90' lang='lat' dir='ltr'><em>ponde-</em></span> 
     </span>
     <span class='ocr_line' id='line_1_23' title="bbox 257 1738 1784 1800; baseline 0.003 -18"><span class='ocrx_word' id='word_1_171' title='bbox 257 1738 383 1784; x_wconf 86' lang='lat' dir='ltr'><em>ribus</em></span> <span class='ocrx_word' id='word_1_172' title='bbox 428 1739 504 1798; x_wconf 90' lang='lat' dir='ltr'><em>qui</em></span> <span class='ocrx_word' id='word_1_173' title='bbox 542 1741 588 1784; x_wconf 93' lang='lat' dir='ltr'><em>in</em></span> <span class='ocrx_word' id='word_1_174' title='bbox 615 1747 774 1787; x_wconf 80' lang='lat' dir='ltr'><em>nostra</em></span> <span class='ocrx_word' id='word_1_175' title='bbox 800 1741 997 1786; x_wconf 83' lang='lat' dir='ltr'><em>editione</em></span> <span class='ocrx_word' id='word_1_176' title='bbox 1023 1741 1173 1786; x_wconf 86' lang='lat' dir='ltr'><em>locum</em></span> <span class='ocrx_word' id='word_1_177' title='bbox 1199 1739 1364 1785; x_wconf 88' lang='lat' dir='ltr'><em>hahent</em></span> <span class='ocrx_word' id='word_1_178' title='bbox 1392 1741 1637 1800; x_wconf 83' lang='lat' dir='ltr'><em>fragmenti</em></span> <span class='ocrx_word' id='word_1_179' title='bbox 1668 1741 1784 1787; x_wconf 91' lang='grc'>121.</span> 
     </span>
     <span class='ocr_line' id='line_1_24' title="bbox 255 1807 1787 1871; baseline 0.001 -18"><span class='ocrx_word' id='word_1_180' title='bbox 255 1807 407 1866; x_wconf 75' lang='lat' dir='ltr'><em>Quos,</em></span> <span class='ocrx_word' id='word_1_181' title='bbox 459 1815 509 1854; x_wconf 89' lang='lat' dir='ltr'><em>ut</em></span> <span class='ocrx_word' id='word_1_182' title='bbox 553 1810 666 1868; x_wconf 78' lang='lat' dir='ltr'><em>dixi,</em></span> <span class='ocrx_word' id='word_1_183' title='bbox 720 1812 818 1871; x_wconf 90' lang='lat' dir='ltr'><em>ipse</em></span> <span class='ocrx_word' id='word_1_184' title='bbox 866 1811 1083 1870; x_wconf 87' lang='lat' dir='ltr'><em>descripsi</em></span> <span class='ocrx_word' id='word_1_185' title='bbox 1130 1824 1154 1854; x_wconf 89' lang='lat' dir='ltr'><em>e</em></span> <span class='ocrx_word' id='word_1_186' title='bbox 1195 1811 1291 1856; x_wconf 91' lang='lat' dir='ltr'><em>cod.</em></span> <span class='ocrx_word' id='word_1_187' title='bbox 1330 1811 1469 1856; x_wconf 86' lang='lat' dir='ltr'><em>Paris.</em></span> <span class='ocrx_word' id='word_1_188' title='bbox 1517 1810 1650 1857; x_wconf 82' lang='lat'>7461</span> <span class='ocrx_word' id='word_1_189' title='bbox 1691 1810 1787 1871; x_wconf 80' lang='lat' dir='ltr'><em>(A),</em></span> 
     </span>
     <span class='ocr_line' id='line_1_25' title="bbox 256 1880 1785 1942; baseline 0.003 -19"><span class='ocrx_word' id='word_1_190' title='bbox 256 1886 300 1923; x_wconf 86' lang='lat' dir='ltr'><em>ct</em></span> <span class='ocrx_word' id='word_1_191' title='bbox 341 1880 550 1925; x_wconf 80' lang='lat' dir='ltr'><em>adnotavi</em></span> <span class='ocrx_word' id='word_1_192' title='bbox 586 1882 750 1926; x_wconf 82' lang='lat' dir='ltr'><em>variam</em></span> <span class='ocrx_word' id='word_1_193' title='bbox 791 1881 1063 1941; x_wconf 89' lang='lat' dir='ltr'><em>scripturam</em></span> <span class='ocrx_word' id='word_1_194' title='bbox 1096 1881 1262 1927; x_wconf 86' lang='lat' dir='ltr'><em>codicis</em></span> <span class='ocrx_word' id='word_1_195' title='bbox 1301 1881 1502 1926; x_wconf 88' lang='lat' dir='ltr'><em>Thuanei</em></span> <span class='ocrx_word' id='word_1_196' title='bbox 1540 1896 1564 1926; x_wconf 85' lang='lat' dir='ltr'><em>a</em></span> <span class='ocrx_word' id='word_1_197' title='bbox 1603 1881 1785 1942; x_wconf 87' lang='lat' dir='ltr'><em>Meyero</em></span> 
     </span>
     <span class='ocr_line' id='line_1_26' title="bbox 255 1949 1785 2011; baseline 0.003 -18"><span class='ocrx_word' id='word_1_198' title='bbox 255 1949 378 1994; x_wconf 85' lang='lat' dir='ltr'><em>citati</em></span> <span class='ocrx_word' id='word_1_199' title='bbox 415 1949 568 2010; x_wconf 74' lang='lat' dir='ltr'><em>(Thu).</em></span> <span class='ocrx_word' id='word_1_200' title='bbox 642 1950 819 1996; x_wconf 90' lang='lat' dir='ltr'><em>Etenim</em></span> <span class='ocrx_word' id='word_1_201' title='bbox 854 1952 988 1997; x_wconf 85' lang='lat' dir='ltr'><em>iidem</em></span> <span class='ocrx_word' id='word_1_202' title='bbox 1024 1965 1180 1996; x_wconf 88' lang='lat' dir='ltr'><em>versus</em></span> <span class='ocrx_word' id='word_1_203' title='bbox 1217 1952 1263 1996; x_wconf 89' lang='lat' dir='ltr'><em>in</em></span> <span class='ocrx_word' id='word_1_204' title='bbox 1300 1953 1386 1997; x_wconf 89' lang='lat' dir='ltr'><em>tria</em></span> <span class='ocrx_word' id='word_1_205' title='bbox 1422 1951 1681 2011; x_wconf 85' lang='lat' dir='ltr'><em>fragmenta</em></span> <span class='ocrx_word' id='word_1_206' title='bbox 1718 1952 1785 1998; x_wconf 90' lang='lat' dir='ltr'><em>di-</em></span> 
     </span>
     <span class='ocr_line' id='line_1_27' title="bbox 254 2019 1783 2082; baseline 0.002 -19"><span class='ocrx_word' id='word_1_207' title='bbox 254 2021 412 2064; x_wconf 87' lang='lat' dir='ltr'><em>stracti</em></span> <span class='ocrx_word' id='word_1_208' title='bbox 439 2019 655 2079; x_wconf 87' lang='lat' dir='ltr'><em>leguntur</em></span> <span class='ocrx_word' id='word_1_209' title='bbox 682 2022 727 2066; x_wconf 92' lang='lat' dir='ltr'><em>in</em></span> <span class='ocrx_word' id='word_1_210' title='bbox 741 2022 1016 2082; x_wconf 87' lang='lat' dir='ltr'><em>Anthologia</em></span> <span class='ocrx_word' id='word_1_211' title='bbox 1040 2022 1365 2067; x_wconf 87' lang='lat' dir='ltr'><em>Burmanniana</em></span> <span class='ocrx_word' id='word_1_212' title='bbox 1391 2021 1527 2082; x_wconf 83' lang='lat' dir='ltr'><em>(apud</em></span> <span class='ocrx_word' id='word_1_213' title='bbox 1552 2021 1783 2082; x_wconf 85' lang='lat' dir='ltr'><em>Meyerum</em></span> 
     </span>
     <span class='ocr_line' id='line_1_28' title="bbox 256 2090 1784 2153; baseline 0.003 -20"><span class='ocrx_word' id='word_1_214' title='bbox 256 2102 389 2134; x_wconf 84' lang='lat' dir='ltr'><em>carm.</em></span> <span class='ocrx_word' id='word_1_215' title='bbox 434 2090 743 2150; x_wconf 82' lang='lat'>1066—68).</span> <span class='ocrx_word' id='word_1_216' title='bbox 820 2093 921 2153; x_wconf 88' lang='lat' dir='ltr'><em>lpse</em></span> <span class='ocrx_word' id='word_1_217' title='bbox 964 2098 1112 2137; x_wconf 83' lang='lat' dir='ltr'><em>autem</em></span> <span class='ocrx_word' id='word_1_218' title='bbox 1147 2091 1428 2138; x_wconf 90' lang='lat' dir='ltr'><em>Burmannus</em></span> <span class='ocrx_word' id='word_1_219' title='bbox 1479 2091 1645 2150; x_wconf 88' lang='lat' dir='ltr'><em>quibus</em></span> <span class='ocrx_word' id='word_1_220' title='bbox 1678 2092 1784 2137; x_wconf 86' lang='lat' dir='ltr'><em>sub-</em></span> 
     </span>
     <span class='ocr_line' id='line_1_29' title="bbox 203 2152 1780 2223; baseline 0.003 -21"><span class='ocrx_word' id='word_1_221' title='bbox 203 2152 208 2157; x_wconf 73' lang='grc'><strong><em>’</em></strong></span> <span class='ocrx_word' id='word_1_222' title='bbox 253 2158 378 2203; x_wconf 89' lang='lat' dir='ltr'><em>sidiis</em></span> <span class='ocrx_word' id='word_1_223' title='bbox 418 2173 526 2205; x_wconf 88' lang='lat' dir='ltr'><em>usus</em></span> <span class='ocrx_word' id='word_1_224' title='bbox 565 2162 650 2218; x_wconf 80' lang='lat' dir='ltr'><em>sit,</em></span> <span class='ocrx_word' id='word_1_225' title='bbox 687 2161 796 2208; x_wconf 88' lang='lat' dir='ltr'><em>haec</em></span> <span class='ocrx_word' id='word_1_226' title='bbox 833 2164 930 2207; x_wconf 90' lang='lat' dir='ltr'><em>eius</em></span> <span class='ocrx_word' id='word_1_227' title='bbox 966 2162 1097 2207; x_wconf 85' lang='lat' dir='ltr'><em>verba</em></span> <span class='ocrx_word' id='word_1_228' title='bbox 1133 2162 1361 2207; x_wconf 88' lang='lat' dir='ltr'><em>declarant</em></span> <span class='ocrx_word' id='word_1_229' title='bbox 1393 2158 1591 2223; x_wconf 87' lang='lat' dir='ltr'><em>(Anthol.</em></span> <span class='ocrx_word' id='word_1_230' title='bbox 1627 2161 1780 2207; x_wconf 84' lang='lat' dir='ltr'><em>Burm.</em></span> 
     </span>
     <span class='ocr_line' id='line_1_30' title="bbox 252 2227 1782 2292; baseline 0.004 -21"><span class='ocrx_word' id='word_1_231' title='bbox 252 2229 336 2274; x_wconf 89' lang='lat' dir='ltr'><em>vol.</em></span> <span class='ocrx_word' id='word_1_232' title='bbox 364 2229 398 2274; x_wconf 92' lang='lat'><em>11</em></span> <span class='ocrx_word' id='word_1_233' title='bbox 424 2245 469 2290; x_wconf 87' lang='lat' dir='ltr'><em>p.</em></span> <span class='ocrx_word' id='word_1_234' title='bbox 495 2227 641 2292; x_wconf 82' lang='lat'>404):</span> <span class='ocrx_word' id='word_1_235' title='bbox 681 2230 798 2277; x_wconf 68' lang='lat' dir='ltr'><em>‘tria</em></span> <span class='ocrx_word' id='word_1_236' title='bbox 833 2234 955 2278; x_wconf 76' lang='lat' dir='ltr'><em>hoec</em></span> <span class='ocrx_word' id='word_1_237' title='bbox 1000 2236 1346 2291; x_wconf 71' lang='lat' dir='ltr'><em>epiyrammata</em></span> <span class='ocrx_word' id='word_1_238' title='bbox 1377 2258 1430 2264; x_wconf 92' lang='lat'><strong>—</strong></span> <span class='ocrx_word' id='word_1_239' title='bbox 1471 2245 1532 2276; x_wconf 73' lang='lat' dir='ltr'><em>ecc</em></span> <span class='ocrx_word' id='word_1_240' title='bbox 1559 2236 1782 2278; x_wconf 74' lang='lat' dir='ltr'><em>vetustis-</em></span> 
     </span>
     <span class='ocr_line' id='line_1_31' title="bbox 251 2301 1782 2362; baseline 0.003 -20"><span class='ocrx_word' id='word_1_241' title='bbox 251 2303 368 2344; x_wconf 80' lang='lat' dir='ltr'><em>simo</em></span> <span class='ocrx_word' id='word_1_242' title='bbox 409 2302 577 2346; x_wconf 89' lang='lat' dir='ltr'><em>codice</em></span> <span class='ocrx_word' id='word_1_243' title='bbox 604 2301 651 2346; x_wconf 87' lang='lat' dir='ltr'><em>S.</em></span> <span class='ocrx_word' id='word_1_244' title='bbox 679 2302 929 2359; x_wconf 73' lang='lat' dir='ltr'><em>Germani,</em></span> <span class='ocrx_word' id='word_1_245' title='bbox 969 2307 1019 2347; x_wconf 90' lang='lat' dir='ltr'><em>in</em></span> <span class='ocrx_word' id='word_1_246' title='bbox 1057 2317 1147 2362; x_wconf 84' lang='lat' dir='ltr'><em>quo</em></span> <span class='ocrx_word' id='word_1_247' title='bbox 1186 2302 1458 2362; x_wconf 83' lang='lat' dir='ltr'><em>subscripta</em></span> <span class='ocrx_word' id='word_1_248' title='bbox 1495 2303 1782 2362; x_wconf 76' lang='lat' dir='ltr'><em>leqebantur</em></span> 
     </span>
     <span class='ocr_line' id='line_1_32' title="bbox 251 2369 1772 2431; baseline 0.003 -18"><span class='ocrx_word' id='word_1_249' title='bbox 251 2369 481 2416; x_wconf 77' lang='lat' dir='ltr'><em>Rhemnio</em></span> <span class='ocrx_word' id='word_1_250' title='bbox 510 2372 698 2418; x_wconf 85' lang='lat' dir='ltr'><em>Fannio</em></span> <span class='ocrx_word' id='word_1_251' title='bbox 725 2374 784 2418; x_wconf 88' lang='lat' dir='ltr'><em>de</em></span> <span class='ocrx_word' id='word_1_252' title='bbox 804 2374 1120 2431; x_wconf 78' lang='lat' dir='ltr'><em>ponderibus,</em></span> <span class='ocrx_word' id='word_1_253' title='bbox 1154 2376 1205 2425; x_wconf 87' lang='lat' dir='ltr'><em>in</em></span> <span class='ocrx_word' id='word_1_254' title='bbox 1238 2388 1351 2419; x_wconf 85' lang='lat' dir='ltr'><em>suas</em></span> <span class='ocrx_word' id='word_1_255' title='bbox 1378 2374 1583 2419; x_wconf 72' lang='lat' dir='ltr'><em>schedas</em></span> <span class='ocrx_word' id='word_1_256' title='bbox 1614 2378 1772 2420; x_wconf 89' lang='lat' dir='ltr'><em>conie-</em></span> 
     </span>
     <span class='ocr_line' id='line_1_33' title="bbox 253 2442 1778 2503; baseline 0.005 -20"><span class='ocrx_word' id='word_1_257' title='bbox 253 2451 390 2488; x_wconf 80' lang='lat' dir='ltr'><em>cerat</em></span> <span class='ocrx_word' id='word_1_258' title='bbox 417 2442 472 2487; x_wconf 91' lang='lat' dir='ltr'><em>N.</em></span> <span class='ocrx_word' id='word_1_259' title='bbox 497 2442 752 2501; x_wconf 76' lang='lat' dir='ltr'><em>Heinsius,</em></span> <span class='ocrx_word' id='word_1_260' title='bbox 782 2457 806 2487; x_wconf 92' lang='lat' dir='ltr'><em>e</em></span> <span class='ocrx_word' id='word_1_261' title='bbox 831 2444 1001 2503; x_wconf 82' lang='lat' dir='ltr'><em>quibus</em></span> <span class='ocrx_word' id='word_1_262' title='bbox 1030 2458 1085 2489; x_wconf 85' lang='lat' dir='ltr'><em>ea</em></span> <span class='ocrx_word' id='word_1_263' title='bbox 1111 2444 1186 2490; x_wconf 75' lang='lat' dir='ltr'><em>his</em></span> <span class='ocrx_word' id='word_1_264' title='bbox 1211 2447 1423 2500; x_wconf 69' lang='lat' dir='ltr'><em>inserui,</em></span> <span class='ocrx_word' id='word_1_265' title='bbox 1451 2457 1512 2488; x_wconf 91' lang='lat' dir='ltr'><em>ne</em></span> <span class='ocrx_word' id='word_1_266' title='bbox 1534 2447 1778 2502; x_wconf 79' lang='lat' dir='ltr'><em>perirent.</em></span> 
     </span>
     <span class='ocr_line' id='line_1_34' title="bbox 252 2511 1778 2574; baseline 0.005 -21"><span class='ocrx_word' id='word_1_267' title='bbox 252 2511 418 2557; x_wconf 82' lang='lat' dir='ltr'><em>eadem</em></span> <span class='ocrx_word' id='word_1_268' title='bbox 451 2514 716 2571; x_wconf 84' lang='lat' dir='ltr'><em>aliquando</em></span> <span class='ocrx_word' id='word_1_269' title='bbox 755 2515 995 2573; x_wconf 86' lang='lat' dir='ltr'><em>descripsi</em></span> <span class='ocrx_word' id='word_1_270' title='bbox 1019 2515 1198 2560; x_wconf 88' lang='lat' dir='ltr'><em>Leidac</em></span> <span class='ocrx_word' id='word_1_271' title='bbox 1232 2529 1293 2559; x_wconf 71' lang='lat' dir='ltr'><em>ecc</em></span> <span class='ocrx_word' id='word_1_272' title='bbox 1322 2515 1490 2560; x_wconf 90' lang='lat' dir='ltr'><em>codice</em></span> <span class='ocrx_word' id='word_1_273' title='bbox 1526 2514 1778 2574; x_wconf 74' lang='lat' dir='ltr'><em>Vossian0‚</em></span> 
     </span>
     <span class='ocr_line' id='line_1_35' title="bbox 252 2584 1774 2645; baseline 0.003 -20"><span class='ocrx_word' id='word_1_274' title='bbox 252 2584 300 2625; x_wconf 81' lang='lat' dir='ltr'><em>in</em></span> <span class='ocrx_word' id='word_1_275' title='bbox 340 2596 430 2639; x_wconf 88' lang='lat' dir='ltr'><em>quo</em></span> <span class='ocrx_word' id='word_1_276' title='bbox 464 2598 562 2628; x_wconf 87' lang='lat' dir='ltr'><em>uno</em></span> <span class='ocrx_word' id='word_1_277' title='bbox 587 2591 753 2629; x_wconf 83' lang='lat' dir='ltr'><em>tenore</em></span> <span class='ocrx_word' id='word_1_278' title='bbox 780 2589 878 2631; x_wconf 83' lang='lat' dir='ltr'><em>tria</em></span> <span class='ocrx_word' id='word_1_279' title='bbox 913 2587 1035 2631; x_wconf 66' lang='lat' dir='ltr'><em>llaec</em></span> <span class='ocrx_word' id='word_1_280' title='bbox 1077 2588 1340 2631; x_wconf 82' lang='lat' dir='ltr'><em>coniuncta</em></span> <span class='ocrx_word' id='word_1_281' title='bbox 1379 2586 1682 2645; x_wconf 71' lang='lat' dir='ltr'><em>leqebantur.</em></span> <span class='ocrx_word' id='word_1_282' title='bbox 1716 2611 1774 2618; x_wconf 96' lang='lat'>—</span> 
     </span>
     <span class='ocr_line' id='line_1_36' title="bbox 251 2655 1778 2714; baseline 0.005 -22"><span class='ocrx_word' id='word_1_283' title='bbox 251 2663 392 2695; x_wconf 81' lang='lat' dir='ltr'><em>versu</em></span> <span class='ocrx_word' id='word_1_284' title='bbox 420 2658 580 2710; x_wconf 89' lang='lat' dir='ltr'><em>primo</em></span> <span class='ocrx_word' id='word_1_285' title='bbox 619 2656 754 2700; x_wconf 82' lang='lat' dir='ltr'><em>edidi</em></span> <span class='ocrx_word' id='word_1_286' title='bbox 774 2655 905 2701; x_wconf 87' lang='lat' dir='ltr'><em>Libra</em></span> <span class='ocrx_word' id='word_1_287' title='bbox 931 2656 1000 2701; x_wconf 89' lang='lat' dir='ltr'><em>vel</em></span> <span class='ocrx_word' id='word_1_288' title='bbox 1027 2671 1073 2702; x_wconf 86' lang='lat' dir='ltr'><em>as</em></span> <span class='ocrx_word' id='word_1_289' title='bbox 1106 2670 1197 2714; x_wconf 89' lang='lat' dir='ltr'><em>pro</em></span> <span class='ocrx_word' id='word_1_290' title='bbox 1231 2659 1408 2702; x_wconf 83' lang='lat' dir='ltr'><em>vitiosa</em></span> <span class='ocrx_word' id='word_1_291' title='bbox 1442 2657 1628 2702; x_wconf 82' lang='lat' dir='ltr'><em>codicis</em></span> <span class='ocrx_word' id='word_1_292' title='bbox 1654 2659 1778 2701; x_wconf 81' lang='lat' dir='ltr'><em>scri·</em></span> 
     </span>
     <span class='ocr_line' id='line_1_37' title="bbox 246 2723 1776 2785; baseline 0.005 -22"><span class='ocrx_word' id='word_1_293' title='bbox 246 2727 395 2777; x_wconf 77' lang='lat' dir='ltr'><em>ptura</em></span> <span class='ocrx_word' id='word_1_294' title='bbox 432 2723 623 2770; x_wconf 87' lang='lat' dir='ltr'><em>Libralis</em></span> <span class='ocrx_word' id='word_1_295' title='bbox 663 2740 710 2771; x_wconf 85' lang='lat' dir='ltr'><em>as</em></span> <span class='ocrx_word' id='word_1_296' title='bbox 752 2733 796 2770; x_wconf 77' lang='lat' dir='ltr'><em>et</em></span> <span class='ocrx_word' id='word_1_297' title='bbox 832 2740 873 2771; x_wconf 85' lang='grc' dir='ltr'><em>υ.</em></span> <span class='ocrx_word' id='word_1_298' title='bbox 902 2724 934 2770; x_wconf 87' lang='grc'>4</span> <span class='ocrx_word' id='word_1_299' title='bbox 973 2733 1166 2772; x_wconf 88' lang='lat' dir='ltr'><em>retracta</em></span> <span class='ocrx_word' id='word_1_300' title='bbox 1199 2739 1294 2785; x_wconf 91' lang='lat' dir='ltr'><em>pro</em></span> <span class='ocrx_word' id='word_1_301' title='bbox 1335 2728 1560 2772; x_wconf 85' lang='lat' dir='ltr'><em>tetracte&#39;.</em></span> <span class='ocrx_word' id='word_1_302' title='bbox 1613 2727 1677 2771; x_wconf 84' lang='lat' dir='ltr'><em>Ex</em></span> <span class='ocrx_word' id='word_1_303' title='bbox 1704 2727 1776 2771; x_wconf 86' lang='lat' dir='ltr'><em>his</em></span> 
     </span>
     <span class='ocr_line' id='line_1_38' title="bbox 251 2790 1775 2856; baseline 0.005 -23"><span class='ocrx_word' id='word_1_304' title='bbox 251 2790 491 2836; x_wconf 80' lang='lat' dir='ltr'><em>Burmanni</em></span> <span class='ocrx_word' id='word_1_305' title='bbox 514 2794 660 2839; x_wconf 90' lang='lat' dir='ltr'><em>verbis</em></span> <span class='ocrx_word' id='word_1_306' title='bbox 688 2811 794 2842; x_wconf 84' lang='lat' dir='ltr'><em>sane</em></span> <span class='ocrx_word' id='word_1_307' title='bbox 818 2797 1032 2855; x_wconf 81' lang='lat' dir='ltr'><em>cognosci</em></span> <span class='ocrx_word' id='word_1_308' title='bbox 1058 2811 1148 2842; x_wconf 90' lang='lat' dir='ltr'><em>non</em></span> <span class='ocrx_word' id='word_1_309' title='bbox 1172 2802 1341 2856; x_wconf 80' lang='lat' dir='ltr'><em>potest,</em></span> <span class='ocrx_word' id='word_1_310' title='bbox 1375 2803 1526 2841; x_wconf 87' lang='lat' dir='ltr'><em>utrum</em></span> <span class='ocrx_word' id='word_1_311' title='bbox 1558 2797 1775 2841; x_wconf 86' lang='lat' dir='ltr'><em>codicem</em></span> 
     </span>
     <span class='ocr_line' id='line_1_39' title="bbox 250 2860 1776 2927; baseline 0.005 -24"><span class='ocrx_word' id='word_1_312' title='bbox 250 2860 319 2905; x_wconf 86' lang='lat' dir='ltr'><em>his</em></span> <span class='ocrx_word' id='word_1_313' title='bbox 359 2861 533 2906; x_wconf 88' lang='lat' dir='ltr'><em>duobus</em></span> <span class='ocrx_word' id='word_1_314' title='bbox 567 2863 679 2909; x_wconf 89' lang='lat' dir='ltr'><em>locis</em></span> <span class='ocrx_word' id='word_1_315' title='bbox 709 2866 761 2910; x_wconf 88' lang='lat' dir='ltr'><em>ad</em></span> <span class='ocrx_word' id='word_1_316' title='bbox 794 2881 907 2925; x_wconf 88' lang='lat' dir='ltr'><em>quos</em></span> <span class='ocrx_word' id='word_1_317' title='bbox 936 2868 1077 2912; x_wconf 85' lang='lat' dir='ltr'><em>varias</em></span> <span class='ocrx_word' id='word_1_318' title='bbox 1107 2868 1353 2927; x_wconf 87' lang='lat' dir='ltr'><em>scripturas</em></span> <span class='ocrx_word' id='word_1_319' title='bbox 1386 2866 1515 2911; x_wconf 79' lang='lat' dir='ltr'><em>affert</em></span> <span class='ocrx_word' id='word_1_320' title='bbox 1540 2866 1776 2911; x_wconf 88' lang='lat' dir='ltr'><em>intellexe-</em></span> 
     </span>
     <span class='ocr_line' id='line_1_40' title="bbox 248 2929 1774 2996; baseline 0.005 -22"><span class='ocrx_word' id='word_1_321' title='bbox 248 2930 324 2975; x_wconf 89' lang='lat' dir='ltr'><em>rit.</em></span> <span class='ocrx_word' id='word_1_322' title='bbox 388 2929 517 2985; x_wconf 78' lang='lat' dir='ltr'><em>Quod</em></span> <span class='ocrx_word' id='word_1_323' title='bbox 551 2939 653 2978; x_wconf 89' lang='lat' dir='ltr'><em>utut</em></span> <span class='ocrx_word' id='word_1_324' title='bbox 681 2941 772 2991; x_wconf 65' lang='lat' dir='ltr'><em>est,</em></span> <span class='ocrx_word' id='word_1_325' title='bbox 800 2935 989 2994; x_wconf 84' lang='lat' dir='ltr'><em>reliquis</em></span> <span class='ocrx_word' id='word_1_326' title='bbox 1016 2937 1127 2983; x_wconf 90' lang='lat' dir='ltr'><em>locis</em></span> <span class='ocrx_word' id='word_1_327' title='bbox 1158 2937 1396 2984; x_wconf 85' lang='lat' dir='ltr'><em>Burmanni</em></span> <span class='ocrx_word' id='word_1_328' title='bbox 1424 2938 1651 2996; x_wconf 89' lang='lat' dir='ltr'><em>scriptura</em></span> <span class='ocrx_word' id='word_1_329' title='bbox 1678 2950 1774 2982; x_wconf 85' lang='lat' dir='ltr'><em>eam</em></span> 
     </span>
    </p>
   </div>
   <div class='ocr_carea' id='block_1_3' title="bbox 1831 0 1946 757">
    <p class='ocr_par' dir='ltr' id='par_1_7' title="bbox 1831 0 1946 757">
     <span class='ocr_line' id='line_1_41' title="bbox 1831 0 1946 757; baseline 0 2463"><span class='ocrx_word' id='word_1_330' title='bbox 1831 0 1946 757; x_wconf 95' lang='lat' dir='ltr'><em> </em></span> 
     </span>
    </p>
   </div>
   <div class='ocr_carea' id='block_1_4' title="bbox 1912 1712 1946 2796">
    <p class='ocr_par' dir='ltr' id='par_1_8' title="bbox 1911 1712 1946 2796">
     <span class='ocr_line' id='line_1_42' title="bbox 1912 1712 1946 2796; textangle 90"><span class='ocrx_word' id='word_1_331' title='bbox 1912 2192 1946 2796; x_wconf 39' lang='lat' dir='ltr'><em>:w&#39;effusione-ffers2..†·„.=‹*..-.‹1;2-·.:..».-&gt;</em></span> <span class='ocrx_word' id='word_1_332' title='bbox 1922 2134 1946 2167; x_wconf 35' lang='grc' dir='ltr'><em>ης</em></span> <span class='ocrx_word' id='word_1_333' title='bbox 1924 2085 1946 2117; x_wconf 42' lang='grc' dir='ltr'><em>’.Α</em></span> <span class='ocrx_word' id='word_1_334' title='bbox 1920 1971 1946 1976; x_wconf 86' lang='grc'><em>,·</em></span> <span class='ocrx_word' id='word_1_335' title='bbox 1923 1945 1928 1950; x_wconf 54' lang='lat'><strong><em>⁴</em></strong></span> <span class='ocrx_word' id='word_1_336' title='bbox 1940 1922 1946 1927; x_wconf 32' lang='grc' dir='ltr'>ι</span> <span class='ocrx_word' id='word_1_337' title='bbox 1915 1896 1925 1905; x_wconf 71' lang='lat'>⁵</span> <span class='ocrx_word' id='word_1_338' title='bbox 1927 1786 1934 1792; x_wconf 80' lang='lat'>=</span> <span class='ocrx_word' id='word_1_339' title='bbox 1928 1712 1930 1714; x_wconf 97' lang='lat'>·</span> 
     </span>
    </p>
   </div>
  </div>
 </body>
</html>
