1946 3220
538 150 871 184 SCRIPTORES
910 148 1171 183 onAncos.
1525 131 1625 184 117

95 264 267 325 pressis
302 262 450 309 verbis
499 262 609 309 dicit
644 261 826 322 (sr.·95,
853 263 921 323 2):
974 258 1037 311 τὸ
1078 256 1312 311 Ἀττικὸν
1354 257 1622 312 τάλαντον

95 328 388 383 ἰεοετάειον
426 332 504 397 τῷ
529 328 882 399 Πτολεμαϊκῷ
913 329 996 382 καὶ
1022 328 1326 399 Ἀντιοχικῷ
1355 328 1439 381 καὶ
1464 327 1622 393 iccium·

94 405 228 466 θμον
257 398 315 454 ἐν
343 401 480 452 πᾶει.
534 403 858 450 Ptolemaicum
888 404 1034 464 igitur
1060 403 1278 454 talentum
1307 404 1436 464 quasi
1462 403 1622 450 sunda·

94 482 293 522 mentum
320 474 504 521 subiicit
535 476 669 535 eique
693 475 893 521 Atticum
920 474 1107 535 aequale
1130 488 1230 520 esse
1261 473 1500 534 significat.

197 546 396 606 Denique
425 545 479 590 ad
510 545 553 591 id
581 545 701 591 unde
726 545 931 606 digressa
962 552 1032 592 est
1057 545 1203 591 oratio
1233 558 1331 591 mea
1358 546 1621 592 revertitur.

92 615 197 662 Fuit
241 615 287 660 in
326 617 536 677 Aegypto
572 615 846 663 Ptolemaica
892 616 1012 662 mina
1045 615 1076 661 C
1113 615 1428 662 drachmarum
1471 613 1625 661 Ptole-

31 699 35 703 ·
92 686 365 743 maicarum‚
408 700 542 747 quam
578 688 790 733 intactam
820 686 1008 732 Romani
1034 684 1345 746 reliquerunt,
1387 686 1471 731 nisi
1500 685 1623 747 quod

92 756 258 803 unciali
282 757 477 815 ratione,
507 764 557 802 ut
576 757 768 815 videtur,
795 770 891 802 eam
912 755 1182 802 dividebant.
1209 756 1450 802 Praeterea
1471 763 1623 802 autem

94 826 179 874 alia
208 827 358 872 minus
384 833 592 873 accurata
618 827 765 872 minae
791 833 836 873 et
864 826 1022 872 talenti
1047 825 1303 872 aestimatio
1330 825 1543 883 obtinuit,
1570 840 1624 872 ex

94 912 181 958 qua
215 897 425 943 drachma
454 911 557 944 cum
591 898 777 943 denario
816 898 1107 958 aequiperata
1139 895 1359 943 talentum
1396 896 1448 942 ad
1480 894 1623 943 libras

91 968 200 1013 LXII
220 972 252 1015 5
278 968 509 1014 redactum
535 974 621 1023 est,
647 968 800 1028 idque,
828 968 946 1015 sicut
967 967 1392 1024 demonstravimus,
1423 966 1623 1014 Atticum

93 1037 384 1100 appellatum.

338 1162 403 1203 De
435 1164 592 1203 talento
630 1162 780 1217 Tyrio,
813 1162 1110 1210 Antiochensi,
1141 1161 1375 1203 Hebraico.

199 1249 317 1295 Idem
350 1248 429 1296 ille
456 1249 787 1296 Alexandrinus
822 1251 1022 1311 scriptor
1054 1263 1187 1310 quem
1212 1249 1347 1296 modo
1382 1248 1620 1295 citavimus
1641 1242 1707 1294 68

92 1319 370 1368 Ptolemaico
400 1320 573 1367 talento
601 1320 789 1381 aequale
819 1321 960 1366 fuisse
984 1320 1118 1366 docet
1142 1320 1544 1367 Antiochense
1574 1327 1623 1366 et

93 1390 343 1451 Tyrium.
393 1390 661 1438 Rectissime
689 1391 799 1437 haec
826 1391 1035 1452 quidem;
1068 1405 1172 1436 nam
1202 1398 1247 1437 et
1273 1390 1394 1452 Tyrii
1426 1391 1624 1451 antiqui-

93 1468 167 1506 tus
203 1462 361 1507 eodem
396 1476 488 1522 quo
524 1468 686 1522 postea
711 1461 958 1508 Ptolemaei
985 1476 1273 1508 nummorum
1312 1462 1516 1522 pondere
1551 1463 1623 1508 usi

93 1527 267 1593 erant¹)
305 1538 351 1577 et
384 1531 645 1578 Seleucidae
681 1531 835 1593 Syriae
870 1546 1032 1593 reges,
1070 1532 1148 1593 qui
1174 1533 1458 1578 Antiochiam
1491 1533 1622 1592 regni

93 1602 244 1647 sedem
279 1601 564 1662 habuerunt,
601 1603 689 1650 etsi
725 1603 814 1664 ipsi
848 1603 904 1648 ad
942 1605 1135 1649 Atticam
1169 1617 1375 1649 normam
1412 1616 1624 1648 nummos

93 1672 362 1733 signabant,
408 1680 556 1720 tamen
588 1673 780 1720 alterum
805 1680 1036 1720 vetustum
1085 1680 1131 1720 et
1155 1674 1377 1735 populare
1404 1673 1622 1734 ponde-ris

94 1757 237 1802 genus
269 1744 361 1789 non
383 1743 669 1805 expulerunt.
719 1745 832 1791 Tum
856 1744 941 1791 sub
961 1746 1159 1804 Augusti
1186 1745 1379 1805 imperio
1407 1758 1509 1792 cum
1538 1758 1625 1789 no-

94 1828 194 1860 vum
219 1828 428 1860 nummos
452 1815 658 1874 signandi
685 1816 756 1861 ius
775 1815 1161 1863 Antiochensibus
1186 1815 1548 1876 permitteretur,
1577 1814 1623 1861 hi

94 1898 184 1929 non
202 1887 396 1931 Atticam
416 1899 636 1943 normam,
663 1885 744 1932 sed
763 1886 947 1947 Tyrium
969 1887 1061 1933 sive
1078 1885 1400 1932 Ptolemaicum
1423 1885 1624 1946 pondus,

94 1956 263 2016 quippe
292 1956 415 2015 quod
439 1955 643 2002 Romano
670 1956 855 2003 denario
882 1958 1139 2017 proximum
1167 1963 1314 2013 esset,
1352 1956 1481 2017 sequi
1507 1956 1622 2001 iussi

93 2022 258 2084 sunt2).
322 2026 434 2072 Hinc
463 2021 787 2086 Ἀντιοχικὸν
828 2027 873 2073 id
913 2027 1134 2073 talentum
1167 2027 1444 2088 appellatum
1486 2033 1624 2087 atque

92 2109 115 2140 e
142 2095 328 2142 denario
354 2096 484 2142 libris
509 2097 618 2142 Lxu
643 2101 675 2143 5
704 2099 1007 2144 aestimatum.

196 2167 396 2227 Denique
417 2174 581 2228 quarto
601 2167 704 2215 loco
724 2167 836 2214 illud
858 2168 1077 2214 talentum
1100 2167 1378 2215 afferendum
1404 2174 1474 2214 est
1501 2167 1622 2229 quod

93 2250 193 2282 eum
229 2236 508 2298 Epiphanius
544 2238 619 2297 (fr.
654 2241 726 2298 82,
747 2241 818 2288 34.
845 2238 917 2298 37)
949 2239 1088 2285 libras
1119 2239 1341 2286 Romanas
1366 2237 1509 2285 CXXV
1544 2240 1623 2284 ha-

93 2306 250 2352 buisse
279 2308 464 2366 scribat,
491 2317 680 2369 apparet
709 2309 754 2356 id
786 2317 832 2356 et
854 2309 1130 2356 Ptolemaico
1158 2316 1204 2356 et
1227 2310 1364 2371 Tyrio
1392 2316 1438 2355 et
1465 2310 1623 2355 Antio-

93 2377 247 2423 chensi
273 2377 441 2424 talento
461 2379 601 2440 duplo
621 2380 763 2426 maius
783 2380 943 2427 fuisse.
994 2381 1072 2426 Est
1093 2380 1182 2426 hoc
1199 2379 1591 2426 Hebraeorum
1606 2413 1620 2436 ‚

94 2449 168 2507 qui
197 2454 242 2493 et
267 2449 519 2509 antiquitus
546 2450 661 2495 idem
698 2465 747 2496 ac
769 2451 1018 2497 Phoenices
1050 2451 1229 2511 pondus
1257 2450 1537 2507 habuerunt,
1575 2456 1622 2495 et

92 2531 193 2564 cum
234 2520 430 2578 primum
478 2534 688 2566 nummos
735 2523 914 2581 signare
956 2527 1233 2582 coeperunt,
1288 2520 1343 2566 ad
1378 2520 1619 2581 Tyriorum

92 2589 531 2636 tetradrachmorum
559 2589 895 2637 similitudinem
920 2590 1024 2637 illos
1052 2591 1258 2638 fecerunt
1281 2589 1417 2637 siclos
1438 2590 1621 2636 Israelis

93 2672 209 2719 quos
235 2656 506 2724 dicebant³).
557 2659 663 2707 Sicli
691 2668 840 2707 autem
867 2660 1133 2707 vocabulum
1158 2675 1259 2708 cum
1280 2669 1495 2708 staterem
1526 2661 1620 2707 sive

90 2837 113 2878 1
207 2783 248 2834 1)
281 2784 335 2824 V.
367 2785 635 2825 Mommsen.
669 2797 711 2837 p.
746 2786 801 2826 35
833 2796 869 2827 s.
912 2788 957 2825 et
995 2784 1278 2838 Queiponem
1315 2785 1338 2826 I
1375 2798 1419 2839 p.
1452 2787 1534 2826 313
1565 2797 1618 2837 s.‚

117 2839 162 2880 H
194 2842 638 2946 I32.)33831'0mmsen.
666 2911 708 2950 p.
743 2898 825 2938 715
856 2909 891 2937 s.

204 2953 248 3002 3)
279 2953 334 2994 V.
364 2953 570 2994 Boeckb.
603 2967 646 3007 p.
688 2955 766 3004 67,
813 2953 978 3007 Queip.
1010 2954 1031 2994 1
1070 2968 1114 3008 p.
1144 2954 1199 2995 94
1230 2967 1305 3008 ss„
1343 2954 1495 3006 Levy,
1538 2953 1616 2994 Ge-
