1946 3220
111 23 125 30 Δ.
145 0 196 30 ’ἵζ’
264 24 268 25 ⁷

0 158 1 162 ’
72 117 75 138 z
119 157 219 227 [92]
720 173 790 206 m:
826 171 1042 208 NUMMIS.
1542 153 1645 207 281

49 353 55 356 Α
261 281 387 335 ἀλλ’
411 280 443 346 ἦ
470 281 717 350 ταλάντῳ
746 282 961 348 μουςικὴ
990 280 1308 347 κριθήςεται,

39 374 42 376 ’
117 367 202 421 καὶ
224 367 287 419 τὸ
312 365 594 431 Ὁμηρικὸν

258 450 342 502 καὶ
366 450 486 502 τότε
514 451 577 515 δὴ
603 450 816 516 χρύςεια
838 450 1010 516 πατὴρ
1041 449 1261 505 ἐτίταινε
1287 449 1533 505 τάλαντα.

58 559 61 561 ·
117 537 278 588 τοῦτο
313 535 407 599 μὲν
444 534 624 588 αὐτῶν
657 536 769 588 τῶν
805 537 1049 601 ςταθμῶν
1085 535 1347 600 τοῦνομα·
1389 536 1452 589 τὸ
1491 536 1549 590 δὲ
1588 534 1647 591 ἐν
1670 546 1712 581 53

118 621 229 672 ταῖς
259 618 522 685 Κράτητος
550 618 778 684 Τόλμαις
1680 634 1706 674 5

261 706 448 768 πρῶτα
472 703 567 769 μὲν
592 705 929 758 ταλαντιαῖος
956 702 1093 756 ὅςτις
1120 702 1230 757 ἕςτ’
1258 703 1438 758 αὐτῶν
1465 704 1586 766 λέγε

119 787 320 853 ἄδηλον
346 787 450 841 εἴτε
474 789 623 854 τιμὴν
654 787 758 840 εἴτε
785 787 962 853 ῥοπὴν
991 788 1149 851 λέγει,
1179 786 1357 854 ὥςπερ
1384 787 1515 841 ὅταν
1536 789 1648 841 Ἀλ-

118 874 264 925 καῖος
307 872 338 925 ὁ
378 873 604 937 κωμικὸς
642 872 701 925 ἐν
727 873 1036 938 Ἐνδυμίωνι
1062 871 1184 941 εἴπῃ
1217 873 1530 937 νοςημάτων
1562 890 1649 925 τα-

121 957 417 1011 λαντιαίων.
483 957 515 1021 ἡ
557 958 651 1021 μὲν
688 956 790 1022 γὰρ
832 957 1193 1022 Ἀντιφῶντος
1230 957 1553 1010 ταλάντωςις
1588 957 1649 1010 τὸ

119 1041 282 1107 βάρος
322 1043 499 1106 δηλοῖ,
546 1042 630 1094 καὶ
669 1041 700 1093 ὁ
743 1041 1159 1107 Ἀριςτοφάνους
1199 1041 1259 1096 ἐν
1298 1041 1574 1107 Δράμαςιν
1618 1041 1651 1105 ἢ
1684 1056 1736 1096 10

121 1126 403 1194 Κενταύρῳ
439 1125 584 1179 λίθος
619 1125 1019 1196 δεκατάλαντος.
1088 1125 1324 1190 ἠδύνατο
1359 1127 1418 1180 δὲ
1456 1126 1518 1180 τὸ
1553 1129 1650 1179 τοῦ

117 1210 334 1276 χρυςίου
359 1210 625 1264 τάλαντον
650 1212 789 1276 τρεῖς
814 1213 1042 1276 χρυςοῦς
1069 1210 1358 1274 Ἀττικούς,
1382 1211 1444 1264 τὸ
1472 1211 1531 1263 δὲ
1554 1213 1651 1263 τοῦ

119 1294 377 1360 ἀργυρίου
404 1295 658 1358 ἑξήκοντα
682 1296 814 1358 μνᾶς
841 1295 1082 1348 Ἀττικάς.
1140 1295 1207 1360 ἦν
1232 1296 1293 1348 δὲ
1318 1295 1402 1348 καὶ
1428 1294 1651 1360 ἀριθμοῦ
1675 1306 1716 1339 54

118 1378 384 1442 τοῦνομα,
430 1378 571 1431 ὅπου
614 1379 698 1430 καὶ
743 1379 1148 1433 πολυτάλαντος
1195 1379 1225 1431 ὁ
1272 1379 1526 1432 πλούςιος
1570 1378 1654 1429 καὶ

119 1462 530 1516 πολυτάλαντον
563 1465 779 1527 πρᾶγμα
813 1464 875 1515 τὸ
910 1465 1123 1515 πολλοῦ
1163 1462 1352 1517 ὤνιον·
1397 1463 1481 1514 καὶ
1519 1462 1653 1526 παρ’
1686 1474 1739 1515 15

119 1546 332 1615 Ὁμήρῳ

260 1634 403 1685 κεῖτο
428 1631 484 1683 δδ
510 1630 602 1696 ἄρ’
628 1631 687 1684 ἐν
714 1631 936 1696 μὲςςοιςι
966 1631 1066 1683 δύο
1091 1632 1311 1696 χρυςοῖο
1336 1630 1582 1683 τάλαντα.

121 1716 437 1770 διτάλαντον
475 1715 530 1767 δ’
565 1716 632 1770 ἂν
667 1714 838 1768 εἴποις
874 1715 1006 1767 κατὰ
1039 1715 1390 1779 Δημοςθένην
1428 1716 1510 1767 καὶ
1549 1733 1653 1780 τρι-

120 1799 387 1853 τάλαντον
438 1799 522 1851 καὶ
566 1799 989 1861 δεκατάλαντον,
1036 1798 1120 1850 καὶ
1152 1799 1536 1863 ἡμιτάλαντον,
1581 1799 1654 1851 ὡς

122 1883 360 1948 Ὅμηρος
1686 1884 1752 1936 20‘

265 1967 404 2020 ἀλλά
429 1984 511 2020 τοι
535 1967 890 2032 ἡμιτάλαντον
921 1966 1027 2029 ἐγὼ
1058 1970 1256 2032 χρυςοῡ
1290 1966 1534 2031 ἐπιθήςω.

125 2051 318 2117 ἀρχαία
345 2053 399 2103 δ’
423 2051 490 2116 ἦν
517 2055 694 2118 χρῆςις
724 2052 808 2103 καὶ
834 2051 866 2115 ἡ
897 2054 993 2103 τοῦ
1029 2052 1272 2115 πέμπτον
1299 2051 1653 2115 ἡμιτάλαντον

122 2136 207 2188 καὶ
234 2135 412 2202 τρίτον
436 2136 793 2200 ἡμιτάλαντον
817 2136 901 2187 καὶ
929 2135 1159 2201 ἕβδομον
1186 2135 1564 2200 ἡμιτάλαντον·
1592 2137 1654 2188 τὸ

124 2221 177 2272 δ>
202 2219 269 2284 ἦν
295 2221 520 2286 τέτταρα
547 2220 698 2285 ἥμιςυ
723 2220 957 2275 τάλαντα
982 2220 1013 2283 ἢ
1042 2219 1140 2272 δύο
1166 2219 1316 2283 ἥμιςυ
1345 2220 1376 2283 ἢ
1406 2221 1458 2273 ἓξ
1483 2219 1654 2284 ἥμιςυ·

125 2304 208 2355 καὶ
248 2303 391 2357 ὅλως
430 2304 665 2359 ὁπόςτον
709 2305 864 2370 φήςει
900 2321 975 2357 τις
1013 2303 1246 2357 εἶναιτὸ
1281 2303 1653 2368 ἡμιτάλαντον,
1685 2316 1740 2356 25

124 2389 221 2440 τὸν
248 2388 354 2452 πρὸ
384 2386 549 2440 αὐτοῦ
576 2387 796 2453 ἀριθμὸν
829 2388 1127 2453 ὁλόκληρον
1155 2386 1291 2442 εἶναι
1318 2390 1413 2451 δεῖ,
1438 2387 1533 2441 ἐὰν
1559 2389 1654 2450 μὲν
1678 2402 1718 2434 55

244 2616 281 2657 1.
314 2612 426 2655 ἀλλ’
456 2611 507 2666 ἦ]
543 2612 618 2654 καὶ
647 2611 736 2664 γὰρ
768 2614 825 2652 Di
967 2614 1008 2652 6.
1041 2611 1164 2653 ἔςτιν
1195 2614 1254 2653 Di
1375 2614 1414 2654 8.
1448 2610 1570 2654 εἴποι
1599 2614 1659 2654 Di

130 2687 195 2725 10.
229 2682 567 2735 Ἀριςτοφάνης
598 2682 760 2735 vulgo,
803 2695 916 2723 corr.
949 2682 1016 2722 Be
1163 2684 1229 2722 11.
1261 2683 1348 2723 τοῦ
1380 2681 1567 2735 χρυςίου
1597 2682 1656 2724 τὸ

128 2751 366 2795 τάλαντον
396 2755 455 2793 Di
570 2754 638 2797 15.
669 2751 726 2794 τὸ
760 2758 866 2793 ante
898 2751 1016 2803 παρ’
1038 2751 1140 2793 add.
1172 2753 1231 2792 Di
1346 2751 1411 2795 18.
1443 2753 1516 2794 καὶ
1549 2757 1655 2794 ante

128 2821 412 2865 διτάλαντον
443 2823 544 2863 add.
567 2823 626 2863 Di
740 2824 806 2863 19.
838 2821 913 2862 καὶ
944 2820 1294 2864 δεκατάλαντον
1326 2835 1411 2863 om.
1434 2824 1495 2864 Dz'
1587 2824 1654 2863 22.

131 2891 179 2933 δ’
206 2891 270 2945 ἦν
305 2905 406 2947 ege,
437 2892 486 2934 δ’
515 2891 544 2943 ἡ
577 2893 739 2945 vulgo,
773 2890 823 2933 δὲ
854 2892 973 2936 coni.
1007 2891 1075 2933 Be
1191 2894 1257 2936 25.
1291 2891 1470 2934 ὁπόςον
1501 2892 1653 2946 vulgo,

134 2973 247 3002 corr.
281 2963 347 3003 Be
465 2959 585 3004 εἶναι
617 2975 702 3004 om.
735 2962 792 3001 Di
