1946 3220
296 141 401 195 276
697 153 1016 191 FRAGMENTA
1051 154 1121 187 DE
1159 152 1421 189 MENSURIS
1722 137 1823 208 [88]

404 268 451 319 6.
494 264 762 328 Ἀεεάριον
807 262 1036 328 χάλκεον
1076 260 1142 326 ἦν
1186 261 1407 328 νόμιεμα
1457 262 1619 328 βάρος
1662 263 1820 318 ἕλκον
1900 259 1912 311 ’ἲ
1935 286 1938 316 5

296 353 630 416 τριλιτραῑον.

403 435 432 485 7
438 475 447 485 .
486 431 763 486 Τάλαντόν
787 430 923 484 ἐςτιν
952 428 1004 482 αἱ
1029 426 1069 485 ξ’
1094 431 1232 494 μναῖ.

404 517 450 568 8.
491 516 614 570 Μνᾶ
639 515 699 568 δέ
723 514 860 570 ἐςτιν
887 514 939 566 αἱ
964 512 1009 579 ρ’
1033 514 1271 580 δραχμαί.

241 613 266 651 5
401 601 447 653 9.
487 601 713 666 Δραχμή
748 599 808 652 δέ
835 598 971 652 ἐςτιν
1003 597 1054 650 οἱ
1078 598 1132 652 ἓξ
1161 597 1360 663 ὀβολοί.

369 685 447 736 10.
487 684 547 737 Ὁ
575 684 766 749 ετατὴρ
792 683 899 749 ἔχει
925 682 1182 748 δίδραγμα
1207 683 1320 736 δύο.

368 770 448 820 11.
487 769 766 834 Δηνάριον
787 767 853 832 ἦν
875 767 940 821 τὰ
961 767 1216 833 ἑξήκοντα
1242 766 1475 833 ἀεεάρια,
1501 766 1534 820 ἃ
1554 767 1638 820 καὶ
1657 767 1823 821 λεπτὰ

296 853 556 916 λέγονται.

370 936 447 988 12.
487 937 562 990 Τὸ
595 936 754 989 εάτον
781 937 939 989 πάλιν
966 936 1101 1001 παρ’
1124 935 1307 989 ἄλλοις
1331 936 1514 1001 μόδιό(
1539 936 1645 990 {cu
1670 936 1822 989 Ἶικού-

219 1032 271 1072 10
301 1023 513 1086 μουλοε.
1724 1040 1727 1041 ’

369 1105 447 1157 13.
487 1106 562 1158 Τὸ
589 1106 648 1157 δὲ
673 1104 924 1169 μέδιμνον
946 1104 1109 1169 μέτρα
1136 1102 1230 1168 ρη’.

367 1190 445 1240 14.
489 1190 580 1241 Καὶ
605 1190 668 1242 τὸ
699 1188 963 1242 τάλαντον
989 1187 1212 1254 νόμισμα
1244 1186 1305 1241 α’.

584 1342 664 1401 88,
740 1343 1105 1411 Fraymentum
1162 1341 1532 1394 Eusebianum.

833 1440 967 1494 (Vide
998 1442 1114 1496 prol.
1147 1443 1171 1492 ς
1203 1433 1314 1496 92.)

212 1534 263 1574 15
714 1524 959 1590 Εὐεεβίου
991 1526 1088 1577 τοῦ
1120 1523 1411 1591 Παμφίλου

366 1609 559 1673 ἐκλογὴ
589 1610 965 1674 (υντομωτέρα
994 1609 1114 1674 περὶ
1142 1609 1351 1674 μέτρων
1380 1609 1463 1661 καὶ
1492 1612 1749 1674 εταθμῶν.

405 1707 447 1759 1.
487 1707 588 1760 Εἰεὶ
623 1708 878 1774 διαφοραὶ
913 1709 1006 1772 μὲν
1035 1707 1215 1761 αὐτῶν
1246 1707 1441 1759 πολλαὶ
1473 1708 1604 1760 κατὰ
1634 1708 1823 1773 διαφό-

296 1807 421 1855 ρου(
447 1792 644 1856 χώρας,
671 1791 796 1844 ἀλλ’
823 1791 900 1845 ἑνὶ
927 1791 1087 1861 εἱρμῷ
1115 1791 1173 1844 ἐν
1200 1791 1546 1859 πληροφορίᾳ
1572 1793 1731 1845 κεῖται
1758 1792 1824 1845 τὰ

294 1875 639 1939 ὑποκείμενα·
668 1876 775 1942 ἔχει
801 1877 859 1929 δὲ
885 1877 969 1928 καὶ
997 1876 1266 1942 ὠφέλειαν
1296 1875 1394 1927 οὐκ
1419 1875 1604 1939 ὀλίγην
1630 1876 1661 1939 ἡ
1690 1875 1822 1928 ὑπό-

210 1968 264 2007 20
294 1965 429 2013 θεειε
456 1960 539 2011 διὰ
569 1960 631 2013 τὸ
659 1962 876 2013 πλεῖστα
901 1960 1215 2026 ἐμφέρεεθαι
1234 1960 1294 2013 ἐν
1320 1962 1432 2014 ταῖς
1449 1961 1823 2014 θεοπνεύετοιε

291 2045 539 2110 γραφαῖς.
1040 2062 1042 2064 ·

642 2156 690 2207 2.
738 2157 871 2221 Περὶ
900 2159 1009 2210 τῶν
1039 2156 1220 2221 ὑγρῶν
1249 2157 1470 2220 μέτρων.

365 2253 717 2319 Ἀλάβαετροε
747 2255 895 2319 λίτρα
925 2253 986 2306 α’.
1144 2253 1314 2306 Κάδοε
1341 2256 1537 2307 Ξεετῶν
1565 2251 1653 2306 κδ’.

365 2338 424 2390 Ὁ
451 2341 548 2390 τοῦ
574 2337 730 2391 οἴνου
761 2338 1036 2404 ἀμφορεὺς
1138 2338 1358 2403 Πρόχοε
1386 2341 1581 2392 ξεετῶν
1616 2338 1691 2405 ιβ’.

213 2428 265 2467 25
296 2423 398 2475 ἑετι
425 2422 677 2487 μετρητὴς
704 2426 898 2476 ξεετῶν
927 2422 1021 2488 μη’.
1140 2422 1280 2475 Χοῦε
1306 2424 1501 2477 ξεετῶν
1527 2419 1585 2481 ς’.

410 2581 446 2619 1.
480 2578 633 2620 ἕλκων
666 2579 763 2621 cod.
796 2580 919 2620 LeM
1088 2582 1129 2620 9.
1161 2578 1264 2633 lege
1297 2579 1617 2630 κουμουλᾶτοε
1751 2580 1817 2620 11.

302 2645 444 2698 με’τρα
473 2643 565 2700 ρη’]
601 2643 643 2700 μ’
671 2650 728 2703 ff]
763 2649 862 2692 eod.
896 2648 996 2702 (sed
1029 2649 1086 2690 ad
1117 2660 1147 2701 μ
1177 2648 1348 2691 lineola
1381 2648 1439 2689 ad
1470 2647 1821 2702 significandum

300 2718 615 2768 compendium
649 2719 866 2772 adiecta),
902 2713 952 2759 Ν’
985 2718 1078 2762 ΡΗ”
1113 2719 1236 2759 LeM
1356 2720 1422 2759 12.
1458 2716 1654 2771 νόμιεμα
1685 2713 1744 2772 α’]
1779 2703 1821 2760 (θ’

297 2783 326 2826 ἆ
357 2785 469 2837 eod.‚
524 2781 585 2826 Ν’.
615 2787 684 2843 ‘N‘
727 2791 846 2829 LeM

414 2871 480 2909 15.
514 2851 857 2914 ΠΑΜΦῩΛοΥ
887 2876 923 2913 B
1070 2876 1138 2917 ιτ.
1167 2871 1278 2926 εἰεί]
1310 2872 1347 2914 i}
1379 2872 1439 2924 A,
1489 2872 1564 2913 καὶ
1594 2873 1630 2912 Β
1749 2876 1816 2915 20.

296 2937 372 2990 τὸ]
407 2937 467 2979 τὰ
497 2938 532 2977 Β
650 2941 952 2984 θεοπνεύτοιε
983 2944 1021 2984 Α
1135 2945 1221 2985 25³.
1257 2941 1474 2994 μετριτή(
1506 2942 1579 2982 ΑΒ
