1946 3220
179 96 182 97 ⁷
203 93 219 126 ’ς
238 105 246 119 ·,
263 96 282 132 dr
326 97 346 116 ἶν’
362 101 372 110 ·
391 91 458 127 [3,.ᾲῖ
502 100 515 118 ὰ
683 119 685 122 ,
754 111 774 127 Α,
798 119 810 129 ‚A
927 115 933 123 .

144 177 145 181 ¹
163 140 275 226 ἰδῇ
332 187 337 190 -
423 216 427 217 ἶ
575 140 846 213 Exoche-A
867 173 952 208 nx
986 170 1223 208 1s1nono.
1565 155 1664 208 137

72 272 83 283 ⁸
116 295 118 299 ’
158 307 162 309 -
253 281 303 334 9.
341 285 490 338 Actus
525 283 699 340 maior,
740 284 824 348 qui
861 283 1129 349 quadratus
1153 280 1358 341 dicitur,
1398 282 1547 334 habet
1576 298 1666 334 un-

79 364 90 381 *
147 368 298 434 dique
333 367 488 432 pedes
525 366 665 417 CXX.
711 363 713 365 ’
743 369 827 433 qui
864 367 1138 432 duplicatus
1174 369 1402 432 iugerum
1441 367 1571 417 facit.

256 449 336 501 10.
375 451 607 516 Iugerum
646 458 836 502 constat
871 453 920 502 in
954 451 1259 516 longitudine
1284 452 1464 516 pedum
1491 452 1664 510 CCXL,

148 536 278 602 quod
315 543 430 586 sunt
468 537 684 600 perticae
723 535 1039 601 decimpedae
1075 537 1276 594 XXlllI,
1324 538 1374 586 in
1411 536 1667 588 latitudine

146 620 328 686 pedum
367 619 515 684 CXX,
556 620 688 685 quod
725 627 839 669 sunt
875 622 1091 685 perticae
1130 621 1403 670 duodecim.
1699 632 1726 671 5
1775 602 1795 617 ‘
1878 641 1884 650 ¹

256 703 336 754 11.
378 704 530 755 Clima
568 705 746 754 dicitur
784 719 898 768 pars
936 707 1039 768 agri
1078 705 1327 770 quadrata,
1370 719 1493 769 quae
1519 705 1669 755 habet

149 805 208 839 ex
246 790 379 841 omni
415 794 555 854 parte
593 789 745 854 pedes
770 789 867 848 LX,
907 789 958 839 id
996 795 1071 840 est
1108 791 1320 854 perticas
1358 789 1668 855 decimpedas

147 874 364 938 undique
401 874 477 923 VI.

256 956 336 1007 12.
378 959 652 1023 Arapennis
696 973 838 1015 vero,
891 973 1035 1022 quem
1086 959 1436 1023 semiiugerum
1485 959 1667 1017 dicunt,

147 1043 279 1092 idem
319 1048 394 1091 est
431 1043 560 1107 quod
601 1050 649 1092 et
686 1050 822 1092 actus
859 1043 1039 1100 maior,
1081 1042 1268 1092 habens
1305 1044 1524 1107 undique
1562 1059 1667 1093 ver·
1702 1055 1754 1094 10

148 1142 255 1176 sum
294 1127 444 1192 pedes
483 1126 632 1186 CXX,
673 1129 883 1191 perticas
920 1142 1035 1177 vero
1075 1127 1350 1177 duodecim.

257 1210 338 1262 13.
377 1212 584 1262 Porcam
623 1219 695 1261 est
731 1226 846 1277 pars
884 1213 988 1276 agri
1016 1211 1203 1262 habens
1228 1214 1277 1260 in
1303 1212 1557 1262 latitudine
1584 1229 1669 1277 pe-

149 1295 236 1345 des
270 1297 419 1353 XXX,
459 1296 508 1345 id
546 1302 618 1345 est
655 1298 869 1361 perticas
906 1304 1022 1352 treS,
1062 1297 1111 1345 in
1150 1296 1452 1360 longitudine
1482 1297 1668 1354 LXXX,

146 1381 198 1430 id
237 1387 311 1430 est
347 1382 558 1445 perticas
597 1381 911 1445 decimpedas
949 1380 1070 1430 Vlll.

259 1463 340 1515 14.
382 1466 536 1515 Porro
576 1465 787 1514 stadialis
825 1480 942 1528 ager
989 1465 1138 1514 habet
1186 1481 1358 1529 passus
1397 1466 1575 1524 CXXV,
1622 1467 1671 1517 id
1704 1478 1756 1518 15

150 1555 223 1600 est
269 1550 422 1615 pedes
459 1548 682 1598 DCXXV.
762 1550 899 1599 cuius
936 1565 1167 1600 mensura
1207 1551 1672 1618 octieslcomputata

148 1633 410 1684 miliarium
448 1634 587 1692 facit,
634 1635 716 1700 qui
761 1639 951 1683 constat
989 1636 1204 1699 quinque
1242 1634 1437 1684 milibus
1473 1635 1671 1699 pedum.

260 1715 342 1768 15.
383 1719 612 1768 Centuria
642 1724 804 1767 autem
833 1723 906 1767 est
932 1733 1050 1782 ager
1076 1719 1399 1768 ducentorum
1426 1721 1669 1784 iugerum,
1705 1776 1712 1786 ι

152 1804 234 1867 qui
273 1803 402 1868 apud
441 1804 667 1867 antiquos
693 1817 718 1850 a
747 1809 942 1851 centum
967 1802 1220 1866 iugeribus
1246 1804 1527 1854 vocabatur.
1586 1805 1669 1854 sed

150 1894 320 1953 postea
377 1885 620 1951 duplicata
679 1891 752 1936 est
797 1901 1077 1952 nomenque
1134 1889 1397 1951 pristinum
1454 1890 1669 1938 retinuit.
1703 1899 1759 1939 20

150 1973 200 2020 in
236 1986 445 2020 numero
466 1965 613 2020 'enim
654 1971 902 2020 centuriae
941 1970 1287 2034 multiplicatae
1324 1978 1452 2029 sunt,
1493 1987 1673 2022 nomen

149 2063 316 2106 tamen
353 2062 546 2105 mutare
583 2070 682 2103 non
720 2061 1001 2120 potuerunt.

261 2137 342 2190 16.
384 2139 507 2189 lllud
556 2141 683 2188 enim
732 2140 984 2189 sciendum
1030 2145 1124 2198 est,
1174 2141 1304 2204 quod
1342 2156 1428 2205 pes
1467 2141 1672 2206 duplici-

151 2233 228 2275 ter
265 2224 538 2274 secundum
575 2239 765 2273 morem
806 2226 1119 2288 antiquorum
1157 2227 1526 2289 pronuntiatur:
1574 2241 1672 2276 uno

47 2372 51 2374 .
152 2308 299 2359 modo
347 2324 404 2358 eo
453 2309 585 2372 quod
632 2309 694 2358 sit
737 2308 1025 2358 naturaliter
1062 2323 1180 2373 peS,-
1224 2307 1318 2357 alio
1357 2310 1504 2359 modo
1543 2311 1674 2375 q'uod
1704 2320 1759 2361 25

58 2446 64 2452 ,
151 2394 437 2458 usurpative
475 2407 563 2456 per
601 2407 775 2442 manus
812 2394 1058 2443 metiatur.
1133 2398 1322 2442 tantum
1362 2395 1491 2443 enim
1529 2409 1672 2458 prae·

51 2599 53 2602 Α
266 2552 307 2592 2.
336 2549 426 2603 ped
458 2549 493 2589 G
664 2548 706 2588 4.
738 2547 1027 2599 decimpedes
1055 2548 1107 2599 V,
1141 2547 1434 2601 decimpedae
1459 2548 1495 2589 G
1515 2547 1558 2599 (e
1581 2549 1676 2590 exi

145 2619 287 2673 facto)
405 2621 444 2660 5.
476 2618 567 2658 XII
601 2618 635 2658 G
757 2618 797 2659 6.
831 2630 916 2670 que
956 2617 999 2656 V
1140 2619 1176 2660 7.
1209 2619 1349 2671 pedes
1380 2619 1460 2659 XL
1499 2618 1552 2671 V,
1585 2619 1676 2673 ped

40 2676 54 2693 ”
151 2690 236 2731 LX
261 2690 296 2731 G
332 2713 336 2717 -
410 2689 450 2729 8.
484 2701 563 2728 sex
597 2687 631 2728 G
748 2688 812 2727 10.
844 2687 964 2727 idem
996 2684 1080 2740 est]
1115 2688 1162 2728 id
1195 2701 1294 2728 esse
1334 2690 1379 2729 V
1488 2691 1553 2730 11.
1585 2689 1676 2730 XII

67 2782 73 2785 -
156 2761 191 2802 G
307 2762 375 2803 12.
406 2757 640 2800 Porcamis
675 2757 710 2798 G
802 2757 890 2810 ped
915 2758 950 2797 G
1066 2759 1134 2799 13.
1164 2758 1232 2799 III
1257 2759 1292 2799 G
1407 2761 1473 2801 15.
1506 2758 1677 2801 CXXII

161 2830 207 2870 V
315 2829 503 2883 16.‘pe(l
536 2829 572 2869 G
684 2826 900 2868 DCXXII
930 2827 974 2866 V
1084 2829 1238 2869 occies
1272 2829 1307 2870 G
1423 2831 1493 2871 17.
1523 2831 1674 2871 milia—

152 2901 270 2941 rium
309 2900 385 2953 qui
425 2902 607 2940 constat
646 2896 762 2937 facit
799 2897 839 2936 V
980 2899 1049 2938 21.
1080 2898 1386 2952 multiplicate
1424 2900 1471 2940 V
1606 2903 1673 2942 25.

62 2971 64 2975 '
155 2968 292 3023 quod]
328 2983 356 3023 q
391 2970 437 3010 V
544 2969 612 3009 26.
643 2968 942 3020 usurpatiuae
982 2968 1060 3008 VG
1163 2969 1388 3022 'precellit
1423 2970 1469 3010 V
