1946 3220
188 23 421 47 -⁴1.i.‚,'·„.,

153 83 173 97 ἰ.
215 87 218 97 ι

599 108 934 176 scium-onus
962 138 1230 179 Βοκᾼκοε.
1609 125 1678 178 27

79 266 95 290 f
151 253 348 302 medium
389 253 539 301 afferri
581 260 762 316 potest,
806 237 1287 303 inscitiam'Prisciani
1323 261 1370 302 et
1407 255 1678 302 laudabilem

154 325 405 371 doctrinam
431 323 555 370 illius
590 325 669 385 qui
694 324 784 371 hoc
811 339 991 372 carmen
1017 326 1203 386 scripsit
1227 326 1411 373 minime
1437 327 1680 373 convenire

153 396 200 442 in
226 407 366 440 unum
386 394 631 451 hominem,
652 394 844 441 alterum
872 396 1014 456 igitur
1037 395 1264 442 diversum
1291 410 1392 444 esse
1422 395 1478 443 ab
1504 395 1678 443 altero?

262 463 424 510 Verum
461 465 548 510 iam
571 465 617 509 in
646 465 734 511 hoc
759 467 1100 526 acquiescamus
1126 480 1292 512 nomen
1317 468 1560 528 scriptoris
1586 480 1678 515 non

152 547 253 580 esse
289 541 473 587 notum;
521 534 634 580 illud
669 541 818 581 autem
857 549 1155 596 quaeramus,
1199 550 1474 597 quocunque
1517 539 1556 583 is
1597 550 1680 582 no-

154 605 274 651 mine
299 597 462 663 fuerit,
488 606 713 651 meritone
741 620 825 666 pro
852 605 973 652 bono
1001 613 1186 654 auctore
1212 606 1445 653 habeatur.

251 674 377 721 Brevi
418 675 602 721 exordio
631 671 713 736 (vs.
740 675 893 735 1—5)
918 683 1054 736 poeta
1072 712 1085 735 ,
1124 691 1225 723 cum
1255 677 1456 723 declarat
1484 690 1532 722 se
1565 691 1682 738 pon-

149 746 257 792 dera
283 758 396 807 quae
421 745 773 792 medicorum
806 747 851 791 in
878 746 1005 792 libris
1034 749 1326 794 inveniuntur
1348 747 1679 808 descripturum

150 830 280 873 esse,
320 817 419 877 ipse
455 815 585 862 nobis
622 816 822 863 ostendit
861 816 949 863 hoc
978 831 1158 864 carmen
1185 824 1429 878 cognatum
1453 830 1552 863 esse
1580 831 1679 863 cum

151 885 319 932 tabulis
346 885 437 932 illis
459 885 640 933 Graecis
668 901 781 947 quas
805 887 1095 948 medicinales
1117 887 1439 949 appellavimus
1452 882 1500 945 ⁸).
1547 887 1684 932 Prae·

151 962 273 1002 terea
309 956 427 1002 idem
461 956 516 1002 de
553 956 770 1017 ponderis
810 958 849 1002 vi
888 959 1078 1018 eiusque
1106 958 1161 1004 ad
1188 971 1369 1004 omnem
1394 957 1548 1016 muudi
1576 971 1684 1003 con-

149 1027 436 1073 stitutionem
472 1034 702 1073 momento
742 1034 846 1088 apte
885 1035 931 1073 et
957 1030 1104 1089 perite
1131 1042 1272 1089 pauca
1299 1024 1682 1085 commemorat⁷).

257 1097 346 1143 lam
370 1099 565 1158 primum
595 1093 671 1157 (vs.
696 1096 885 1155 6—31)
912 1098 1112 1145 Romana
1139 1099 1340 1159 pondera
1366 1097 1671 1163 illustrantur,

155 1167 425 1228 additurque
467 1167 512 1212 in
557 1167 645 1213 fine
685 1170 858 1214 Atticae
905 1169 1139 1215 cuiusdam
1179 1169 1318 1214 librae
1358 1170 1546 1214 mentio.
1617 1167 1680 1212 lbi

152 1239 276 1299 quod
311 1244 446 1298 poeta
472 1252 497 1283 a
531 1238 727 1284 minimIS
755 1253 803 1284 se
830 1253 1042 1285 orsurum
1069 1254 1171 1285 esse
1201 1239 1335 1298 dicit,
1383 1245 1506 1284 recte
1533 1238 1680 1283 imita·

153 1315 277 1355 tatur
312 1308 456 1354 bonos
492 1310 536 1352 in
576 1323 629 1355 eo
673 1323 839 1369 genere
875 1315 1086 1356 auctores
1120 1306 1376 1367 Graecosss).
1445 1309 1557 1354 Tum
1592 1309 1676 1352 mi-

149 1381 270 1424 nima
310 1379 509 1438 pondera
544 1379 795 1424 afferuntur
834 1379 1142 1436 semiobolus,
1194 1379 1384 1436 obolus,
1434 1378 1683 1439 scriplum3

152 1448 321 1509 scriplo
361 1455 510 1493 autem
529 1449 816 1499 ‚tribuuntur
843 1450 914 1495 vel
941 1464 1020 1495 sex
1045 1450 1238 1510 siliquae
1266 1450 1336 1496 vel
1363 1449 1559 1495 sedecim
1586 1447 1684 1494 len·

149 1520 209 1565 tis
250 1532 391 1579 grana
427 1518 494 1564 vel
530 1519 718 1564 totidem
756 1519 930 1580 speltae
965 1519 1179 1580 lupinive.
1230 1520 1291 1565 Ex
1327 1520 1395 1565 his
1434 1521 1480 1564 in
1507 1518 1682 1579 vulgari

150 1604 238 1636 usu
279 1588 398 1649 apud
435 1588 660 1636 Romanos
709 1590 895 1636 suerunt
936 1588 1127 1650 siliqua,
1174 1589 1362 1647 obolus,
1408 1588 1676 1650 scripulum,

153 1673 350 1721 quorum
395 1659 647 1719 ponderum
684 1662 805 1721 ipsas
844 1660 1078 1720 legitimas
1112 1661 1313 1706 rationes
1350 1659 1488 1706 tradit
1531 1665 1681 1720 poeta.

151 1730 285 1775 Addit
319 1728 645 1787 semiobolum,
688 1730 732 1775 h.
760 1744 796 1776 e.
834 1725 1158 1790 ἣμιωβόλιον
1185 1730 1435 1787 Graecum,
1480 1729 1603 1790 quod
1639 1730 1685 1773 in

156 1799 309 1846 tabula
332 1799 599 1859 Cleopatrae
628 1801 746 1846 inter
770 1800 971 1860 pondera
997 1807 1231 1861 receptum
1253 1800 1448 1859 legimus
1470 1799 1534 1859 (p.
1563 1798 1684 1856 234,

1136 2 1149 25 ἢ
1185 27 1189 30 v
1210 0 1493 20 mss-W›WW
1516 0 1539 24 -ζι
1557 0 1619 19 -‚---
1635 0 1946 32 'Frraerwr'aeerssw

1899 40 1901 49 1

30 1925 35 1930 ¹
150 1870 251 1929 20).
309 1868 429 1924 Quae
457 1877 609 1916 autem
635 1878 872 1932 praeterea
901 1870 1080 1931 frugum
1111 1885 1250 1931 grana
1277 1869 1423 1927 affert,
1451 1883 1500 1915 ea
1529 1869 1684 1915 omnia
1751 1925 1759 1933 ι

92 1954 114 1970 ’-
150 1941 207 1987 ad
247 1940 358 1986 illud
397 1942 631 1986 minimum
664 1941 841 2002 pondus
879 1936 1263 1988 revocanda‘esse
1290 1947 1506 2001 apparet,
1556 1939 1679 1999 quod

153 2008 388 2071 χαλκοῦ(
425 2010 590 2056 dicitur
624 2013 670 2057 iu
709 2012 862 2058 eadem
906 2012 1056 2057 tabula
1090 2006 1418 2071 Cleopatrae9).
1475 2009 1683 2055 Ceterum

152 2089 274 2128 recte
314 2082 514 2141 scriptor
551 2089 729 2140 monet,
763 2096 818 2128 ne
859 2084 962 2142 quis
998 2097 1052 2127 ex
1089 2083 1158 2128 his
1194 2080 1397 2142 granulis
1430 2087 1605 2126 certum
1634 2093 1687 2125 ac

155 2153 286 2213 quasi
331 2151 536 2198 naturale
586 2153 764 2213 pondus
809 2152 985 2198 deliniri
1032 2166 1170 2213 posse
1204 2152 1459 2209 existimet,
1511 2163 1601 2210 quo
1639 2151 1684 2194 in

155 2236 311 2268 errore
354 2220 484 2267 multi
519 2223 676 2269 harum
724 2236 875 2269 rerum
921 2223 1116 2268 studiosi
1156 2223 1355 2282 antiquis
1400 2219 1684 2281 temporibus

166 2406 174 2413 ·
267 2388 311 2440 6)
346 2389 477 2432 Conf.
510 2389 815 2429 Burmannum
849 2388 907 2429 ad
938 2389 981 2429 h.
1015 2388 1063 2436 l.‚
1104 2386 1448 2438 Bernhardyum
1489 2386 1535 2424 in
1573 2384 1684 2425 hist.

155 2446 283 2488 Rom.
315 2445 405 2488 litt.
438 2459 481 2499 p.
515 2447 597 2486 535
630 2445 758 2495 (edit.
779 2445 861 2495 4),
894 2444 1223 2485 Schenkelium
1254 2456 1296 2496 p.
1331 2444 1407 2483 60:
1461 2442 1540 2482 der
1576 2441 1685 2482 Ver·

153 2503 301 2554 sasser
330 2503 445 2542 lzalte
476 2502 565 2542 sicle
594 2515 669 2541 zur
691 2502 887 2554 Aufyabe
916 2502 1106 2553 gestem,
1135 2500 1212 2549 fiir
1243 2499 1501 2550 diejeniqen,
1532 2498 1685 2537 wele-lle

151 2561 290 2599 d‘ltere
330 2558 620 2599 mediciniselze
651 2557 824 2598 Biielzer
860 2558 1128 2610 yebrauelzen
1166 2556 1254 2595 und
1290 2554 1397 2594 nach
1429 2555 1562 2594 deren
1594 2554 1684 2594 An-

154 2615 311 2667 Ieituny
341 2615 636 2654 Arzneimittel
664 2614 852 2654 bereicen
881 2615 1071 2663 wollten,
1112 2612 1180 2652 die
1219 2613 1261 2651 in
1297 2611 1505 2661 fritheren
1538 2610 1686 2650 Zeiten

150 2671 379 2723 yeleenden
410 2670 560 2711 Masze
590 2670 678 2710 und
709 2670 915 2712 Gewichte
947 2680 1216 2722 angentes-sen
1257 2680 1305 2706 zu
1342 2666 1569 2711 erklci'rem
1609 2665 1684 2706 de-

154 2726 291 2780 nique
323 2739 406 2767 nos
438 2726 528 2767 vol.
553 2726 574 2766 1
605 2739 647 2778 p.
678 2727 748 2766 65.

267 2782 310 2833 7)
355 2781 487 2824 Conf.
529 2781 708 2829 Ovidii,
762 2779 1050 2829 Germanici,
1102 2780 1268 2821 Avieni
1306 2791 1466 2820 versus
1507 2791 1534 2819 a
1571 2778 1688 2818 Bur-

155 2851 322 2880 manno
354 2837 550 2891 aliisque
584 2839 764 2878 citatos.

267 2895 311 2946 8)
343 2895 397 2934 V.
429 2894 520 2936 vol.
553 2894 574 2934 Ι
606 2907 649 2946 p.
680 2894 750 2934 96.
781 2894 878 2933 228.
912 2894 1011 2933 240.
1045 2892 1142 2933 248.

268 2951 311 3001 9)
343 2949 460 2990 Ibid.
491 2963 536 3003 p.
571 2950 664 2990 125.
696 2949 792 3001 235,
827 2950 863 2990 1.
925 2947 1058 2991 Conf.
1090 2951 1333 3001 praeterea
1363 2961 1407 3001 p.
1439 2948 1536 2999 222,
1559 2947 1586 2985 4
1625 2945 1684 2986 al.
