1946 3220
821 9 838 32 ,Ὗ
883 0 1336 30 ἵὟΜξ-,ῗῐ-ΨὛ-,ῇε
1352 0 1435 17 ‘00³2'
1449 0 1478 7 ’”·
1511 0 1523 10 ·-’
1536 0 1552 17 ,’
1563 0 1576 15 t
1590 0 1606 9 <-
1617 0 1631 6 v
1645 0 1661 17 ,-,

924 19 966 30 ,Α-

1681 0 1726 16 *vv
1736 0 1855 19 5-«n
1869 0 1944 21 '‘v-⁴.

592 167 926 223 sociemus
957 167 1226 205 Romanos.
1601 152 1672 204 29
1724 155 1726 157 ’

99 265 110 274 ²
131 270 244 332 „mm
271 297 508 331 mensuras
534 282 793 344 prorniscue
824 289 963 343 ponat
988 289 1034 328 et
1058 283 1230 333 Atticas
1257 282 1409 330 statim
1436 283 1672 344 adiungat,

59 379 65 382 ·
143 355 418 402 medimnum
445 360 490 400 et
518 353 794 401 choenicem.
843 350 966 408 Quae
998 354 1085 400 etsi
1111 354 1208 400 sine
1236 352 1405 400 ordine'
1419 354 1671 415 composita

46 415 70 442 ³
140 433 275 483 sunt,
317 431 465 471 tamen
503 423 687 470 omnino
716 428 898 469 mutuae
927 423 1085 470 harum
1121 437 1435 484 mensurarum
1473 425 1672 470 rationes

27 518 31 522 ·
144 503 268 542 recte
294 494 552 541 traduntur.
598 492 833 539 Difficilior
858 500 927 539 est
957 493 1084 540 locus
1109 494 1163 540 de
1190 495 1406 542 choenice
1433 501 1478 540 et
1502 496 1668 555 congio

44 560 49 562 ’
87 579 92 585 “
142 565 224 625 (vs.
245 565 310 613 69
333 563 404 624 s.).
452 563 538 611 Sed
556 569 661 625 post
682 562 818 609 verba
841 565 1021 623 cotylas
1044 589 1105 598 —-
1123 568 1306 624 recipit
1324 567 1540 626 qeminas
1559 577 1671 610 sea·-

143 640 304 682 tarius
339 649 465 681 unus
501 638 827 695 apparet'cum
862 634 1130 681 Endlichero
1167 635 1408 695 legendum
1439 648 1539 682 esse
1564 639 1672 695 quis

143 704 190 766 (i.
211 720 251 752 e.
278 703 457 767 quibus)
483 712 655 764 quater
682 704 974 764 adsumpte‘83
1000 719 1100 752 nam
1120 712 1345 766 *quattuor
1370 705 1547 766 cotylae
1577 707 1669 752 sive

142 776 231 823 duo
264 777 447 822 sextarii
482 775 741 821 choenicem
785 773 1001 822 efficiunt.
1056 777 1167 822 Tum
1192 781 1345 837 poeta,
1370 776 1502 821 adde
1534 777 1670 833 duos,

142 846 318 907 inquit,
358 845 569 891 nimirum
604 845 842 892 choenices
883 845 990 906 (qua
1026 859 1132 893 voce
1171 845 1420 893 masculina
1458 861 1567 893 usus
1603 854 1672 892 est

142 916 327 979 perinde
364 930 415 963 ac
451 915 609 962 Graeci
654 917 751 962 eius
792 917 973 981 generis
1018 916 1314 978 scriptores);
1367 930 1466 962 nam
1513 917 1550 962 si
1594 918 1670 962 uni

143 987 346 1034 choenici
375 986 489 1033 duae
519 992 754 1047 praeterea
782 986 1025 1045 adduntur,
1054 985 1103 1032 fit
1130 989 1321 1049 congius
1349 999 1427 1033 sex
1453 988 1672 1034 sextario·

143 1071 245 1104 rum
272 1055 411 1116 (cous.
437 1057 581 1118 praef.
601 1056 740 1116 crit.).

249 1128 450 1174 Minimas
487 1141 748 1187 mensuraS,
791 1134 841 1173 ut
881 1127 926 1173 in
972 1127 1152 1175 Graecis
1194 1127 1360 1174 tabulis
1397 1127 1495 1174 fieri
1537 1127 1670 1186 solet,

142 1198 344 1259 pondere
371 1198 524 1258 exigit.
586 1198 754 1259 Cyntho
783 1197 943 1244 tribuit
967 1198 1201 1244 drachmas
1230 1198 1382 1244 decem
1400 1234 1431 1256 ,.
1450 1211 1566 1259 quae
1602 1213 1673 1244 ra·

145 1268 208 1315 tio
228 1270 440 1314 convenit
467 1281 568 1315 cum
593 1269 897 1314 vetustissima
926 1268 1076 1314 tabula
1099 1267 1351 1315 medicinali
1375 1267 1437 1330 (p.
1453 1268 1572 1327 208,
1588 1267 1671 1327 27)

143 1338 351 1398 aliisque.
403 1338 537 1384 Addit
565 1338 851 1400 oxybaphum
881 1338 1140 1399 quindecim
1177 1339 1519 1405 drachmarum,
1555 1339 1672 1385 unde

28 1442 55 1473 5
130 1407 341 1461 efficitur
367 1408 410 1454 id
437 1422 461 1454 a
489 1410 714 1470 scriptore
740 1416 899 1470 quarta
927 1409 1131 1455 heminae
1157 1415 1285 1470 parte
1314 1410 1541 1456 aestimari
1566 1423 1672 1456 con-

142 1478 373 1537 venienter
406 1479 461 1524 ad
495 1479 725 1540 vulgarem
762 1493 910 1525 usum.
986 1479 1096 1524 Tum
1130 1478 1287 1525 definit
1318 1479 1516 1540 reliquas
1550 1493 1675 1525 men·

28 1542 48 1561 ⁷
133 1563 301 1608 suras,
329 1556 578 1610 mystrum,
606 1550 809 1607 chemen,
839 1549 1032 1608 coclear,
1062 1563 1368 1610 quarumxnos
1400 1551 1514 1597 hanc
1545 1549 1674 1595 tabu-

142 1618 231 1666 lam
258 1633 282 1666 a
308 1620 506 1666 sextario
537 1621 632 1667 orsi
659 1633 991 1681 proponamus:

401 1721 621 1764 sextarius
727 1718 753 1763 1

399 1788 578 1835 hemina
723 1786 752 1832 2
867 1788 893 1833 1

400 1859 683 1919 oxybaphum
723 1857 753 1905 8
865 1857 896 1903 4
1009 1858 1035 1903 1

399 1928 587 1989 cyathus
688 1927 750 1974 12
863 1928 892 1975 6
1006 1924 1073 1991 12}
1147 1929 1171 1973 1

398 2006 621 2060 mystrum
681 1997 748 2046 48
825 1998 891 2044 24
1003 1999 1031 2046 6
1144 1997 1176 2043 4
1255 1999 1280 2044 1

401 2071 556 2116 cheme
649 2068 749 2114 144
825 2068 888 2115 72
968 2068 1030 2116 18
1110 2067 1172 2114 12
1250 2068 1279 2116 3
1359 2070 1384 2115 1

400 2139 580 2187 coclear
644 2138 745 2187 288
790 2137 889 2185 144
964 2139 1030 2185 36
1107 2137 1172 2183 24
1250 2139 1279 2186 6
1356 2138 1402 2184 2.

54 2262 57 2263 ’
253 2251 575 2313 Comparemus
605 2266 707 2299 cum
738 2251 1001 2300 hac-tabula
1027 2251 1226 2299 Graecas
1256 2252 1356 2298 illas
1387 2266 1502 2312 quae
1537 2266 1674 2312 supi-a

58 2327 63 2333 '
134 2325 428 2384 ,perscriptae
458 2331 564 2370 sunt
595 2322 703 2383 (vol.
730 2323 746 2368 1
772 2339 817 2385 p.
850 2323 930 2369 91.
962 2323 1042 2369 99.
1073 2322 1189 2370 127.
1220 2322 1335 2370 130.
1371 2321 1513 2380 139):
1556 2321 1674 2367 vide-

149 2407 248 2439 mus
272 2407 294 2439 a
321 2394 468 2454 primo
504 2393 725 2440 Galeneae
761 2392 1046 2441 collectionis
1089 2395 1310 2454 scriptore
1341 2391 1401 2453 (p.
1435 2391 1518 2450 91)
1555 2398 1599 2437 et
1627 2393 1672 2437 in

149 2462 445 2524 Cleopatrana
481 2463 632 2511 tabula
663 2463 724 2527 (p.
755 2463 873 2523 127)
911 2463 1193 2527 oxybapliuip
1232 2462 1419 2524 perinde
1457 2467 1593 2523 atque
1629 2464 1671 2508 in

35 2586 49 2596 a
149 2533 231 2580 hac
268 2532 419 2579 tabula
452 2541 658 2595 quartam
695 2535 898 2581 heminae
934 2540 1105 2594 partein
1147 2533 1259 2589 dici,
1307 2532 1480 2593 reliqua
1523 2539 1671 2579 autem

67 2598 71 2602 ’
151 2604 300 2657 omnia
336 2603 512 2650 diversa
547 2618 661 2651 esse.
713 2605 879 2651 Contra
917 2611 1009 2649 tres
1048 2603 1251 2664 reliquae
1286 2602 1464 2648 tabulae
1499 2601 1561 2663 (p.
1591 2602 1671 2649 99.

31 2676 41 2687 ”
153 2674 266 2722 130.
297 2673 443 2734 139),
481 2689 595 2735 quae
622 2677 745 2738 ipsae
773 2677 890 2721 inter
924 2688 971 2719 se
1007 2680 1292 2734 congruunt,
1330 2673 1384 2719 ab
1412 2672 1494 2720 hac
1522 2673 1671 2720 tabula

39 2741 49 2795 ζ
83 2748 85 2750 ’
150 2743 408 2806 discrepant
439 2745 482 2790 in
511 2746 732 2806 oxybaphi
760 2744 1038 2800 definitione,
1069 2743 1144 2788 sed
1174 2744 1466 2790 consentiunt
1496 2743 1550 2790 de
1579 2758 1674 2805 my-

151 2820 273 2868 stro;
315 2829 366 2862 ac
402 2829 505 2861 vero
541 2816 852 2862 consentirent
889 2815 1030 2862 etiam,
1066 2813 1118 2859 de
1156 2813 1379 2873 cocleari,
1416 2814 1501 2860 nisi
1538 2821 1673 2875 poeta

66 2924 69 2926 .
152 2883 337 2930 chemen
364 2887 482 2932 inter
506 2893 725 2947 mystrum
753 2892 798 2931 et
824 2884 999 2931 coclear
1027 2884 1390 2946 interposuisset.
1436 2883 1563 2940 Quod
1586 2898 1672 2945 qua

153 2952 206 2999 de
241 2968 374 3002 causa
407 2955 588 3014 fecerit,
626 2957 724 3017 ipse
752 2954 944 3001 dilucide
972 2956 1181 3016 exponit:
1214 2955 1357 3002 voluit
1387 2957 1503 3000 enim
1531 2962 1674 3001 sexta-
