1946 3220
11 143 22 224 ¹.
103 162 204 233 [97]
702 181 774 215 ΒΕ
810 181 1024 218 numus.
1524 167 1631 221 303

8 306 12 310 ’
101 304 234 355 μενά
254 288 546 355 νομίςματα
570 289 619 354 γ’
640 290 845 355 τρίτον·
875 290 1008 346 ὥςτε
1027 291 1094 346 τὰ
1112 291 1159 355 γ’
1176 291 1400 359 ἀργύρια
1420 296 1631 348 ποιοῦςι

79 373 390 439 ,νομίςματα
414 369 462 438 ι’,
488 375 573 428 καὶ
596 375 662 428 τὰ
686 375 971 441 τριάκοντα
992 377 1282 443 νομίςματα
1307 377 1512 434 ἑκατόν.

183 541 264 593 97.
346 541 510 593 Varia
543 542 846 610 fraqmenta
880 545 1000 612 περὶ
1033 547 1276 612 ςταθμῶν
1316 547 1478 600 citata
1516 564 1552 600 a

723 628 1006 682 Salmasio.

620 726 757 778 (Vide
788 728 901 783 prol.
936 731 961 781 ἕ
992 730 1111 782 101.)
1657 737 1682 778 5

208 822 251 874 1.
291 822 517 890 Ὀβολὸς
551 824 583 878 6
620 825 675 880 ἐξ
723 825 962 892 ἀργύρου
1011 827 1126 890 ἄγει
1173 826 1450 893 γράμματα
1497 828 1627 895 τρία.

97 907 226 972 ὁλκὴ
270 906 387 971 ἄγει
438 908 715 975 γράμματα
761 909 892 976 τρία.
951 911 981 965 ὁ
1028 911 1201 966 ςίκλος
1244 910 1275 965 6
1318 910 1468 974 ἅγιος
1514 911 1628 976 ἄγει

94 991 371 1058 γράμματα
396 993 619 1048 δώδεκα.

200 1076 249 1129 2.
289 1077 348 1131 Ὁ
376 1078 568 1144 ςτατὴρ
593 1079 884 1145 νομίςματα
910 1080 1046 1146 τρία,
1075 1080 1106 1133 ὅ
1128 1081 1232 1135 ἑςτι
1257 1081 1483 1148 δραχμαὶ
1508 1081 1626 1146 δύο,

97 1160 127 1213 ὃ
158 1161 242 1214 καὶ
272 1163 507 1216 καλεῖται
537 1163 847 1230 κοδράντης.
1658 1172 1712 1215 10

202 1260 250 1312 3.
292 1261 622 1317 Βαλλάντιον
648 1262 795 1328 παρὰ
819 1262 883 1318 τὸ
912 1263 1140 1330 βάλλειν.
1185 1263 1290 1318 ἕςτι
1316 1265 1375 1319 δὲ
1401 1265 1625 1331 ςταθμὸς

94 1344 158 1398 τὸ
188 1345 535 1411 βαλλάντιον,
565 1346 596 1399 ὃ
623 1347 707 1401 καὶ
732 1347 951 1415 φόλλις,
979 1349 1249 1414 δηναρίων
1278 1347 1370 1415 ρν’.

200 1442 247 1494 4.
287 1443 363 1496 Τό
388 1444 719 1500 λεπτότατον
734 1449 833 1499 τοῦ
851 1447 1054 1512 χαλκοῦ
1081 1447 1303 1513 νόμιςμα
1326 1447 1624 1514 κοδράντην

9 1564 11 1566 -
93 1527 343 1593 Ῥωμαῖοι
365 1530 597 1582 καλοῦςι.

200 1613 248 1666 5.
285 1613 512 1680 Ὀβολός
553 1614 584 1668 6
625 1613 681 1668 ἐξ
724 1613 962 1682 ἀργύρου
1010 1615 1127 1679 ἄγει
1167 1616 1444 1682 γράμματα
1485 1614 1624 1683 τρία·
1657 1622 1709 1664 15

95 1696 296 1764 ὁμοίως
329 1698 414 1751 καὶ
449 1698 558 1753 ἀπὸ
596 1699 837 1765 ςιδήρου·
887 1700 970 1753 καὶ
1006 1701 1172 1755 ἄλλος
1207 1699 1407 1766 ὀβολὸς
1442 1701 1529 1754 καὶ
1565 1700 1625 1756 ἐν

94 1782 368 1848 ἀργυρίοις
401 1781 732 1837 ἑτετύπωτο·
776 1783 979 1846 ὄγδοον
1016 1786 1076 1840 δὲ
1109 1784 1177 1850 ἦν
1213 1786 1298 1838 καὶ
1334 1784 1495 1839 οὗτος
1532 1787 1626 1849 τῆς

42 1878 46 1882 ·
94 1866 325 1930 οὐγκίας.

19 1940 21 1943 ’
202 1950 248 2003 6.
286 1951 346 2003 Ὁ
373 1951 671 2018 κοδράντης
704 1953 938 2006 καλεῖται
972 1953 1162 2008 ςίκλον.
1214 1953 1318 2007 ἔςτι
1351 1955 1410 2008 δὲ
1443 1954 1624 2020 τέταρ-

12 2032 14 2034 ’
94 2051 190 2091 τον
217 2037 309 2100 τῆς
344 2035 572 2098 οὐγκίας.
1653 2042 1708 2084 20

203 2119 247 2172 7.
287 2119 497 2175 Λεπτόν
546 2120 650 2173 ἐςτι
704 2121 954 2186 ςταθμίον
1004 2121 1219 2185 οὐγκίας
1250 2121 1314 2176 τὸ
1349 2122 1624 2190 τέταρτον,

207 2335 248 2377 2.
278 2330 552 2386 τριάκοντα]
586 2331 627 2375 λ·
654 2333 716 2387 Β,
747 2332 803 2375 Λ”
835 2334 956 2376 LeM

24 2463 26 2465 ‚
208 2407 247 2447 6.
280 2404 343 2445 Sa
374 2403 506 2445 Conf.
537 2417 581 2457 p.
614 2404 689 2446 91:
721 2404 1018 2458 Fraymentum
1046 2411 1165 2448 vetus
1193 2407 1349 2447 incerti
1373 2402 1483 2458 περὶ
1515 2415 1622 2447 στα-

16 2469 33 2526 ζ-
94 2474 255 2529 θμῶνε
308 2467 473 2529 ὀβολὸς
506 2477 552 2516 et
582 2477 689 2526 eet„
731 2485 850 2527 quae
889 2475 1061 2517 similia
1092 2479 1197 2518 sunt
1225 2475 1283 2517 iis
1316 2487 1431 2530 quae
1465 2487 1488 2516 e
1522 2475 1620 2518 cod.

15 2555 29 2571 ’·
92 2546 288 2590 Vindob.
320 2546 369 2586 in
397 2543 514 2599 prol.
546 2545 571 2595 ἕ
592 2545 646 2586 89
678 2544 1000 2599 exscripsimus
1115 2548 1156 2587 9.
1189 2543 1322 2587 Conf.
1349 2558 1395 2599 p.
1417 2547 1487 2598 99,
1517 2545 1622 2589 Ref.

16 2627 26 2642 ³
91 2630 135 2672 p.
157 2618 213 2659 25
302 2618 368 2661 10.
401 2613 660 2669 κοδράντης
690 2614 795 2657 Res.
825 2629 871 2669 p.
892 2615 964 2669 25,
995 2613 1313 2669 κουαδράντης
1345 2613 1478 2658 Conf.
1499 2629 1543 2670 p.
1566 2617 1621 2658 99

94 2689 162 2730 11.
195 2685 330 2730 Conf.
359 2701 403 2742 p.
437 2689 539 2730 102:
572 2686 689 2728 conf.
724 2686 820 2728 cod.
853 2685 1047 2729 Vindob.
1078 2684 1191 2739 prol.
1222 2686 1247 2738 ξ
1277 2686 1332 2728 89
1451 2687 1518 2730 12.
1540 2684 1620 2740 τὸ]

93 2768 139 2800 τι
169 2756 231 2799 Sa
347 2759 415 2800 13.
449 2757 580 2801 Conf.
614 2771 658 2812 p.
683 2759 764 2800 106
881 2754 1207 2810 κουαδράντην
1237 2755 1299 2798 Sa
1415 2758 1484 2799 15.
1515 2756 1623 2800 Ref.

92 2841 136 2881 p.
168 2829 244 2870 24:
298 2828 421 2872 conf.
460 2829 517 2874 fr.
549 2830 618 2883 82,
641 2830 696 2870 42
814 2829 880 2871 19.
920 2827 1025 2872 Res.
1062 2841 1107 2882 p.
1138 2828 1215 2870 25:
1264 2829 1309 2869 in
1336 2829 1474 2869 veteri
1497 2829 1623 2881 fray-

0 2903 26 2938 ³.
93 2906 230 2942 mento
266 2900 442 2941 incerti:
493 2893 518 2943 ὁ
551 2891 726 2953 στατὴρ
759 2898 824 2952 (et
855 2901 1034 2941 cetera:
1085 2897 1190 2941 vide
1220 2898 1246 2949 ξ
1275 2898 1334 2951 2).
1393 2899 1450 2940 In
1481 2900 1565 2940 alio
1595 2890 1620 2938 ὁ

96 2964 361 3024 κοδράντης
393 2973 478 3013 ete.
595 2967 710 3023 ἔςτι]
743 2967 811 3011 ἐτὶ
842 2968 904 3011 Sa
1048 2970 1116 3013 21.
1146 2968 1251 3014 Ref.
1281 2983 1324 3023 p.
1356 2971 1432 3012 332
1490 2970 1623 3010 Vetus
