1946 3220
327 168 397 223 84
804 186 872 218 Ex
907 184 1173 219 PmscIAm
1209 185 1369 220 Lumo
1721 168 1892 238 [118

323 296 546 346 sicilicus
585 293 788 358 scripuli
827 309 928 351 sex,
969 293 1157 344 sextula
1196 295 1400 360 scripuli
1426 266 1670 359 quattuor,
1710 297 1852 347 dimi·
1845 257 1880 287 ἰ

329 381 405 429 dia
446 378 635 429 sextula
673 378 877 443 scripuli
915 378 1029 427 duo.
1091 393 1265 428 rursus
1304 378 1492 429 sextula
1525 387 1572 430 et
1598 379 1892 431 dimidium
1926 381 1942 430 ἐ

330 462 550 513 sextulae
599 461 815 512 sicilicus
862 462 1151 527 appellatur.
1227 463 1472 528 scripulus
1511 463 1714 529 siliquae
1750 479 1851 516 sex.
1884 464 1905 527 ’ᾖ

329 547 507 610 siliqua
547 553 621 596 est
658 545 789 612 quod
828 546 998 595 dicunt
1036 546 1213 596 Graeci
1250 545 1494 610 κεράτιον
1535 547 1609 598 vel
1643 546 1852 600 λεπτός.
1880 537 1905 561 ”
1944 616 1946 618 „

238 601 296 701 ῙΞ
433 631 772 681 Necessarium
812 637 974 680 tamen
1013 632 1284 680 existimavi
1319 631 1379 682 ad
1407 632 1742 682 confirmanda
1768 649 1851 684 su·

324 730 413 780 pra
460 715 587 765 dicta
635 715 841 764 diversis
888 714 1173 764 auctoribus
1221 715 1286 764 de'
1326 715 1401 765 his
1441 716 1568 766 dicta
1606 715 1848 767 subicere.
1894 714 1915 730 '¹

0 0 502 166 {ww
515 21 533 63 .
581 7 844 41 Q
1247 16 1257 27 „
1308 42 1315 50 ,

0 173 32 327 Ξ

325 800 489 850 Livius
526 802 576 849 in
601 799 825 849 XXXIIII
852 798 911 848 ab
951 799 1074 848 urbe
1114 799 1337 850 condita:
1375 800 1728 850 ‘multitudinis
1769 817 1850 851 eo·
1910 791 1938 867 33³

324 899 435 934 rum
483 889 828 948 argumentum
867 885 954 941 sit,
1005 884 1137 948 quod
1174 883 1407 949 Polybius
1447 884 1619 934 scribit
1656 892 1854 935 centum
1899 877 1935 932 :7-

328 969 523 1018 talentis
573 984 682 1018 eam
727 984 835 1018 rem
872 968 1080 1018 Achaeis
1129 970 1350 1026 stetisse,
1404 985 1517 1018 cum
1561 970 1856 1033 quingentos
1935 977 1939 979 ’

243 1056 297 1096 10
331 1053 559 1102 denarios
609 1055 822 1117 pretium
869 1055 919 1101 in
943 1054 1147 1116 xcapita,
1197 1053 1328 1116 quod
1366 1053 1659 1103 redderetur
1698 1053 1856 1102 domi·

328 1139 431 1194 nis,
502 1139 800 1187 statuissent.
878 1137 1011 1186 mille
1076 1139 1205 1186 enim
1263 1137 1500 1187 ducentos
1555 1153 1613 1187 ea
1667 1139 1856 1187 ratione
1899 1145 1903 1151 ’

326 1221 506 1271 Achaia
555 1221 724 1271 habuit
764 1223 980 1286 captivos
1016 1221 1248 1271 Italicos.'
1327 1237 1423 1285 qua
1459 1223 1652 1271 ratione
1691 1229 1858 1272 osten·
1893 1218 1898 1229 ”

329 1305 461 1356 ditur
509 1321 594 1356 sex
641 1305 775 1355 milia
823 1305 1140 1355 denariorum
1188 1305 1374 1355 hahere
1417 1304 1669 1355 talentum.
1745 1320 1858 1356 nam

329 1406 443 1439 cum
481 1391 718 1454 quingeni
740 1390 948 1457 ‘denarii
983 1406 1077 1455 pro
1113 1389 1245 1439 mille
1282 1390 1506 1439 ducentis
1533 1391 1733 1455 captivis
1759 1389 1859 1439 dati

247 1477 298 1517 15
331 1474 622 1537 colligantur
679 1481 903 1525 sescenta
958 1474 1090 1523 milia
1146 1475 1489 1531 denariorum,
1550 1480 1745 1544 centum
1803 1489 1859 1523 ea
1903 1482 1943 1521 ῳ

242 1557 301 1604 13
334 1558 547 1608 ostendit
594 1558 744 1608 fuisse
796 1559 992 1608 talenta.
1069 1560 1335 1609 centesima
1384 1564 1545 1608 autem
1593 1573 1709 1623 pars
1757 1573 1859 1607 ses-

332 1649 588 1692 centorum
627 1642 815 1692 milium
853 1658 940 1692 sex
977 1642 1110 1691 milia
1148 1643 1476 1692 inveniuntur.
1546 1642 1737 1691 denarii
1774 1657 1860 1691 au·

329 1732 429 1776 tem
467 1727 564 1776 illo?
593 1734 815 1791 tempore
852 1728 1044 1775 nummi
1083 1729 1303 1790 argentei
1343 1732 1482 1777 erant
1517 1727 1684 1789 viginti
1721 1732 1860 1790 quat·

329 1819 443 1861 tuor
481 1810 794 1875 siliquarum,
838 1811 967 1875 quod
994 1813 1046 1860 in
1075 1811 1248 1860 eodem
1276 1811 1404 1860 libro
1432 1811 1645 1860 ostendit
1669 1810 1857 1860 Livius:
1902 1818 1916 1862 ζ’

246 1899 300 1938 20
333 1897 530 1959 esignati
567 1897 758 1959 argenti
795 1894 1055 1944 LXXXIIII
1093 1894 1226 1945 milia
1263 1897 1403 1945 fuero
1429 1896 1717 1945 Atticorum.
1787 1901 1859 1943 te·

330 1979 552 2029 trachma
598 1986 787 2029 vocant.
861 1981 1009 2029 trium
1060 1979 1166 2029 fere
1204 1980 1517 2029 denariorum
1565 1982 1617 2028 in
1657 1977 1860 2042 singulis
1903 1968 1925 1979 ⁴

332 2065 522 2127 argenti
570 2070 644 2113 est
688 2064 924 2128 pondus.'
999 2064 1106 2113 vide
1155 2064 1287 2128 quod
1325 2070 1555 2128 quattuor
1595 2062 1859 2112 drachmae

332 2149 429 2197 sint
466 2149 775 2212 septuaginta
815 2148 939 2198 duae
979 2148 1183 2213 slliquae
1217 2178 1275 2184 —
1305 2149 1518 2198 diximus
1557 2149 1688 2197 enim
1715 2162 1860 2211 supe·
1884 2184 1885 2187 η
1906 2139 1925 2199 ζ’

332 2233 437 2280 rius
495 2232 625 2295 quod
674 2238 775 2282 tres
822 2231 978 2290 oboli,
1040 2247 1249 2297 quorum
1301 2232 1480 2296 singuli
1528 2248 1614 2282 sex
1661 2231 1932 2301 siliquas

248 2319 302 2358 25
333 2315 569 2373 habeant,
628 2316 912 2366 drachmam
962 2317 1149 2366 faciunt
1200 2346 1256 2353 ——
1310 2323 1409 2366 tres
1454 2321 1624 2366 autem
1673 2315 1862 2364 denarii
1912 2320 1934 2342 ¹·

334 2400 465 2449 idem
502 2399 739 2458 habeant,
779 2401 827 2449 id
868 2408 941 2451 est
967 2399 1380 2465 LXXII-siliquas.
1445 2401 1576 2450 idem
1609 2401 1775 2449 Livius
1811 2399 1861 2447 in

275 2519 282 2526 -
334 2483 573 2534 XXXVIII
600 2484 659 2533 ab
699 2484 822 2534 urbe
864 2485 1060 2535 condita
1099 2486 1314 2535 ostendit
1354 2499 1585 2549 magnum
1622 2472 1860 2533 talentum

450 2697 487 2737 1.
520 2691 865 2749 scripuli-IIII·
894 2696 928 2736 G
1043 2698 1083 2737 2
1116 2695 1329 2749 scripuli·
1319 2696 1410 2736 ·11-
1438 2695 1473 2736 G
1557 2696 1599 2734 4.
1630 2693 1858 2734 kepmon·
1893 2725 1932 2752 ,ᾗ

336 2762 598 2805 uel-omme
633 2765 668 2806 G
791 2766 831 2806 8.
863 2765 1078 2819 polubius
1111 2766 1147 2807 G
1317 2768 1357 2807 9.
1387 2761 1604 2816 Achaeis]
1646 2764 1794 2804 atheis
1828 2763 1862 2804 G
1894 2750 1929 2804 ἒ*

339 2833 405 2874 11.
439 2832 508 2886 ea]
545 2838 590 2874 et
622 2836 656 2875 G
806 2838 874 2877 20.
913 2836 1087 2890 signati
1126 2836 1307 2890 argenti
1335 2849 1411 2877 om.
1446 2835 1481 2875 G
1602 2834 1861 2874 tetrachma
1895 2809 1929 2882 {2

337 2902 434 2942 libri
460 2902 502 2942 V
501 2904 540 2942 A
564 2906 681 2956 apud
699 2905 900 2958 Keiliuru,
933 2906 1191 2947 tethracma
1212 2907 1387 2959 Paptcd
1414 2906 1601 2955 eundem,
1632 2908 1861 2957 tetragma
1894 2900 1923 2954 ζ

342 2971 376 3012 G
490 2974 556 3012 22.
590 2972 775 3028 dragma
809 2976 843 3015 G
958 2977 1012 3016 25
1043 2975 1228 3029 dragma
1261 2976 1295 3017 G
1409 2977 1476 3015 27.
1510 2973 1728 3015 xxxvn
1761 2974 1795 3015 G
1891 2965 1921 3015 ἲ

1883 3043 1919 3101 ΩῙξ
1944 3041 1946 3080 l

1883 3102 1924 3166 ΞΥ

1886 3163 1916 3220 εἰ.
