1946 3220
300 174 449 214 XVIII
891 173 1187 211 PRAEFATIO
1221 175 1276 208 IN
1326 183 1332 188 ·

305 301 453 341 sertae
489 299 638 339 autem
675 297 781 337 sunt
812 295 1030 350 quattuor
1063 286 1276 348 plagulae
1313 286 1400 333 alia
1439 301 1572 334 manu
1609 289 1824 350 scriptae,

304 377 327 409 e
363 362 527 425 quibus
563 367 760 407 extrema
795 358 998 406 continet
1024 356 1146 404 hunc
1182 357 1542 419 Epiphanianum
1584 365 1830 407 tractatum

302 435 403 480 inde
430 447 454 478 a
479 432 627 479 verbis
665 424 773 477 ἀπὸ
800 441 825 475 *
854 423 910 478 ἐξ
945 421 1011 475 οὗ
1049 423 1134 476 καὶ
1168 423 1231 476 τὸ
1268 422 1490 488 νόμιεμα
1525 430 1585 490 (p
1619 428 1831 488 269,16)

302 517 447 566 usque
482 503 535 549 ad
571 496 707 559 παρ’
737 492 918 548 αὐτῶν
955 495 1117 548 ξεετῶ
1156 494 1215 559 (p.
1255 502 1339 543 272
1352 495 1449 561 7).
1476 523 1546 533 —-
1582 498 1834 547 Verborum

301 580 560 622 contextum
592 569 748 615 multis
787 568 902 615 locis
945 568 1173 616 turbatum
1201 575 1246 614 et
1272 577 1570 631 corruptum,
1611 577 1832 631 quantum

301 645 397 691 fieri
435 641 612 704 potuit,
648 639 901 687 emendavi:
935 638 1154 686 nonnulla
1183 647 1334 686 tamen
1367 641 1537 687 intacta
1572 640 1833 703 relinquere

301 728 433 775 quam
459 711 593 759 dubia
619 712 881 758 coniectura
907 709 1146 756 immutare
1171 708 1326 756 malui.
1357 732 1418 744 --
1451 709 1524 756 Fr.
1554 714 1634 771 83,
1660 713 1712 770 3,
1752 711 1831 773 qui

299 785 427 832 locus
452 783 648 844 primum
678 779 1008 842 inexplicabilis
1038 780 1148 827 mihi
1179 780 1431 840 videbatur,
1458 781 1655 843 denique
1677 794 1833 829 veram

300 857 519 901 rationem
548 853 721 910 inveni,
748 865 849 899 cum
873 845 989 912 τρά,
1017 851 1205 899 alteram
1230 852 1353 899 vocis
1382 846 1532 912 λίτρα
1555 859 1750 913 partem,
1778 864 1832 898 ex

299 926 516 972 Hebraico
545 931 652 990 ἕνῃ-ῃ
680 921 932 981 (Aramaico
959 917 1105 993 yfir-3),
1132 922 1177 967 h.
1204 936 1245 969 e.
1271 923 1433 982 findit,
1459 923 1652 970 derivari
1681 936 1836 971 recor-

301 997 432 1042 datus
460 1009 574 1040 sum.

403 1067 597 1111 85ψ-87.
628 1062 746 1111 Haec
779 1062 1060 1124 fragmenta,
1095 1069 1148 1109 ut
1181 1063 1227 1109 in
1259 1063 1380 1125 prol.
1409 1063 1438 1123 S
1464 1065 1516 1108 91
1547 1063 1835 1110 demonstra·

300 1144 397 1183 tum
424 1143 518 1194 est,
551 1135 739 1194 repetivi
768 1147 792 1180 e
821 1134 920 1180 cod.
947 1134 1048 1180 Par.
1081 1136 1192 1179 1630
1215 1134 1295 1181 sol.
1323 1136 1408 1179 194
1432 1141 1478 1181 et
1504 1137 1600 1180 114.
1652 1134 1831 1196 Fragm.

299 1210 352 1252 86
392 1213 435 1253 et
472 1209 526 1250 87
555 1212 658 1251 ante
698 1219 768 1251 me
803 1204 1004 1251 ediderat
1026 1203 1274 1267 Le-Moyne
1302 1205 1349 1251 in
1373 1204 1518 1251 Variis
1546 1203 1698 1252 Sacris
1726 1200 1758 1266 (1
1785 1213 1832 1266 p.

299 1280 394 1322 498.
422 1273 534 1338 496)
563 1302 631 1308 -
658 1276 706 1321 In
732 1276 787 1322 fr.
812 1277 868 1320 85
893 1274 1007 1322 nihil
1031 1275 1079 1321 in
1107 1276 1275 1322 codicis
1303 1275 1532 1337 scriptura
1555 1276 1741 1323 mutavi.
1765 1296 1835 1308 ⁶·-

298 1349 342 1393 ln
370 1348 425 1393 sr.
454 1349 510 1392 86
534 1361 634 1393 cum
670 1346 757 1393 alia
792 1347 963 1393 rectius
990 1346 1107 1393 edidi
1134 1360 1268 1408 quam
1294 1347 1376 1394 Le·
1358 1346 1566 1425 -Moyne,
1603 1352 1697 1393 tum
1722 1344 1754 1405 S
1779 1348 1836 1390 12

297 1408 342 1467 δ’
370 1413 641 1477 crepeot'ic,
679 1417 801 1479 quod
839 1423 986 1464 exstat
1027 1418 1074 1463 in
1110 1418 1294 1476 codice,
1337 1417 1521 1464 distinxi
1554 1418 1601 1463 in
1625 1410 1717 1482 δι’
1753 1422 1836 1466 τε·

298 1484 455 1549 ρεούε
500 1496 634 1549 atque
680 1502 731 1535 ex
777 1482 997 1548 τερεούε
1042 1489 1226 1535 restitui
1260 1463 1655 1549 Φιλεταιρείουε
1695 1486 1835 1547 (conf.

299 1560 417 1621 prol.
449 1559 478 1619 S
509 1559 596 1618 21).

403 1633 471 1675 88.
523 1629 844 1690 Fragmentum
886 1628 1190 1677 Eusebianum
1229 1630 1451 1691 descripsi
1493 1643 1517 1675 e
1554 1629 1654 1677 cod.
1690 1629 1833 1676 PariS.

298 1704 407 1746 2665
446 1701 524 1747 sol.
563 1702 692 1759 209³,
729 1707 775 1747 et
807 1707 1043 1762 praeterea
1077 1712 1189 1748 usus
1226 1715 1327 1748 sum
1363 1700 1627 1762 apographo
1662 1700 1834 1747 codicis

299 1772 505 1825 Vossiani
530 1771 846 1832 Lugdunensis
872 1770 921 1817 Ο.
949 1774 1003 1816 17
1031 1770 1112 1818 fol.
1142 1774 1341 1817 12—18.
1397 1771 1525 1819 Conf.
1552 1770 1673 1832 prol.
1703 1770 1734 1831 S
1759 1772 1833 1828 88,

299 1843 383 1888 VII.
419 1845 475 1887 92
515 1843 614 1888 adn.
643 1846 682 1888 3.
732 1841 891 1890 Notavi
926 1842 1130 1904 priorem
1160 1841 1329 1890 librum
1362 1842 1520 1889 littera
1543 1844 1606 1899 A,
1643 1840 1835 1887 alterum

297 1914 342 1959 B.
367 1938 436 1948 —
462 1913 491 1971 S
518 1916 545 1958 6
571 1907 812 1973 γραμμὰ(
846 1906 923 1961 κδ’
948 1927 1050 1960 cum
1078 1914 1301 1960 Vossiano
1330 1913 1519 1975 scripsi,
1563 1923 1838 1973 quamquam

301 1983 432 2029 scribi
459 1983 614 2029 debuit
632 1979 922 2044 γράμματα
973 1983 1060 2030 Sed
1086 1984 1198 2031 haec
1224 1985 1466 2046 depravata
1484 1983 1631 2030 forma
1651 1979 1835 2046 (γραμο

300 2049 365 2113 μή
401 2067 485 2114 pro
512 2049 743 2116 γράμμα)
768 2067 861 2100 non
899 2053 1043 2101 aliena
1077 2055 1218 2101 fuisse
1254 2055 1431 2101 videtur
1460 2054 1515 2101 ab
1541 2068 1629 2101 usu
1656 2052 1834 2101 dicendi

301 2124 375 2184 qui
417 2132 522 2185 post
561 2125 790 2171 saeculum
823 2123 877 2171 VI
911 2125 1124 2172 obtinuit.
1190 2125 1355 2173 Confer
1390 2126 1551 2186 fragm
1578 2129 1650 2183 72,
1677 2126 1728 2182 3,
1756 2122 1834 2169 ubi

298 2191 533 2254 γραμμᾶε
562 2196 605 2240 in
632 2196 885 2242 accusativo
907 2195 1043 2242 hahet
1067 2196 1223 2255 codex,
1247 2196 1369 2258 quod
1393 2196 1474 2243 illo
1492 2194 1597 2242 loco
1621 2200 1836 2273 propter-

300 2278 351 2311 ea
377 2278 469 2311 non
496 2266 672 2326 recepi,
713 2267 815 2326 quia
852 2266 1152 2314 evetustiore
1184 2266 1337 2314 tabula
1367 2279 1570 2314 errorem
1601 2265 1834 2325 corrigere

299 2334 441 2382 licuit.

405 2407 473 2450 89.
514 2405 732 2466 Excerpta
770 2419 793 2452 e
827 2406 1022 2468 Iosepho
1066 2407 1286 2468 leguntur
1322 2408 1368 2454 in
1407 2407 1506 2454 cod.
1543 2405 1685 2453 Paris.
1722 2406 1838 2450 2665

301 2475 377 2520 sol.
406 2478 487 2518 207
505 2470 539 2519 ¹⁰.
601 2476 710 2522 Vide
735 2476 852 2537 prol.
885 2477 914 2535 S
941 2479 1024 2534 88,
1051 2477 1119 2523 111.
1862 2481 1864 2484 ’

403 2547 472 2588 90.
500 2546 817 2605 Fragmentum
849 2547 905 2593 de
945 2547 1144 2595 sextario
1181 2548 1342 2596 scholii
1378 2548 1521 2595 instar
1556 2546 1836 2607 adscriptum

303 2620 373 2658 est
428 2615 471 2658 in
510 2616 607 2660 cod.
650 2617 791 2663 Paris.
829 2620 940 2662 2327
989 2616 1070 2664 fol.
1110 2613 1233 2680 2911',
1281 2619 1410 2666 cuius
1454 2619 1727 2679 scripturam
1770 2615 1835 2662 ita

305 2683 548 2742 emendavi,
576 2691 643 2743 ut,
673 2687 778 2745 quid
805 2701 1030 2747 exponere
1049 2689 1270 2736 voluisset
1289 2696 1467 2749 auctor,
1495 2686 1701 2748 intellegi
1725 2698 1834 2748 pos-

304 2759 387 2798 set.
442 2749 626 2815 [Postea
668 2755 843 2801 denium
879 2761 1070 2819 cognovi
1106 2774 1206 2806 eum
1237 2760 1388 2808 locum
1424 2762 1470 2806 in
1508 2759 1689 2805 brevius
1727 2768 1834 2803 con-

305 2829 496 2869 tractum
527 2836 626 2955 8850
654 2837 705 2869 ex
731 2823 922 2885 Etymol·
950 2829 1005 2875 M
1034 2845 1071 2875 v
1099 2827 1276 2891 ξέετηε
1303 2845 1352 2878 ac
1375 2831 1460 2877 vidi
1486 2843 1577 2876 non
1603 2828 1735 2875 irrita
1762 2838 1833 2897 me

305 2894 553 2939 coniecisse

410 2965 478 3007 91.
509 2963 616 3009 Vide
641 2963 758 3025 prol.
784 2963 817 3023 S
843 2965 911 3009 93.
