1946 3220
615 137 933 175 scmrwoens
971 137 1228 175 οωοοε.
1572 122 1671 175 161

144 252 241 299 suis
265 251 380 299 locis
405 250 658 299 illustratae
681 246 856 311 sunt⁴):
882 258 1026 299 restat
1055 252 1214 312 igitur,
1242 257 1293 299 ut
1311 251 1365 298 de
1391 253 1525 298 variis
1546 266 1674 299 num-

144 335 322 368 morum
349 322 595 383 generibus
621 328 888 383 exponatur.
939 322 1028 369 Sed
1059 329 1205 369 tamen
1230 327 1372 369 totam
1399 321 1514 369 hanc
1538 337 1674 384 quae·

144 392 343 438 stionem
380 392 674 439 omittendam
711 405 814 439 esse
852 393 1088 451 existimo,
1130 406 1265 454 quam
1298 393 1339 440 si
1377 392 1671 454 aggrederer,

144 465 287 523 ipsam
312 462 436 509 illius
458 464 621 509 aetatis
648 463 883 509 historiam
904 477 1036 524 quam
1065 463 1219 510 dicunt
1238 465 1534 510 nummariam
1561 465 1673 511 scri·

142 532 252 578 here
291 546 477 579 necesse
504 539 640 579 esset.
689 533 900 592 Accedit,
942 533 1063 596 quod
1093 533 1290 594 plurima
1325 534 1413 581 iam
1437 548 1463 581 a
1488 533 1673 581 Momm·

143 616 256 648 seno
293 603 477 664 egregie
516 603 752 664 explanata
788 610 920 661 sunt,
962 620 987 650 a
1014 617 1106 666 quo
1143 605 1230 650 etsi
1263 605 1422 665 paucis
1456 604 1503 650 in
1536 603 1671 651 rebus

143 672 393 731 dissentio,
420 681 570 720 tamen
598 674 672 720 hic
696 687 788 720 non
816 681 885 720 est
908 673 1039 720 locus
1065 687 1116 720 ea
1141 673 1415 734 disputandi.
1473 673 1673 736 Denique

139 744 196 790 de
221 750 419 791 extrema
442 744 685 805 fragmenti
704 751 851 806 parte,
881 744 960 790 ubi
984 744 1040 790 de
1063 744 1235 790 denarii
1264 743 1483 791 divisione
1502 745 1672 806 agitur,

142 815 424 861 commodius
452 822 548 861 tum
574 815 747 874 dicam,
783 828 884 861 cum
915 814 1088 862 Volusii
1112 813 1328 861 Maeciani
1354 813 1558 861 libellum
1600 828 1673 862 ex·

141 882 341 945 plicabo.

244 955 407 1001 Verum
432 969 572 1002 unum
598 955 686 1001 hoc
710 954 814 1002 loco
842 954 1092 1002 addendum
1120 955 1323 1013 videtur,
1352 956 1515 1001 merito
1544 954 1673 1002 dubi·

141 1027 227 1071 tari
252 1039 416 1088 posse,
442 1040 550 1072 num
577 1025 722 1072 altera
746 1026 994 1086 fragmenti
1022 1040 1128 1087 pars
1152 1026 1255 1072 iude
1280 1041 1304 1073 a
1329 1025 1479 1072 verbis
1508 1021 1567 1075 Ἡ
1598 1020 1670 1073 λί-

138 1107 240 1155 τρα
275 1094 419 1145 ποιεῖ
443 1095 503 1156 (7)
529 1096 673 1143 eidem
709 1096 886 1143 auctori
923 1096 1164 1143 tribuenda
1199 1098 1260 1143 sit
1298 1103 1435 1159 atque
1470 1109 1520 1142 ea
1556 1110 1671 1158 quae

141 1167 424 1214 antecedunt.
499 1167 615 1213 Sane
662 1167 842 1228 quidem
877 1174 1074 1227 utraque
1119 1182 1226 1228 pars
1262 1181 1347 1227 per
1382 1181 1430 1213 se
1464 1173 1557 1213 stat
1590 1180 1672 1213 nec

141 1236 370 1284 desiderat
394 1237 539 1284 altera
564 1236 769 1283 alteram.
822 1235 953 1293 Quod
975 1239 1016 1283 si
1036 1250 1187 1284 verum
1210 1239 1297 1296 sit,
1314 1237 1498 1284 minime
1520 1244 1673 1284 tamen

141 1320 194 1354 ea
228 1321 344 1368 quae
378 1308 513 1354 modo
550 1307 603 1354 de
635 1314 781 1354 aetate
820 1307 1061 1368 scriptoris
1095 1307 1298 1355 conclusi
1331 1307 1670 1368 infringuntur:

139 1377 227 1422 nisi
254 1377 374 1423 forte
402 1379 465 1424 ita
493 1378 839 1424 discernendum
864 1377 978 1435 erit,
1014 1378 1214 1439 priorem
1242 1385 1417 1439 partem
1443 1378 1585 1425 videri
1618 1378 1672 1424 ad

140 1449 334 1508 primum
362 1447 592 1494 saeculum
617 1449 867 1508 pertinere,
895 1446 1082 1494 alteram
1108 1454 1232 1495 certe
1251 1462 1343 1494 non
1370 1450 1671 1495 recentiorem

139 1531 242 1564 esse
275 1517 458 1564 saeculo
489 1519 706 1564 secundo.

244 1588 481 1636 Postremo
519 1595 678 1650 repeto
697 1589 760 1635 *id
795 1589 916 1650 quod
938 1590 1031 1635 iam
1056 1602 1197 1649 supra
1230 1588 1319 1635 dixi
1346 1587 1393 1648 (S
1416 1585 1515 1651 86),
1551 1588 1672 1648 frag-

139 1666 343 1705 mentum
368 1659 482 1706 illud
510 1659 565 1707 de
591 1659 818 1706 mensuris
846 1659 968 1722 quod
994 1661 1041 1705 in
1065 1657 1194 1705 libris
1219 1673 1356 1706 manu
1378 1659 1564 1721 scriptis
1585 1660 1672 1707 hoc

138 1729 487 1776 Alexandrinum
521 1730 730 1791 sequitur
765 1744 856 1776 non
893 1729 948 1776 ad
976 1730 1167 1777 eundem
1200 1736 1433 1776 auctorem
1469 1729 1670 1776 referen-

140 1799 245 1845 dum
270 1813 385 1847 esse.

657 1924 723 1964 De
754 1923 916 1965 Sancto
947 1923 1158 1966 Maximo.

241 2010 277 2055 N
282 2009 576 2057 onnullornm
602 2009 888 2058 saeculorum
909 2008 1146 2057 intervallo
1166 2009 1221 2057 ab
1237 2008 1538 2057 Alexandrino
1556 2010 1666 2057 scri·
1695 2000 1797 2050 100

138 2087 270 2142 ptore
293 2081 569 2142 omninoque
593 2083 648 2127 iis
674 2080 840 2127 litteris
868 2094 982 2143 quae
1000 2081 1215 2128 classicae
1231 2087 1451 2127 vocantur
1477 2081 1564 2126 iam
1591 2080 1670 2126 de-

139 2151 396 2198 scendimus
426 2153 482 2198 ad
506 2152 640 2198 breve
669 2151 898 2213 quoddam
925 2151 1228 2212 fragmentum
1258 2152 1379 2213 quod
1405 2151 1671 2198 inscribitur

138 2217 249 2270 Τοῦ
286 2216 441 2280 ἁγίου
469 2217 711 2284 Μαξίμου
744 2219 866 2283 περὶ
894 2220 987 2282 τῆς
1011 2220 1161 2283 τιμῆς
1187 2219 1298 2272 τῶν
1326 2213 1371 2268 λ’
1396 2216 1667 2282 ἀργυρίων

140 2286 220 2341 ὧν
249 2287 439 2354 ἔλαβεν
468 2288 669 2342 Ἰούδας
703 2287 838 2353 ὑπὲρ
865 2288 1159 2353 προδοείαε
1187 2290 1285 2341 τοῦ
1308 2288 1531 2353 Χριετοῦ
1558 2291 1665 2351 (96).

142 2361 259 2407 Vixit
282 2362 498 2409 Maximus
523 2363 792 2421 consessor,
830 2364 907 2424 qui
942 2371 988 2410 et
1017 2364 1262 2423 theologus
1287 2370 1333 2409 et
1364 2358 1669 2423 φιλόςοφος

138 2431 360 2493 appellari
386 2432 531 2491 solet,
572 2448 596 2478 a
622 2433 803 2480 saeculo
830 2440 960 2479 sexto
989 2440 1181 2480 exeunte
1209 2433 1263 2479 ad
1287 2433 1469 2493 septimi
1499 2433 1667 2479 saeculi

140 2516 304 2549 annum
330 2499 498 2562 LX111).
551 2502 636 2558 Qui
671 2517 774 2550 cum
810 2501 1034 2564 plurimos
1070 2503 1214 2549 libros
1247 2509 1294 2548 et
1331 2503 1586 2563 exegeticus
1622 2510 1667 2549 et

138 2573 424 2634 dogmaticos
453 2573 715 2634 scripserit,
745 2573 855 2619 nihil
880 2573 1093 2634 impedit,
1122 2574 1232 2634 quin
1259 2571 1450 2619 eundem
1480 2572 1534 2620 de
1563 2588 1691 2635 pre··

252 2766 298 2817 4)
330 2766 445 2808 Vide
486 2767 541 2807 de
573 2764 751 2808 talento
791 2765 1078 2807 Ptolemaico
1109 2766 1132 2816 ξ
1163 2766 1241 2818 67,
1279 2765 1582 2807 Antiochensi
1623 2771 1669 2807 et

141 2822 281 2888 Τῖζίο
311 2822 336 2872 5
360 2824 444 2889 538,
494 2822 798 2864 Antiochensi
836 2822 1035 2875 lignario
1075 2822 1098 2872 ἓ
1138 2823 1216 2874 69,
1270 2822 1455 2875 aliaque
1495 2824 1667 2876 passim

145 2877 597 2985 διηειίοῗῖῗὲὸωῑο.
626 2936 678 2982 ,in
709 2935 762 2975 B.
797 2935 872 2976 Gr.
905 2933 993 2976 vol.
1026 2934 1138 2976 vm
1168 2948 1212 2988 p.
1243 2936 1338 2977 731.

198 3014 371 3047 semer.
403 3016 604 3046 un'rnon.
639 3017 671 3046 1.
1350 3003 1375 3054 l
1386 3004 1411 3053 l
