1946 3220
311 179 381 234 36
841 187 1225 226 PssonnGoMENA
1249 188 1303 221 m

313 309 386 358 Sic
409 310 549 369 igitur
575 307 842 354 statuimus:
871 302 1017 348 verbis
1042 295 1239 360 μήκους
1259 295 1364 360 γὰρ
1388 294 1496 360 ἔχει
1521 293 1738 347 ἀκαίναε
1761 291 1838 347 κδ’

314 387 360 427 et
383 374 619 428 πλάτους
642 373 701 424 δὲ
729 370 837 434 ἔχει
861 368 1070 421 δώδεκα
1095 365 1313 419 ἀκαίναε
1337 371 1579 416 Romanam
1603 369 1838 431 decempe-

312 450 456 497 dalem
477 460 732 494 mensuram
755 443 809 490 ab
830 449 1015 489 auctore
1038 441 1214 489 tabulae
1234 440 1491 502 significari.
1522 440 1685 486 Verum
1704 441 1838 499 idem,

311 534 485 566 memor
509 517 816 563 Philetaereae
842 513 1095 571 divisionis,
1125 513 1179 558 ad
1203 513 1357 574 priora
1380 511 1515 557 verba
1540 511 1685 558 addit:
1711 510 1839 559 διαι-

312 587 474 650 ρεῑται
508 583 567 635 δὲ
603 580 677 634 εἰς
713 576 757 633 κ’
794 580 923 645 μέρη
960 578 1064 632 ἀνὰ
1098 576 1178 644 ιβ’7
1228 596 1342 643 quae
1378 582 1582 642 quidem,
1630 582 1669 628 si
1710 588 1841 627 antea

311 653 530 706 ἀκαίναε
555 648 600 704 κ’
626 657 848 716 scriptum
872 661 1009 712 esset,
1035 668 1225 714 prorsus
1254 653 1547 699 abundarent.
1603 652 1840 713 Exponere

313 730 454 788 igitur
489 726 660 784 voluit,
696 733 836 787 prout
861 725 1105 771 Romanam
1140 724 1209 769 vel
1231 722 1558 768 Philetaeream
1582 736 1840 769 mensuram

313 799 598 859 sequereris,
624 796 850 858 duplicem
877 795 1025 856 iugeri
1048 794 1314 840 divisionem
1341 807 1467 851 esse,
1491 807 1594 839 nam
1619 807 1672 838 ex
1698 792 1841 839 altera

311 870 490 916 ratione
515 869 725 929 iugerum
745 866 874 912 XXIV
891 879 1077 912 acaenas
1097 865 1316 911 denorum
1337 864 1501 924 pedum
1517 863 1838 921 Romanorum,

313 953 367 986 ex
392 938 534 986 altera
557 938 631 983 XX
649 952 836 984 acaenas
862 936 1118 982 duodenum
1142 936 1307 996 pedum
1336 934 1526 981 habere:
1553 948 1707 980 verum
1731 935 1842 980 haec

314 1010 486 1067 omnia,
523 1023 624 1055 cum
655 1010 899 1068 utriusque
931 1020 1168 1052 mensurae
1197 1007 1378 1066 generis
1414 1006 1594 1051 nomina
1623 1004 1839 1063 nesciret,

312 1079 376 1125 ita
403 1080 521 1125 inter
546 1093 594 1125 se
623 1078 856 1135 confudit
886 1085 961 1136 ut,
999 1077 1089 1122 nisi
1115 1079 1260 1138 prima
1286 1075 1442 1122 tabula
1468 1075 1722 1121 Heroniana
1747 1088 1842 1121 ser-

312 1157 413 1196 vata
439 1157 586 1205 esset
619 1162 676 1194 ne
706 1164 731 1194 a
755 1148 888 1194 nobis
915 1147 1095 1208 quidem
1124 1154 1316 1208 possent
1340 1145 1569 1207 explicari.

419 1219 497 1265 His
530 1219 749 1279 expositis
785 1219 873 1264 iam
898 1219 953 1264 ad
980 1218 1024 1263 id
1051 1225 1335 1264 transeamus
1363 1217 1487 1278 quod
1518 1217 1565 1262 in
1596 1216 1686 1263 hoc
1720 1157 1843 1275 frag-

311 1297 465 1336 mento
491 1291 692 1335 omnium
713 1295 783 1335 est
800 1289 990 1334 maxime
1014 1287 1327 1334 memorabile:
1354 1301 1516 1333 novam
1541 1287 1641 1333 dico
1662 1301 1842 1332 mensu-

310 1375 435 1418 ram,
478 1373 593 1420 quae
622 1355 790 1418 γεῖκοὶ
827 1353 992 1407 πόδες
1023 1366 1229 1406 vocatur.
1281 1357 1411 1413 Quod
1438 1357 1706 1404 vocabulum
1738 1370 1842 1404 cum

309 1431 566 1477 inauditum
590 1437 735 1487 esset,
775 1429 970 1490 primum
995 1423 1266 1478 ἐπιπέδων
1289 1428 1530 1488 legendum
1565 1442 1665 1474 esse
1695 1428 1842 1488 suspi-

312 1507 439 1548 catus
465 1514 588 1554 sum;
624 1500 703 1546 sed
728 1500 774 1545 id
802 1500 839 1545 si
867 1499 1173 1557 scriberetur,
1217 1507 1263 1545 et
1286 1513 1502 1544 numerus
1528 1500 1607 1559 qui
1634 1500 1843 1559 sequitur

309 1572 555 1617 mutandus
593 1577 715 1617 esset
741 1577 788 1616 et
815 1573 964 1631 ipsum
994 1565 1295 1628 ἐπιπέδων,
1334 1584 1435 1616 cum
1462 1570 1561 1615 aliis
1586 1568 1700 1615 locis
1726 1568 1842 1615 nihil

309 1642 396 1687 nisi
427 1638 616 1690 ποδῶν
635 1641 832 1701 legatur,
858 1641 1087 1687 abundare
1111 1641 1353 1686 videretur.
1404 1641 1543 1686 Immo
1570 1654 1677 1685 vero
1706 1653 1841 1700 repu-

310 1719 484 1770 tantes,
522 1725 656 1772 quam
682 1711 824 1757 multa
857 1725 975 1757 nova
1005 1724 1088 1758 nec
1121 1711 1251 1771 prius
1279 1712 1459 1771 cognita
1492 1710 1538 1755 in
1564 1710 1636 1756 his
1672 1709 1840 1757 tabulis

311 1789 577 1844 occurrant,
611 1790 844 1828 teneamus
880 1782 1051 1828 codicis
1085 1781 1372 1842 scripturam.
1425 1781 1516 1827 Iam
1544 1781 1709 1826 horum
1733 1782 1841 1838 γεῖ-

307 1850 418 1901 κῶν
449 1850 664 1910 ποδῶν,
701 1867 818 1913 quos
845 1858 1050 1912 agrestes
1074 1852 1213 1913 pedes
1241 1851 1380 1897 latine
1405 1865 1567 1898 vocare
1593 1851 1724 1910 licet,
1749 1851 1839 1897 duo

308 1922 432 1969 milia
467 1930 511 1968 et
547 1922 863 1983 quadringenti
901 1924 1112 1982 iugerum
1155 1921 1336 1969 efficere
1370 1922 1606 1978 (licuntur3
1644 1922 1840 1968 duodeni

310 1993 454 2052 igitur
500 1992 705 2053 singulas
750 1993 993 2053 quadratas
1041 2007 1229 2040 acaenas
1276 1992 1580 2038 Philetaereas
1628 1999 1837 2053 aequant.

308 2062 456 2122 Atque
500 2063 611 2108 haec
654 2064 831 2123 quidem
871 2066 970 2124 ipsa
1012 2070 1084 2109 est
1127 2063 1319 2109 uncialis
1353 2064 1658 2109 Romanorum
1705 2063 1836 2108 ratio.

310 2131 511 2188 Quorum
551 2135 649 2194 agri
692 2148 927 2180 mensores
958 2133 1285 2180 Philetaeream
1317 2147 1571 2179 mensuram
1612 2134 1840 2180 interdum

310 2203 374 2249 ita
417 2203 470 2248 ad
510 2218 661 2257 suam,
687 2204 1065 2250 consuetudinem
1103 2205 1467 2251 accommodasse
1512 2204 1747 2262 videntur,
1787 2211 1840 2250 ut

310 2273 572 2333 quadratam
593 2288 801 2320 acaenam
826 2274 1169 2333 Philetaeream⁷
1203 2289 1316 2335 quae
1344 2282 1414 2320 est
1441 2275 1747 2321 ducentesima
1771 2275 1839 2320 iu-

309 2343 407 2403 geri
430 2358 562 2404 pars,
588 2344 701 2390 assiS
730 2346 874 2391 instar
898 2346 951 2391 ad
976 2347 1129 2392 uncias
1156 2346 1429 2406 redigerent.
1477 2346 1612 2391 Uncia
1638 2347 1737 2406 ipsa
1762 2360 1840 2391 au-

312 2419 400 2459 tem
431 2414 596 2461 Graece
630 2410 818 2472 γεῖκὸ(
849 2412 987 2463 ποὺ(
1022 2415 1246 2478 appellata
1282 2423 1365 2462 est.
1424 2415 1545 2471 Quae
1578 2416 1656 2462 illa
1692 2422 1839 2463 aetate

309 2485 609 2532 minutissima
634 2500 739 2545 pars
759 2489 1005 2546 agrestium
1027 2501 1341 2533 mensurarum
1367 2487 1509 2532 fuisse
1529 2487 1723 2546 videtur,
1750 2502 1840 2548 qua

310 2555 510 2599 minores
532 2557 577 2600 in
603 2556 855 2603 rationibus
881 2572 973 2603 non
999 2564 1386 2618 computarentur.

416 2623 510 2669 Hoc
536 2627 676 2684 igitur
700 2627 755 2673 de
781 2628 948 2689 duplici
975 2628 1122 2689 iugeri
1152 2628 1374 2674 divisione
1399 2628 1749 2689 proponendum
1777 2630 1838 2674 vi-

311 2691 465 2737 detur:
502 2701 580 2739 aut
606 2695 803 2743 Romana
840 2700 1015 2745 ratione
1043 2701 1203 2760 iugero
1234 2699 1363 2744 XXIV
1390 2712 1577 2744 acaenas
1605 2699 1836 2760 decempe-

311 2761 433 2807 dales
469 2764 515 2807 in
542 2763 897 2826 longitudinem,
932 2770 1006 2815 Xll
1032 2770 1079 2815 in
1106 2769 1419 2828 latitudinem,
1461 2769 1642 2815 omnino
1670 2770 1837 2830 pedum

312 2845 636 2905 quadratorum
656 2849 819 2895 XXVIII
843 2852 973 2898 DCCC
998 2854 1165 2900 tributa
1192 2867 1310 2911 esse,
1336 2859 1416 2899 aut
1438 2853 1494 2899 ad
1511 2852 1836 2901 Philetaeream

311 2928 566 2962 mensuram
586 2919 631 2963 in
653 2919 716 2965 CC
741 2934 927 2967 acaenas
950 2925 1204 2983 quadratas,
1232 2937 1347 2984 quae
1368 2919 1574 2982 singulae
1599 2924 1834 2972 duodenos

310 2985 448 3045 pedes
480 2986 704 3036 Romanos
740 2992 785 3035 in
821 2991 1153 3052 longitudinem
1192 3001 1238 3041 et
1278 2993 1560 3042 latitudinem
1598 2994 1831 3056 haberent,
