1946 3220
9 96 58 141 ζῦ-

118 164 219 236 [68]
560 180 713 215 0Av1s
751 179 818 214 Ac
855 178 1202 214 Ponnssssmus.
1540 157 1647 211 245

191 290 268 342 11.
307 290 383 343 Τὸ
415 287 694 356 ὀξύβαφον
722 289 830 354 ἔχει
861 285 1149 352 οὐγγίας’β’
1175 285 1358 349 ςτάγια
1385 284 1442 352 β’.

190 373 268 426 12.
308 374 367 427 ‘O
393 374 591 428 κύαθος
619 373 727 439 ἔχει
753 372 970 435 οὐγγίας
993 369 1040 424 α’
1066 371 1114 424 C.

190 459 268 512 13.
303 460 379 513 Τὸ
405 458 734 523 μεγάλητρον
763 457 870 522 ἔχει
895 455 1115 518 οὐγγίαν
1144 454 1205 508 α’.

190 542 268 595 14.
307 544 364 596 ‘H
398 542 586 605 οὐγγία
611 542 719 607 ἔχει
745 542 926 603 ςτάγια
953 537 1011 600 ς’.

188 626 266 679 15.
303 627 378 679 Τὸ
406 627 618 690 ςτάγιον
648 627 755 693 ἔχει
781 626 992 694 ἑξάγιον
1021 623 1082 676 α’.
1669 629 1698 669 5

188 709 266 762 16.
305 711 364 764 ‘O
392 713 582 777 ςτατὴρ
609 710 716 776 ἔχει
742 710 922 773 ἑξάγια
947 708 1077 774 τρία.

189 795 266 846 17.
303 797 378 848 Τὸ
406 799 669 861 μνῆςτρον
698 795 806 859 ἔχει
833 795 1012 856 ἑξάγια
1036 791 1165 858 τρία.

187 878 267 932 18.
306 881 381 933 Τὸ
408 880 584 933 ςίκλον
612 880 720 946 ἔχει
747 879 927 941 ςτάγια
956 877 1085 944 τρία.

186 964 263 1016 19.
305 965 379 1018 Τὸ
406 964 668 1030 βαςιλικὸν
695 964 896 1029 κάρυον
923 963 1032 1029 ἔχει
1063 961 1244 1024 ςτάγια
1269 954 1328 1023 γ’.

182 1047 265 1100 20.
304 1049 380 1102 Τὸ
408 1048 561 1102 ἕκτον
589 1048 776 1114 μόριον
805 1048 912 1113 ἔχει
939 1046 1121 1109 ςτάγια
1144 1045 1206 1108 γ’.
1670 1047 1729 1090 10

182 1131 264 1184 21.
303 1133 378 1186 Τὸ
405 1134 616 1195 ςτάγιον
643 1132 751 1198 ἔχει
777 1132 987 1193 ἑξάγιον
1013 1128 1073 1183 α’.

182 1215 264 1269 22.
303 1217 362 1270 Ἡ
389 1217 529 1281 χύμα
555 1217 663 1282 ἔχει
690 1218 871 1278 ςτάγια
898 1212 959 1281 β’,
984 1216 1179 1279 κέρατα
1203 1213 1261 1273 gf.

183 1299 266 1354 23.
306 1302 381 1354 Τὸ
405 1301 675 1355 Ποντικὸν
708 1301 907 1366 κάρυον
934 1300 1127 1365 κέρατα
1153 1297 1229 1363 ιη’.

8 1391 29 1450 ξ
181 1384 264 1437 24.
303 1386 378 1438 Τὸ
405 1386 726 1451 κοχλυάριον
759 1386 868 1450 ἔχει
895 1384 1076 1446 ςτάγια
1101 1382 1155 1438 Ζ’.

182 1467 264 1522 25.
304 1470 379 1522 Τὸ
407 1469 591 1535 μικρὸν
619 1470 794 1523 ςίκλον
824 1470 931 1534 ἔχει
957 1469 1138 1530 ςτάγια
1163 1464 1218 1523 ζ’.
1670 1468 1726 1508 15

180 1552 263 1605 26.
301 1554 377 1606 Τὸ
405 1553 617 1616 ςτάγιον
644 1554 751 1619 ἔχει
777 1554 972 1619 κέρατα
994 1550 1083 1606 κδ’.

182 1636 266 1690 27.
304 1639 380 1691 Τὸ
407 1639 632 1703 κέρατον
656 1632 768 1704 ’ἔχει
793 1638 992 1703 ςιτάρια
1017 1634 1074 1690 δ’.

182 1721 264 1774 28.
302 1723 361 1775 ‘H
391 1724 596 1788 δραχμὴ
622 1722 730 1787 ἔχει
759 1723 953 1788 κέρατα
978 1720 1058 1787 ιη’.

183 1805 265 1858 29.
305 1806 380 1859 Τὸ
414 1806 669 1872 δηνάριον
698 1806 806 1871 ἔχει
830 1806 1026 1871 κέρατα
1050 1804 1130 1869 ιη’.

182 1891 264 1943 30.
303 1891 362 1943 Ἡ
392 1889 555 1956 οὐλκὴ
588 1890 696 1955 ἔχει
721 1891 914 1955 κέρατα
939 1885 1017 1955 ιη’.
1203 1906 1206 1908 ·
1668 1887 1726 1928 20

181 1975 262 2027 31.
303 1974 379 2028 Τὸ
410 1975 620 2039 γράμμα
645 1975 752 2040 ἔχει
781 1975 975 2040 κέρατα
1003 1972 1049 2033 ς’
1074 1974 1191 2038 ἤτοι
1217 1972 1520 2028 ξυλόκοκκα.

182 2058 263 2111 32.
302 2059 362 2111 Ὁ
390 2058 587 2125 ὀβολὸς
614 2059 723 2124 ἔχει
748 2060 941 2124 κέρατα
972 2059 1101 2124 τρία.

181 2143 263 2195 33.
302 2143 362 2196 Ὁ
387 2144 579 2209 Θέρμος
605 2143 712 2210 ἔχει
741 2144 967 2208 κέρατον
999 2138 1046 2196 α’
1058 2144 1106 2197 C.

181 2227 263 2279 34.
301 2228 360 2280 ‘H
389 2229 607 2293 παροξὶς
633 2228 742 2294 ἔχει
769 2229 995 2305 κᾷρατον
1023 2222 1070 2281 α’
1083 2227 1130 2281 C.

0 2316 1 2353 ι
182 2310 264 2362 35.
302 2313 360 2364 ‘H
389 2314 593 2377 δραχμὴ
620 2313 729 2378 ἔχει
753 2313 979 2378 κέρατον
1010 2312 1058 2365 α’
1072 2313 1120 2365 C.
1669 2309 1723 2349 25

182 2393 264 2446 36.
304 2395 379 2447 Τὸ
405 2395 742 2460 ςκρόπουλον
770 2397 878 2462 ἔχει
901 2396 1211 2461 τουρνὲςιον
1240 2389 1300 2446 α’.

12 1787 29 1956 ‘annm-³²·
14 1748 31 1765 x
15 1692 26 1730 -ι-··
22 1611 28 1628 -.
15 1549 22 1562 f
8 1423 24 1478 2*
7 1290 36 1393 Γὶῗῐμ

12 2192 27 2206 v
12 2165 22 2179 ς
11 1973 31 2131 νεηνικω-

495 2548 576 2601 68.
650 2551 782 2614 Περὶ
820 2550 1029 2614 μέτρων
1065 2554 1254 2614 ξηρῶν.

220 2647 263 2698 1.
302 2648 359 2700 ‘H
388 2646 640 2709 Αἰγυπτία
675 2647 878 2713 ἀρτάβα
912 2647 1019 2712 ἔχει
1055 2646 1273 2711 μοδίους
1299 2645 1352 2699 ε’.
1404 2646 1434 2700 ὁ
1461 2647 1518 2700 δὲ
1545 2646 1637 2712 μό·

113 2733 224 2783 διος
262 2731 292 2783 ὁ
328 2731 607 2794 Αἰγύπτιος
643 2732 725 2784 καὶ
761 2731 1006 2784 Ἰταλικὸς
1033 2730 1141 2797 ἔχει
1166 2730 1401 2797 χοίνικας
1426 2729 1491 2796 η’,
1522 2730 1551 2784 ὁ
1578 2732 1639 2784 δὲ

27 2894 35 2906 Α
19 2806 34 2842 -·-›
17 2745 36 2782 ,·ι’.
15 2611 38 2725 ρι’-ιν·
13 2346 44 2594 -·.“;,μμφςμ·ψ
14 2254 50 2317 af*

228 2902 264 2940 1.
298 2898 477 2954 ςτάγια]
498 2911 556 2946 ςα
578 2914 678 2942 cum
701 2913 929 2954 suprascr.
957 2898 983 2941 Γ
1007 2901 1102 2943 eod.
1222 2902 1260 2943 7.
1285 2898 1519 2954 μνήςτρον
1537 2900 1636 2941 cod.

18 2979 37 3034 *g-
116 2969 182 3011 10.
206 2967 381 3023 μώριον
405 2971 502 3012 eod.
602 2972 671 3012 22.
695 2968 861 3021 ὀβολὸς
885 2971 982 3012 eod.
1100 2971 1168 3015 24.
1191 2969 1242 3013 ‘O
1264 2968 1383 3023 παρ’
1404 2967 1516 3012 ὁξὺσ
1539 2967 1638 3010 cod.
