1946 3220
290 123 361 176 50
818 136 1204 172 PROLEGOMENA
1230 136 1284 169 IN

290 269 375 314 pro
403 253 592 314 pedibus
621 252 866 312 spithamas
894 263 971 294 sex
999 248 1190 306 habere,
1231 255 1276 294 et
1300 243 1539 309 ἄμπελον
1568 251 1716 296 vocari
1742 252 1820 312 qui

291 323 502 370 Romanis
529 330 598 367 est
625 336 812 382 passus⁷
838 327 883 365 et
907 313 1126 376 Ttdtccov,
1155 318 1421 365 vocabulum
1446 333 1470 364 e
1495 319 1655 366 Latino
1684 335 1820 381 passu

293 394 556 450 derivatum,
585 406 679 437 eam
701 403 953 436 mensuram
981 402 1097 449 quae
1118 388 1224 435 olim
1252 389 1410 450 orgyia
1436 390 1521 436 suit
1548 389 1818 450 significare.

292 464 408 509 Haec
433 462 639 523 profecto
667 475 750 507 nec
777 460 942 506 Graeca
966 474 1049 506 nec
1074 459 1271 505 Romana
1299 467 1432 519 sunt,
1471 467 1516 506 et
1550 475 1821 522 quacunque

290 536 335 579 in
366 541 482 579 terra
514 546 565 577 ea
591 532 634 577 in
661 547 747 577 usu
775 531 987 587 suerunt,
1017 545 1150 590 quam
1176 531 1364 576 maxime
1397 531 1643 577 abhorrent
1667 546 1691 577 a
1716 531 1822 578 reli-

292 604 393 664 quis
430 609 632 648 veterum
666 602 903 648 mensuris.
983 601 1145 647 Verum
1184 602 1270 647 etsi
1309 601 1420 648 haec
1454 602 1561 648 satis
1597 601 1820 663 explicare

291 687 382 718 non
419 687 687 734 possumus,
725 687 958 719 caveamus
997 677 1170 730 tamen,
1209 685 1266 717 ne
1306 673 1454 718 omnia
1482 672 1740 719 reiiciamus
1776 681 1822 719 et

291 757 601 804 aspernemur.
665 743 772 789 Nam
813 744 899 789 etsi
935 757 985 788 ea
1024 741 1201 788 tabulae
1244 743 1390 789 forma
1439 757 1572 804 quam
1609 743 1652 789 in
1690 742 1820 789 libris

290 815 482 874 legimus
508 812 562 860 ab
590 815 799 875 imperito
825 814 1006 859 homine
1033 819 1102 858 est
1132 814 1365 871 confecta,
1406 821 1551 859 tamen
1587 813 1715 859 illum
1739 813 1822 860 bo-

289 886 360 930 nis
398 884 661 931 auctoribus
690 898 822 931 usum
849 898 948 930 esse
987 885 1076 929 veri
1104 884 1250 930 simile
1281 891 1365 930 est.
1417 884 1532 930 Neve
1561 885 1820 930 omittamus

289 955 390 1001 illas
429 969 660 1002 mensuras
697 970 789 1001 non
830 956 979 1001 solum
1019 955 1074 1000 ad
1112 955 1435 1015 geometriam,
1483 956 1562 1000 sed
1597 957 1730 1001 etiam
1766 956 1820 1001 ad

289 1040 452 1073 census
480 1027 864 1084 aestimationem,
905 1039 1018 1087 quae
1046 1019 1338 1086 ἀπογραφὴ
1366 1023 1462 1073 τοῦ
1496 1020 1675 1074 κίνεου
1711 1026 1821 1072 dici-

292 1104 366 1143 tur
405 1096 580 1156 (316)ζ
611 1098 901 1158 pertinuisse.
955 1095 1061 1152 Qua
1086 1096 1140 1142 de
1177 1110 1226 1143 re
1264 1111 1365 1143 cum
1403 1096 1585 1157 egregie
1623 1103 1820 1157 exponat

290 1168 560 1214 Letronnius
577 1165 640 1227 ²),
680 1182 762 1214 nos
805 1167 918 1213 nihil
954 1166 1169 1213 habemus
1211 1167 1333 1228 quod
1375 1168 1578 1214 addatur.
1632 1167 1720 1213 Nec
1754 1174 1820 1212 ta-

290 1253 409 1296 men,
439 1238 651 1299 quoniam
674 1240 847 1285 incerta
874 1245 1010 1298 atque
1038 1238 1247 1298 ambigua
1273 1238 1462 1299 vestigia
1486 1237 1696 1284 nolumus
1717 1252 1820 1299 per·
1862 1279 1866 1282 Δ

289 1311 435 1369 sequi,
462 1309 653 1369 amplius
681 1310 726 1354 in
753 1322 990 1355 mensuras
1015 1307 1151 1355 huius
1177 1307 1358 1354 tabulae
1385 1308 1673 1371 inquirimus,
1702 1308 1819 1368 aliis,

290 1380 437 1440 siquid
466 1382 636 1426 certius
663 1381 885 1426 inventuri
917 1381 1033 1437 sint7
1062 1393 1158 1425 rem
1183 1380 1564 1426 commendantes,

702 1533 768 1572 De
799 1532 940 1571 tabula
978 1531 1102 1571 VIII
1134 1532 1405 1572 Heroniana.

203 1625 258 1674 31
391 1618 545 1664 Exstat
577 1620 621 1664 in
659 1619 814 1665 codice
838 1619 1044 1665 Parisino
1081 1619 1157 1680 qui
1187 1619 1308 1666 varia
1338 1619 1591 1666 Heroniana
1615 1622 1819 1666 continet

288 1689 423 1734 lsaaci
460 1690 693 1735 cuiusdam
718 1690 924 1736 monachi
961 1690 1142 1736 libellus
1178 1691 1508 1749 geometricus,
1553 1691 1630 1751 qui
1656 1690 1817 1736 inscri-

287 1759 410 1805 bitur
443 1755 608 1807 Ἰεαὰκ
641 1759 881 1820 μοναχοῦ
916 1759 1012 1808 τοῦ
1054 1757 1311 1821 Ἀργυροῦ
1358 1759 1475 1808 πῶς
1523 1756 1588 1809 ἂν
1634 1756 1698 1808 τὰ
1747 1757 1814 1820 μὴ

289 1823 422 1889 ὀρθὰ
448 1828 557 1878 τῶν
580 1826 857 1890 τριγώνων
885 1825 956 1878 εἰς
977 1825 1112 1891 ὀρθὰ
1138 1827 1574 1891 μεταποιήεαιμεν
1595 1826 1677 1879 καὶ
1696 1826 1817 1891 περί

287 1913 450 1949 τινων
479 1895 661 1949 ἄλλων
689 1896 965 1961 (χημάτων
982 1897 1027 1960 ¹).
1083 1902 1145 1947 lbi
1172 1903 1357 1963 perinde
1388 1910 1525 1963 atque
1550 1904 1595 1948 in
1622 1903 1816 1948 Heronis

288 1972 535 2030 geometria
562 1972 682 2017 inter
699 1971 978 2033 problemata
1000 1973 1275 2033 geometrica
1298 1973 1533 2019 interiecta
1561 1980 1631 2019 est
1663 1972 1814 2018 tabula

288 2041 504 2100 quaedam
530 2042 583 2088 de
610 2040 897 2102 mensuris²)‚
927 2058 1059 2103 quam
1086 2058 1170 2089 nos
1195 2046 1238 2088 in
1260 2043 1344 2089 hac
1365 2050 1520 2089 nostra
1543 2043 1814 2090 collectione

216 2154 221 2158 ,
286 2117 443 2157 octavo
482 2112 584 2158 loco
612 2114 865 2172 posuimus.
925 2114 1013 2159 lain
1055 2115 1160 2159 haec
1195 2113 1346 2169 tabula
1373 2129 1565 2174 prorsus
1601 2114 1818 2174 congruit

287 2196 387 2228 cum
414 2182 668 2228 Heroniana
705 2183 919 2243 septima,
956 2185 1073 2230 unde
1100 2198 1196 2230 eam
1223 2186 1460 2245 repetitam
1490 2193 1534 2230 et
1561 2188 1605 2231 in
1632 2184 1811 2230 brevius

287 2259 563 2299 contractam
587 2267 686 2299 esse
702 2261 909 2313 apparet.
959 2256 1107 2315 Atque
1134 2255 1187 2300 ab
1215 2256 1344 2301 initio
1370 2269 1515 2316 usque
1541 2255 1591 2301 ad
1623 2268 1811 2301 acaenae

287 2320 591 2369 definitionem
633 2324 746 2368 nihil
779 2324 941 2369 differt.
1000 2327 1110 2371 Tum
1145 2333 1294 2371 autem
1330 2327 1375 2371 in
1411 2326 1565 2372 codice
1601 2325 1710 2372 haec
1748 2324 1813 2371 le-

398 2501 440 2552 2)
472 2505 522 2543 P.
557 2505 610 2546 63
642 2504 745 2544 adn.
782 2506 819 2545 1.

401 2557 441 2609 1)
490 2559 598 2600 Cod.
641 2560 716 2601 Gr.
760 2562 869 2602 2013
910 2560 989 2602 fol.
1023 2560 1148 2603 151b.
1211 2561 1513 2603 Continuatur
1564 2564 1807 2603 contextus

287 2610 413 2652 foliis
447 2615 541 2657 152.
574 2619 665 2658 153.
701 2618 796 2658 154.
858 2618 972 2657 Tum
1004 2618 1254 2659 interiecta
1285 2622 1390 2659 sunt
1421 2618 1535 2659 folia
1565 2619 1656 2658 tria
1686 2629 1809 2670 quae

289 2671 334 2707 et
357 2668 460 2732 ‘alia
491 2684 627 2711 manu
651 2676 695 2712 et
717 2674 771 2712 de
805 2674 985 2715 diverso
1019 2679 1285 2728 argumento
1319 2675 1491 2727 scripta
1513 2678 1631 2715 sunt.
1663 2674 1809 2715 Porro

288 2722 398 2763 folio
432 2727 511 2766 158
544 2728 702 2767 eadem
734 2742 893 2770 manus
926 2744 1041 2783 quae
1074 2732 1286 2772 Isaacum
1319 2731 1504 2783 scripsit
1527 2744 1581 2771 ex
1600 2730 1805 2784 Epipha-

286 2780 361 2819 nio
393 2781 611 2821 nonnulla
644 2783 854 2837 collegit,
889 2799 1004 2838 quae
1036 2800 1118 2828 nos
1150 2788 1271 2828 infra
1304 2787 1618 2827 exhibebimus
1641 2787 1717 2838 (fr.
1733 2788 1802 2828 83.

285 2835 351 2886 84,
388 2837 506 2876 conf.
539 2840 686 2890 praef.
719 2841 851 2890 (πίω.
909 2843 1118 2895 Denique
1158 2843 1270 2884 folio
1304 2846 1382 2885 159
1425 2845 1578 2885 Isaaci
1621 2843 1808 2884 libellus

287 2893 580 2933 continuatur
612 2898 658 2934 et.
687 2896 986 2942 concluditur,

398 2947 440 3001 2)
472 2948 571 2991 Fol.
605 2953 686 2992 154
697 2951 729 2991 b.
