1946 3220
303 136 339 188 4
838 147 1228 186 PnonneoMmA
1251 147 1307 181 m

304 268 373 314 uti
399 273 601 327 possent.
653 265 787 311 Cuius
814 265 991 324 generis
1019 259 1194 307 tabulas
1223 260 1342 306 Hero
1371 260 1725 319 Alexandrinus,
1753 261 1832 322 qui
1875 278 1879 280 ⁷

303 340 424 384 varia
471 338 743 397 geometrica
795 341 840 380 et
888 330 1230 378 stereometrica
1278 331 1324 376 in
1375 345 1507 377 usum
1561 330 1832 392 popularem

305 409 516 468 scripsit,
564 408 608 452 in
648 406 789 451 libros
829 418 936 450 suos
971 403 1159 463 recepit.
1222 401 1301 447 His
1341 401 1500 447 deinde
1537 401 1724 448 Romani
1758 402 1831 448 usi

305 485 437 535 sunt,
472 492 573 524 cum
603 478 809 536 Aegypto
845 475 891 519 in
921 475 1180 535 provinciae
1206 472 1396 519 formam
1425 472 1605 518 redacta
1630 472 1830 534 antiquis

303 550 553 603 mensuris,
602 559 710 606 quas
753 545 932 606 quidem
975 546 1158 590 minime
1199 543 1519 602 aboleverunt,
1561 543 1831 590 addiderunt

300 618 548 664 Romanum
574 617 732 677 pedem
777 623 822 662 et
854 617 1080 675 iugerum.
1145 615 1258 660 Hinc
1282 627 1423 660 novae
1454 621 1547 660 tum
1576 613 1831 661 tabularum

302 688 474 734 formae
500 695 635 748 atque
665 687 777 733 aliae
812 701 951 747 porro
983 685 1320 747 posterioribus
1349 684 1632 745 temporibus
1667 685 1829 744 factae,

301 772 325 804 e
352 758 516 818 quibus
550 757 795 803 nonnullae
831 758 951 803 inter
987 757 1202 817 reliquias
1228 755 1508 802 Heronianas
1539 755 1594 802 ad
1625 761 1830 802 nostram

301 834 494 874 aetatem
526 834 891 889 permanserunt.
943 829 1007 874 Ac
1040 841 1146 873 vero
1183 835 1508 887 quaecumque*
1529 832 1607 872 aut
1639 826 1830 873 Hebraei

301 899 492 945 Graecas
519 898 695 946 litteras
723 899 872 958 docti,
913 904 965 944 ut
990 898 1191 944 Iulianus
1217 897 1504 956 Ascalonita,
1538 904 1615 943 aut
1641 897 1831 943 Romani

299 968 353 1015 de
379 971 603 1015 mensuris
629 970 855 1030 porrectis
887 975 932 1015 et
963 969 1219 1030 agrestibus
1247 971 1557 1030 scripserunt,
1593 982 1643 1014 ea
1680 969 1830 1014 omnia

300 1041 550 1100 composita
576 1047 685 1086 sunt
715 1041 769 1086 ad
804 1039 1145 1087 similitudinem
1174 1039 1428 1085 tabularum
1455 1039 1825 1086 Heronianarum.

404 1109 504 1156 Non
527 1110 748 1156 minorem
774 1126 927 1157 curam
952 1125 1002 1157 ac
1028 1111 1306 1171 diligentiam
1327 1109 1574 1157 Ptolemaei
1597 1110 1830 1172 impende-

296 1187 405 1227 runt
430 1187 476 1226 et
501 1181 726 1227 mensuris
755 1182 1064 1228 frumentariis
1100 1182 1281 1227 vinariis
1313 1180 1597 1242 reliquisque
1626 1187 1672 1227 et
1698 1195 1828 1228 num-

296 1265 475 1297 morum
508 1252 787 1311 ponderibus
826 1252 1114 1311 definiendis,
1153 1266 1346 1313 quorum
1381 1267 1483 1298 cum
1522 1252 1722 1298 studium
1745 1266 1829 1313 po-

297 1327 397 1368 stea
429 1322 717 1368 imitarentur
751 1323 964 1381 Romani,
1004 1337 1097 1369 non
1137 1323 1381 1370 defuerunt
1408 1324 1486 1384 qui
1516 1323 1571 1369 de
1599 1322 1669 1369 his
1705 1337 1828 1369 men-

285 1406 504 1439 surarum
549 1393 803 1439 rationibus
841 1400 1049 1441 accurate
1094 1394 1371 1451 scriberent,
1414 1400 1467 1439 ut
1510 1394 1709 1454 optimus
1750 1394 1827 1440 ille

296 1463 497 1523 scriptor
537 1459 657 1523 περὶ
693 1458 975 1513 ταλάντων
1018 1463 1064 1524 (3
1102 1463 1202 1524 99),
1249 1472 1301 1511 ut
1339 1465 1455 1511 alius
1492 1464 1672 1526 quidam
1708 1460 1828 1524 περὶ

295 1528 504 1592 μέτρων
535 1533 583 1592 (3
610 1531 710 1596 86),
746 1542 798 1580 ut
823 1542 984 1582 auctor
1018 1535 1095 1581 ille
1132 1550 1223 1597 quo
1257 1535 1418 1583 Pollux
1442 1550 1553 1582 usus
1581 1542 1651 1582 est
1677 1536 1722 1581 in
1750 1536 1827 1583 de·
1892 1587 1896 1591 ,

254 1614 257 1616 ’
293 1602 500 1649 finiendis
528 1604 709 1651 talentis
737 1604 784 1664 (3
807 1606 896 1666 95).

394 1674 594 1720 Primum
631 1676 924 1723 Alexandriae
965 1676 1123 1723 floruit
1158 1679 1293 1723 etiam
1333 1691 1385 1724 ea
1425 1691 1738 1724 mensurarum
1780 1684 1827 1725 et

292 1744 544 1805 ponderum
581 1748 768 1793 scientia
793 1762 882 1808 qua
915 1748 1100 1794 medicis
1130 1762 1245 1809 opus
1276 1755 1346 1794 est
1371 1749 1417 1795 in
1448 1748 1656 1795 formulis
1685 1748 1825 1795 medi-

294 1823 605 1862 camentorum
639 1818 993 1877 perscribendis.
1048 1817 1145 1874 Quo
1183 1820 1237 1865 de
1273 1827 1539 1879 argumento
1569 1819 1823 1881 permultos

292 1884 535 1946 diligenter
562 1889 829 1948 exposuisse
858 1896 902 1935 et
927 1888 1093 1936 Galeno
1134 1896 1320 1936 auctore
1345 1891 1512 1936 scimus
1543 1896 1590 1936 et
1613 1890 1822 1952 plurimis

293 1954 391 2009 aliis
419 1971 443 2001 e
469 1958 672 2017 vestigiis
709 1959 983 2020 colligimus.
1041 1960 1155 2007 Hinc
1187 1962 1333 2008 variae
1360 1961 1464 2007 illae
1489 1961 1670 2008 tabulae
1696 1968 1824 2008 ortae

292 2033 399 2071 sunt
430 2041 540 2087 quas
568 2029 855 2076 medicinales
885 2029 1167 2091 appellamus
1195 2031 1241 2091 (3
1273 2030 1364 2091 40),
1392 2046 1560 2092 eaeque
1586 2033 1719 2078 variis
1747 2047 1821 2079 ra-

292 2095 491 2143 tionibus
521 2104 775 2159 temporum
810 2101 1005 2148 decursu
1040 2101 1329 2161 immutatae,
1369 2117 1472 2150 cum
1497 2104 1690 2164 denique
1714 2109 1823 2167 post

291 2164 637 2215 Constantinum
662 2170 709 2215 in
736 2184 831 2217 eam
859 2172 1050 2218 formam
1079 2173 1287 2220 redactae
1324 2181 1429 2220 sunt
1456 2188 1571 2235 quae
1597 2189 1720 2222 nunc
1746 2189 1821 2221 ex-

291 2242 396 2282 stat.
449 2236 620 2293 Quibus
646 2239 812 2287 tabulis
839 2249 1003 2303 quanta
1038 2246 1285 2290 auctoritas
1311 2259 1395 2306 per
1420 2259 1597 2291 omnem
1625 2245 1821 2307 antiqui-

291 2313 429 2353 tatem
458 2309 627 2355 tributa
653 2312 737 2369 sit,
763 2314 1080 2372 gravissimum
1103 2315 1424 2362 documentum
1450 2316 1540 2363 hoc
1565 2323 1660 2375 est,
1698 2316 1821 2378 quod

291 2377 449 2424 iisdem
475 2393 622 2440 usque
646 2382 701 2427 ad
731 2383 959 2430 saeculum
985 2385 1173 2435 tertium
1198 2387 1415 2434 decimum
1444 2387 1489 2432 in
1514 2388 1706 2448 imperio
1735 2388 1819 2449 By-

291 2451 469 2495 zantino
501 2451 662 2497 medici
689 2453 758 2499 usi
796 2460 916 2500 sunt.
964 2457 1114 2515 Atque
1150 2458 1203 2502 ad
1231 2457 1340 2503 alias
1371 2458 1505 2504 etiam
1533 2461 1742 2519 regiones
1771 2463 1817 2504 et

291 2517 346 2562 ad
372 2521 625 2567 recentiora
653 2529 854 2585 tempora
880 2526 1121 2572 earundem
1148 2543 1258 2574 usus
1283 2528 1476 2575 valuisse
1501 2530 1691 2576 videtur.

396 2587 514 2636 Haec
547 2593 727 2650 quidem
762 2595 815 2640 de
846 2598 1069 2642 mensuris
1105 2613 1155 2644 ac
1194 2600 1471 2660 ponderibus
1507 2601 1676 2661 scripta
1716 2600 1816 2646 Ale·

290 2657 498 2704 xandriae
524 2659 691 2708 sontem
721 2672 764 2710 et
790 2666 1008 2726 originem
1035 2668 1314 2716 habuerunt:
1342 2671 1464 2717 ahud
1489 2677 1638 2717 autem
1662 2685 1816 2717 earum

292 2724 545 2805 litterarum
591 2745 733 2790 genus
777 2737 1002 2784 excultum
1046 2746 1115 2785 est
1155 2755 1179 2787 a
1216 2741 1507 2790 virisdoctis
1537 2741 1814 2788 Christianae

292 2803 479 2856 aetatis,
534 2803 610 2860 qui
651 2817 752 2850 cum
792 2807 844 2852 ad
886 2809 1156 2870 scripturam
1198 2811 1379 2859 Sacram
1429 2813 1814 2874 interpretandam

293 2879 424 2914 omne
466 2871 664 2918 studium
691 2876 977 2938 conferrent,
1016 2895 1250 2929 mensuras
1283 2883 1419 2929 etiam
1456 2890 1502 2930 et
1529 2884 1733 2944 pondera
1761 2899 1812 2930 ac

290 2949 499 2986 nummos
532 2956 646 3001 quae
673 2943 733 2990 ibi
771 2947 1058 2997 inveniuntur
1091 2953 1313 3014 explicare
1341 2953 1427 3000 sibi
1453 2961 1809 3016 proposuerunt.
