1946 3220
291 154 361 206 46
819 164 1207 202 PnomeonnNA
1231 165 1286 198 m

363 280 511 344 διχάς
593 313 1282 329 .........
1358 279 1515 335 o‚1471
1543 284 1675 323 metr.

365 350 586 414 ςπιθαμή
621 349 677 413 (ἡ
707 345 961 411 βαςιλική)
1014 385 1023 394 .
1098 384 1109 394 .
1186 383 1197 394 .
1271 384 1281 394 .
1355 350 1516 405 03206
1562 373 1633 380 -

364 420 500 472 πούς
599 453 1288 469 .........
1363 420 1498 477 0,294
1566 444 1636 451 —

343 489 536 557 [πῆχυς
557 488 614 554 (ὁ
637 486 847 548 λιθικός,
867 484 899 537 ὁ
919 484 1340 550 Ξυλοπριςτικός)
1361 492 1494 547 0‚525
1571 484 1658 551 -]

362 563 531 623 πῆχυς
587 595 1284 610 .........
1359 562 1491 618 0,588
1561 585 1630 592 —-

363 632 497 694 βῆμα
525 629 588 682 τὸ
617 628 828 681 ἁπλοῦν
933 666 1281 678 .....
1322 693 1324 695 .
1358 632 1490 688 0,736
1561 656 1631 662 —

363 702 498 764 βῆμα
523 699 585 752 τὸ
612 700 837 751 διπλοῦν
931 737 1283 749 .....
1362 703 1483 761 1‚471
1561 726 1631 733 —

361 769 550 835 ὀργυιά
672 808 1282 821 ........
1359 774 1486 832 2‚041
1564 796 1632 804 —-

361 840 622 904 ςωκάριον
649 841 937 906 (ςχοινίον)
1014 880 1023 889 .
1099 880 1109 890 .
1185 881 1194 890 .
1273 877 1282 887 .
1335 843 1491 902 20,411
1565 867 1635 874 -

364 996 554 1061 ὀργυιά
582 992 835 1061 (quadrata)
932 1036 1284 1047 .....
1360 1000 1491 1057 4,166
1517 1004 1647 1044 metr.
1664 997 1819 1058 quadr.

361 1067 510 1131 λίτρα
582 1106 1285 1118 .........
1330 1071 1488 1129 20‚831
1539 1094 1610 1101 —-
1680 1095 1750 1102 -
1797 1133 1800 1136 Ι

361 1136 614 1202 ςπόριμος
641 1136 823 1201 μόδιος
921 1177 1281 1188 .....
1306 1141 1464 1200 833,26
1535 1165 1606 1171 -
1653 1140 1750 1172 '—

395 1283 632 1328 Postremo
673 1295 980 1329 commemoro
1023 1283 1068 1328 in
1118 1281 1416 1342 inscriptione
1450 1279 1819 1340 ,hieroglyphicm

292 1367 407 1414 quae
432 1352 538 1398 olim
564 1353 715 1413 posita
737 1360 808 1399 est
826 1353 872 1398 in
899 1353 1069 1414 templo
1085 1350 1421 1414 Apollinopolis
1443 1350 1627 1410 Magnae
1650 1347 1819 1412 (Edfu)

289 1423 373 1469 suh
393 1422 654 1469 Ptolemaeo
674 1423 728 1468 XI
751 1422 1003 1469 Alexandro
1025 1424 1042 1469 Ι
1065 1426 1121 1482 (a.
1151 1421 1399 1481 107—89),
1427 1435 1641 1481 agrorum
1662 1420 1821 1482 templi

294 1493 509 1539 ambitum
554 1494 891 1540 accuratissime
931 1494 1208 1555 descriptum
1253 1509 1303 1540 ac
1340 1492 1593 1539 dimensum
1630 1491 1821 1538 inveniri

289 1578 381 1610 non
408 1564 636 1610 schoeniis
658 1564 906 1625 quadratis,
928 1572 979 1611 ut
1003 1565 1167 1626 Lepsio
1180 1560 1214 1624 ⁵)
1239 1565 1383 1610 visum
1404 1570 1474 1609 est
1491 1589 1547 1595 —
1564 1562 1677 1609 haec
1702 1564 1821 1608 enim

291 1634 502 1681 schoenia
539 1635 795 1681 recentiora
842 1648 942 1681 esse
978 1636 1385 1682 demonstravimus
1414 1659 1475 1667 —
1506 1634 1583 1679 sed
1620 1632 1820 1693 antiquis

291 1706 555 1750 ammatis
576 1704 623 1764 (S
644 1704 716 1764 17)
738 1719 986 1767 eorumque
1010 1705 1219 1767 partibus
1242 1705 1453 1763 dimidiis,
1478 1704 1671 1765 quartis,
1698 1709 1821 1750 octa·

286 1775 380 1834 vis,
407 1776 546 1820 sextis
574 1775 785 1834 decimis,
814 1777 1057 1822 tricesimis
1084 1777 1310 1823 secundis.

613 1913 681 1953 De
707 1913 949 1967 fragmento
983 1927 1062 1968 quo
1093 1915 1246 1968 orgyia
1276 1914 1488 1965 definitur.

200 2005 264 2054 28
385 1997 577 2054 Quintae
603 1999 782 2046 tabulae
807 2001 1121 2048 subiunximus
1142 2001 1320 2047 brevius
1341 2001 1646 2060 fragmentum
1665 2013 1819 2046 recen·

287 2068 404 2115 tiore
435 2076 581 2115 aetate
607 2071 825 2131 scriptum
838 2066 895 2131 ¹),
927 2072 1005 2118 ubi
1039 2074 1159 2118 varia
1195 2071 1372 2117 ratione
1399 2071 1584 2132 orgyiae
1607 2084 1819 2116 mensura

222 2159 228 2163 ’
287 2147 332 2186 et
369 2139 618 2200 explicatur
653 2147 698 2186 et
733 2141 963 2189 definitur.
1015 2141 1137 2197 Quae
1164 2144 1321 2202 orgyia
1352 2157 1454 2188 cum
1491 2141 1622 2187 initio
1657 2155 1818 2188 novem

287 2210 534 2271 spithamas
554 2225 655 2256 cum
682 2212 931 2271 quadrante
956 2213 1123 2259 habere
1149 2213 1340 2273 dicatur,
1370 2218 1558 2274 apparet
1580 2213 1635 2258 de
1664 2212 1817 2258 eadem

285 2295 495 2327 mensura
515 2287 652 2342 atque
677 2281 723 2326 in
754 2283 912 2343 quinta
941 2283 1091 2330 tabula
1121 2285 1208 2343 agi.
1261 2283 1347 2329 Sed
1374 2298 1490 2344 quae
1518 2283 1667 2328 addita
1692 2288 1816 2337 sunt,

284 2354 330 2397 in
368 2351 423 2397 iis
459 2353 558 2398 iure
594 2353 779 2398 haereas
815 2359 860 2399 et
901 2354 1115 2415 ambigas.
1166 2354 1275 2400 Nam
1310 2369 1395 2415 pro
1434 2347 1713 2418 ἀντιχείρῳ
1748 2352 1816 2398 vel

286 2422 433 2467 tribus
463 2422 619 2483 digitis
643 2422 750 2482 (tab.
778 2423 830 2482 V,
867 2424 937 2484 12)
962 2417 1249 2483 κόνδυλόε,
1287 2426 1331 2470 h.
1355 2438 1394 2469 e.
1422 2425 1617 2470 duorum
1651 2424 1817 2485 digito-

284 2506 384 2538 rum
410 2507 636 2553 mensura,
665 2493 718 2539 ad
734 2493 987 2554 palmorum
1014 2510 1230 2541 summam
1256 2495 1357 2542 addi
1379 2495 1576 2541 iubetur.
1626 2495 1691 2540 Ac
1709 2507 1814 2539 vero

285 2562 419 2606 etiam
441 2564 486 2607 in
507 2564 607 2621 ipso
629 2564 882 2624 palmorum
901 2579 1091 2612 numero
1112 2559 1235 2629 (κη’)
1255 2573 1454 2612 erratum
1480 2571 1568 2623 est,
1589 2579 1691 2615 cum
1710 2578 1817 2610 vera

286 2632 462 2677 ratione
495 2625 567 2681 κζ’
591 2634 876 2681 scribendum
913 2636 989 2682 sit.
1044 2636 1131 2683 Sed
1155 2651 1340 2696 vereor,
1379 2649 1434 2682 ne
1462 2636 1516 2682 ab
1550 2635 1651 2697 ipso
1691 2635 1813 2696 frag-

400 2807 449 2862 5)
469 2810 524 2850 V.
544 2813 942 2855 commentationis
963 2827 1102 2870 supra
1117 2815 1142 2866 ἓ
1161 2817 1213 2858 17
1232 2815 1333 2856 adn.
1351 2815 1377 2855 6
1398 2813 1574 2855 citatae
1595 2827 1638 2869 p.
1652 2814 1734 2856 105
1749 2826 1811 2855 ss.

312 2883 315 2886 ·
400 2864 444 2917 1)
477 2866 671 2919 Legitur
700 2866 768 2907 ibi
798 2869 992 2924 κοντός,
1022 2872 1066 2915 h.
1098 2885 1138 2913 e.
1168 2883 1353 2925 parvus,
1388 2874 1569 2911 statura
1598 2870 1810 2925 pusillus,

290 2933 407 2975 quae
438 2933 526 2963 vox
559 2925 628 2962 est
658 2924 924 2966 recentioris
955 2928 1054 2968 sive
1084 2927 1336 2980 Byzantini
1365 2928 1606 2970 sermonis.
1639 2927 1692 2970 V.
1714 2927 1812 2968 Du-

289 2976 513 3032 Cangium
543 2977 592 3018 in
626 2977 826 3021 Glossar.
856 2982 975 3023 med.
1009 2986 1056 3023 et
1083 2984 1167 3028 inf.
1196 2983 1363 3028 Graec.
