<?xml version="1.0" encoding="UTF-8"?>
<!DOCTYPE html PUBLIC "-//W3C//DTD XHTML 1.0 Transitional//EN"
    "http://www.w3.org/TR/xhtml1/DTD/xhtml1-transitional.dtd">
<html xmlns="http://www.w3.org/1999/xhtml" xml:lang="en" lang="en">
 <head>
  <title>
</title>
<meta http-equiv="Content-Type" content="text/html;charset=utf-8" />
  <meta name='ocr-system' content='tesseract 3.04.00' />
  <meta name='ocr-capabilities' content='ocr_page ocr_carea ocr_par ocr_line ocrx_word'/>
</head>
<body>
  <div class='ocr_page' id='page_1' title='image "./metrologicorumsc01hultuoft_0247.png"; bbox 0 0 1946 3220; ppageno 0'>
   <div class='ocr_carea' id='block_1_1' title="bbox 147 114 1678 208">
    <p class='ocr_par' dir='ltr' id='par_1_1' title="bbox 39 114 1678 208">
     <span class='ocr_line' id='line_1_1' title="bbox 147 114 1678 208; baseline 0.002 -20.802"><span class='ocrx_word' id='word_1_1' title='bbox 147 137 251 208; x_wconf 83' lang='lat'>[52]</span> <span class='ocrx_word' id='word_1_2' title='bbox 591 153 743 190; x_wconf 79' lang='lat' dir='ltr'>0Avts</span> <span class='ocrx_word' id='word_1_3' title='bbox 780 114 850 188; x_wconf 56' lang='lat' dir='ltr'>{xc</span> <span class='ocrx_word' id='word_1_4' title='bbox 885 153 1232 190; x_wconf 65' lang='lat' dir='ltr'><strong>mmmmm.</strong></span> <span class='ocrx_word' id='word_1_5' title='bbox 1572 135 1678 190; x_wconf 79' lang='lat'>219</span> 
     </span>
    </p>
   </div>
   <div class='ocr_carea' id='block_1_2' title="bbox 146 261 1679 498">
    <p class='ocr_par' dir='ltr' id='par_1_2' title="bbox 146 261 1679 498">
     <span class='ocr_line' id='line_1_2' title="bbox 148 261 1679 329; baseline 0.001 -13"><span class='ocrx_word' id='word_1_6' title='bbox 148 264 320 316; x_wconf 86' lang='grc' dir='ltr'>ποςοῦ</span> <span class='ocrx_word' id='word_1_7' title='bbox 353 261 546 329; x_wconf 85' lang='grc' dir='ltr'>μέτρον</span> <span class='ocrx_word' id='word_1_8' title='bbox 571 262 708 317; x_wconf 83' lang='grc' dir='ltr'>ἑςτὶν</span> <span class='ocrx_word' id='word_1_9' title='bbox 736 263 768 328; x_wconf 86' lang='grc' dir='ltr'>ἢ</span> <span class='ocrx_word' id='word_1_10' title='bbox 796 261 992 328; x_wconf 71' lang='grc' dir='ltr'>ὑγροῦ’</span> <span class='ocrx_word' id='word_1_11' title='bbox 1033 261 1108 317; x_wconf 82' lang='grc' dir='ltr'>ὥς</span> <span class='ocrx_word' id='word_1_12' title='bbox 1135 262 1273 318; x_wconf 82' lang='grc' dir='ltr'>εἶναι</span> <span class='ocrx_word' id='word_1_13' title='bbox 1299 263 1439 329; x_wconf 84' lang='grc' dir='ltr'>τρεῖς</span> <span class='ocrx_word' id='word_1_14' title='bbox 1466 265 1564 316; x_wconf 84' lang='grc' dir='ltr'>τοῦ</span> <span class='ocrx_word' id='word_1_15' title='bbox 1590 279 1679 327; x_wconf 77' lang='grc' dir='ltr'>με·</span> 
     </span>
     <span class='ocr_line' id='line_1_3' title="bbox 146 347 1677 413; baseline -0.001 -13"><span class='ocrx_word' id='word_1_16' title='bbox 146 347 443 412; x_wconf 89' lang='grc' dir='ltr'>τρουμένου</span> <span class='ocrx_word' id='word_1_17' title='bbox 478 350 650 400; x_wconf 85' lang='grc' dir='ltr'>ποςοῦ</span> <span class='ocrx_word' id='word_1_18' title='bbox 685 347 977 413; x_wconf 80' lang='grc' dir='ltr'>διαφοράς,</span> <span class='ocrx_word' id='word_1_19' title='bbox 1013 347 1135 413; x_wconf 90' lang='grc' dir='ltr'>μίαν</span> <span class='ocrx_word' id='word_1_20' title='bbox 1166 349 1260 412; x_wconf 81' lang='grc' dir='ltr'>μὲν</span> <span class='ocrx_word' id='word_1_21' title='bbox 1297 350 1395 402; x_wconf 86' lang='grc' dir='ltr'>τοῦ</span> <span class='ocrx_word' id='word_1_22' title='bbox 1430 349 1677 413; x_wconf 86' lang='grc' dir='ltr'>ςταθμοῡ,</span> 
     </span>
     <span class='ocr_line' id='line_1_4' title="bbox 146 420 1679 498; baseline 0.001 -14"><span class='ocrx_word' id='word_1_23' title='bbox 146 431 333 495; x_wconf 85' lang='grc' dir='ltr'>ἑτέραν</span> <span class='ocrx_word' id='word_1_24' title='bbox 367 433 426 485; x_wconf 81' lang='grc' dir='ltr'>δὲ</span> <span class='ocrx_word' id='word_1_25' title='bbox 460 434 557 484; x_wconf 83' lang='grc' dir='ltr'>τοῦ</span> <span class='ocrx_word' id='word_1_26' title='bbox 592 434 685 496; x_wconf 91' lang='grc' dir='ltr'>τῆς</span> <span class='ocrx_word' id='word_1_27' title='bbox 720 434 879 497; x_wconf 85' lang='grc' dir='ltr'>ξηρᾶς</span> <span class='ocrx_word' id='word_1_28' title='bbox 920 432 1101 485; x_wconf 86' lang='grc' dir='ltr'>οὐςίας</span> <span class='ocrx_word' id='word_1_29' title='bbox 1136 431 1257 487; x_wconf 83' lang='grc' dir='ltr'>οἷον</span> <span class='ocrx_word' id='word_1_30' title='bbox 1291 420 1564 498; x_wconf 79' lang='grc' dir='ltr'>χώματος,</span> <span class='ocrx_word' id='word_1_31' title='bbox 1594 431 1679 485; x_wconf 86' lang='grc' dir='ltr'>καὶ</span> 
     </span>
    </p>
   </div>
   <div class='ocr_carea' id='block_1_3' title="bbox 66 514 1678 582">
    <p class='ocr_par' dir='ltr' id='par_1_3' title="bbox 66 514 1678 582">
     <span class='ocr_line' id='line_1_5' title="bbox 66 514 1678 582; baseline 0.001 -15"><span class='ocrx_word' id='word_1_32' title='bbox 66 548 69 549; x_wconf 29' lang='lat'><em>⁷</em></span> <span class='ocrx_word' id='word_1_33' title='bbox 145 514 324 582; x_wconf 85' lang='grc' dir='ltr'>τρίτην</span> <span class='ocrx_word' id='word_1_34' title='bbox 359 518 455 568; x_wconf 84' lang='grc' dir='ltr'>τοῦ</span> <span class='ocrx_word' id='word_1_35' title='bbox 486 517 579 580; x_wconf 91' lang='grc' dir='ltr'>τῆς</span> <span class='ocrx_word' id='word_1_36' title='bbox 610 515 788 580; x_wconf 81' lang='grc' dir='ltr'>ὑγρᾶς</span> <span class='ocrx_word' id='word_1_37' title='bbox 836 517 1059 569; x_wconf 85' lang='grc' dir='ltr'>πολλῶν</span> <span class='ocrx_word' id='word_1_38' title='bbox 1088 517 1147 569; x_wconf 80' lang='grc' dir='ltr'>δὲ</span> <span class='ocrx_word' id='word_1_39' title='bbox 1182 517 1265 569; x_wconf 91' lang='grc' dir='ltr'>καὶ</span> <span class='ocrx_word' id='word_1_40' title='bbox 1301 517 1492 582; x_wconf 85' lang='grc' dir='ltr'>ςχεδὸν</span> <span class='ocrx_word' id='word_1_41' title='bbox 1530 514 1678 569; x_wconf 74' lang='grc' dir='ltr'>ἀπεί·</span> 
     </span>
    </p>
   </div>
   <div class='ocr_carea' id='block_1_4' title="bbox 141 598 1763 834">
    <p class='ocr_par' dir='ltr' id='par_1_4' title="bbox 141 598 1763 834">
     <span class='ocr_line' id='line_1_6' title="bbox 146 598 1763 690; baseline 0.002 -39"><span class='ocrx_word' id='word_1_42' title='bbox 146 615 260 665; x_wconf 91' lang='grc' dir='ltr'>ρων</span> <span class='ocrx_word' id='word_1_43' title='bbox 296 598 654 665; x_wconf 85' lang='grc' dir='ltr'>ὑπαρχόντων</span> <span class='ocrx_word' id='word_1_44' title='bbox 687 603 797 654; x_wconf 87' lang='grc' dir='ltr'>τῶν</span> <span class='ocrx_word' id='word_1_45' title='bbox 830 617 888 654; x_wconf 90' lang='grc' dir='ltr'>τε</span> <span class='ocrx_word' id='word_1_46' title='bbox 922 602 1166 665; x_wconf 87' lang='grc' dir='ltr'>ςταθμῶν</span> <span class='ocrx_word' id='word_1_47' title='bbox 1201 601 1285 653; x_wconf 90' lang='grc' dir='ltr'>καὶ</span> <span class='ocrx_word' id='word_1_48' title='bbox 1322 603 1432 654; x_wconf 86' lang='grc' dir='ltr'>τῶν</span> <span class='ocrx_word' id='word_1_49' title='bbox 1466 600 1676 666; x_wconf 90' lang='grc' dir='ltr'>μέτρων</span> <span class='ocrx_word' id='word_1_50' title='bbox 1699 601 1763 690; x_wconf 72' lang='lat'>7549</span> 
     </span>
     <span class='ocr_line' id='line_1_7' title="bbox 143 682 1678 750; baseline 0 -14"><span class='ocrx_word' id='word_1_51' title='bbox 143 682 291 748; x_wconf 90' lang='grc' dir='ltr'>παρά</span> <span class='ocrx_word' id='word_1_52' title='bbox 318 700 375 737; x_wconf 89' lang='grc' dir='ltr'>τε</span> <span class='ocrx_word' id='word_1_53' title='bbox 400 684 496 738; x_wconf 91' lang='grc' dir='ltr'>τὰς</span> <span class='ocrx_word' id='word_1_54' title='bbox 523 684 704 750; x_wconf 86' lang='grc' dir='ltr'>χώρας</span> <span class='ocrx_word' id='word_1_55' title='bbox 733 685 816 737; x_wconf 88' lang='grc' dir='ltr'>καὶ</span> <span class='ocrx_word' id='word_1_56' title='bbox 853 685 919 738; x_wconf 89' lang='grc' dir='ltr'>τὰ</span> <span class='ocrx_word' id='word_1_57' title='bbox 955 683 1046 750; x_wconf 82' lang='grc' dir='ltr'>ἔθη</span> <span class='ocrx_word' id='word_1_58' title='bbox 1081 687 1192 738; x_wconf 87' lang='grc' dir='ltr'>τῶν</span> <span class='ocrx_word' id='word_1_59' title='bbox 1227 686 1524 750; x_wconf 86' lang='grc' dir='ltr'>χρωμένων</span> <span class='ocrx_word' id='word_1_60' title='bbox 1555 683 1678 749; x_wconf 86' lang='grc' dir='ltr'>περὶ</span> 
     </span>
     <span class='ocr_line' id='line_1_8' title="bbox 141 767 1567 834; baseline -0.001 -13"><span class='ocrx_word' id='word_1_61' title='bbox 141 769 254 822; x_wconf 84' lang='grc' dir='ltr'>τῶν</span> <span class='ocrx_word' id='word_1_62' title='bbox 282 767 498 833; x_wconf 88' lang='grc' dir='ltr'>μάλιςτα</span> <span class='ocrx_word' id='word_1_63' title='bbox 525 769 766 834; x_wconf 85' lang='grc' dir='ltr'>ςυνήθων</span> <span class='ocrx_word' id='word_1_64' title='bbox 790 768 982 822; x_wconf 87' lang='grc' dir='ltr'>ἅπαςιν</span> <span class='ocrx_word' id='word_1_65' title='bbox 1008 768 1039 821; x_wconf 90' lang='grc' dir='ltr'>ὁ</span> <span class='ocrx_word' id='word_1_66' title='bbox 1071 768 1279 831; x_wconf 65' lang='grc' dir='ltr'>λόγοςζ</span> <span class='ocrx_word' id='word_1_67' title='bbox 1258 769 1381 833; x_wconf 86' lang='grc' dir='ltr'>ημῖν</span> <span class='ocrx_word' id='word_1_68' title='bbox 1414 768 1567 822; x_wconf 83' lang='grc' dir='ltr'>ἔςται.</span> 
     </span>
    </p>
   </div>
   <div class='ocr_carea' id='block_1_5' title="bbox 139 921 1763 1764">
    <p class='ocr_par' dir='ltr' id='par_1_5' title="bbox 139 921 1763 1764">
     <span class='ocr_line' id='line_1_9' title="bbox 700 921 1103 994; baseline -0.002 -18"><span class='ocrx_word' id='word_1_69' title='bbox 700 922 770 976; x_wconf 80' lang='grc'>52</span> <span class='ocrx_word' id='word_1_70' title='bbox 812 921 956 994; x_wconf 85' lang='lat' dir='ltr'><em>(cap.</em></span> <span class='ocrx_word' id='word_1_71' title='bbox 1000 921 1103 990; x_wconf 83' lang='grc' dir='ltr'>ΙΙ).</span> 
     </span>
     <span class='ocr_line' id='line_1_10' title="bbox 141 1019 1676 1088; baseline 0.001 -16"><span class='ocrx_word' id='word_1_72' title='bbox 141 1019 277 1084; x_wconf 89' lang='grc' dir='ltr'>Περὶ</span> <span class='ocrx_word' id='word_1_73' title='bbox 313 1023 423 1075; x_wconf 87' lang='grc' dir='ltr'>τῶν</span> <span class='ocrx_word' id='word_1_74' title='bbox 467 1021 782 1088; x_wconf 79' lang='grc' dir='ltr'>δηλούντων</span> <span class='ocrx_word' id='word_1_75' title='bbox 827 1022 954 1075; x_wconf 87' lang='grc' dir='ltr'>τοὺς</span> <span class='ocrx_word' id='word_1_76' title='bbox 996 1023 1254 1086; x_wconf 89' lang='grc' dir='ltr'>ςταθμοὺς</span> <span class='ocrx_word' id='word_1_77' title='bbox 1292 1022 1377 1073; x_wconf 85' lang='grc' dir='ltr'>καὶ</span> <span class='ocrx_word' id='word_1_78' title='bbox 1410 1020 1476 1074; x_wconf 86' lang='grc' dir='ltr'>τὰ</span> <span class='ocrx_word' id='word_1_79' title='bbox 1512 1020 1676 1086; x_wconf 88' lang='grc' dir='ltr'>μέτρα</span> 
     </span>
     <span class='ocr_line' id='line_1_11' title="bbox 729 1107 1763 1172; baseline 0.002 -14"><span class='ocrx_word' id='word_1_80' title='bbox 729 1107 1095 1172; x_wconf 86' lang='grc' dir='ltr'>χαρακτήρων.</span> <span class='ocrx_word' id='word_1_81' title='bbox 1708 1119 1763 1160; x_wconf 86' lang='grc'>10</span> 
     </span>
     <span class='ocr_line' id='line_1_12' title="bbox 252 1188 1678 1256; baseline 0.001 -15"><span class='ocrx_word' id='word_1_82' title='bbox 252 1189 296 1242; x_wconf 94' lang='grc'>1.</span> <span class='ocrx_word' id='word_1_83' title='bbox 335 1189 480 1243; x_wconf 80' lang='grc' dir='ltr'>Ἀλλ’</span> <span class='ocrx_word' id='word_1_84' title='bbox 515 1190 696 1256; x_wconf 81' lang='grc' dir='ltr'>ἐπειδή</span> <span class='ocrx_word' id='word_1_85' title='bbox 732 1206 870 1244; x_wconf 91' lang='grc' dir='ltr'>τινες</span> <span class='ocrx_word' id='word_1_86' title='bbox 909 1190 1010 1255; x_wconf 86' lang='grc' dir='ltr'>οὐχ</span> <span class='ocrx_word' id='word_1_87' title='bbox 1050 1189 1495 1255; x_wconf 84' lang='grc' dir='ltr'>ὁλογραμμάτως,</span> <span class='ocrx_word' id='word_1_88' title='bbox 1539 1188 1678 1243; x_wconf 86' lang='grc' dir='ltr'>ἀλλὰ</span> 
     </span>
     <span class='ocr_line' id='line_1_13' title="bbox 142 1272 1675 1341; baseline -0.001 -15"><span class='ocrx_word' id='word_1_89' title='bbox 142 1273 229 1326; x_wconf 78' lang='grc' dir='ltr'>διὰ</span> <span class='ocrx_word' id='word_1_90' title='bbox 263 1274 612 1341; x_wconf 88' lang='grc' dir='ltr'>χαρακτήρων</span> <span class='ocrx_word' id='word_1_91' title='bbox 655 1277 822 1328; x_wconf 85' lang='grc' dir='ltr'>ταῦτα</span> <span class='ocrx_word' id='word_1_92' title='bbox 864 1273 1191 1339; x_wconf 87' lang='grc' dir='ltr'>ςημαίνουςι,</span> <span class='ocrx_word' id='word_1_93' title='bbox 1235 1274 1442 1340; x_wconf 89' lang='grc' dir='ltr'>βέλτιον</span> <span class='ocrx_word' id='word_1_94' title='bbox 1480 1274 1546 1327; x_wconf 89' lang='grc' dir='ltr'>ἂν</span> <span class='ocrx_word' id='word_1_95' title='bbox 1595 1272 1675 1338; x_wconf 86' lang='grc' dir='ltr'>εἴη</span> 
     </span>
     <span class='ocr_line' id='line_1_14' title="bbox 141 1357 1676 1425; baseline 0.001 -15"><span class='ocrx_word' id='word_1_96' title='bbox 141 1358 254 1410; x_wconf 85' lang='grc' dir='ltr'>τοῖς</span> <span class='ocrx_word' id='word_1_97' title='bbox 286 1360 534 1412; x_wconf 86' lang='grc' dir='ltr'>παλαιοῖς</span> <span class='ocrx_word' id='word_1_98' title='bbox 559 1361 1062 1412; x_wconf 84' lang='grc' dir='ltr'>κατακολουθοῦντα</span> <span class='ocrx_word' id='word_1_99' title='bbox 1095 1361 1316 1425; x_wconf 87' lang='grc' dir='ltr'>πρῶτον</span> <span class='ocrx_word' id='word_1_100' title='bbox 1349 1357 1477 1411; x_wconf 85' lang='grc' dir='ltr'>τοὺς</span> <span class='ocrx_word' id='word_1_101' title='bbox 1512 1372 1676 1423; x_wconf 91' lang='grc' dir='ltr'>χαρα-</span> 
     </span>
     <span class='ocr_line' id='line_1_15' title="bbox 141 1442 964 1508; baseline 0 -15"><span class='ocrx_word' id='word_1_102' title='bbox 141 1443 335 1507; x_wconf 86' lang='grc' dir='ltr'>κτῆρας</span> <span class='ocrx_word' id='word_1_103' title='bbox 358 1443 555 1496; x_wconf 85' lang='grc' dir='ltr'>αὐτοὺς</span> <span class='ocrx_word' id='word_1_104' title='bbox 581 1442 964 1508; x_wconf 84' lang='grc' dir='ltr'>διαςαφηνίςαι.</span> 
     </span>
     <span class='ocr_line' id='line_1_16' title="bbox 246 1523 1761 1592; baseline 0.001 -14"><span class='ocrx_word' id='word_1_105' title='bbox 246 1525 295 1578; x_wconf 79' lang='grc'>2.</span> <span class='ocrx_word' id='word_1_106' title='bbox 332 1527 565 1592; x_wconf 88' lang='grc' dir='ltr'>Πρῶτον</span> <span class='ocrx_word' id='word_1_107' title='bbox 604 1529 700 1592; x_wconf 82' lang='grc' dir='ltr'>μὲν</span> <span class='ocrx_word' id='word_1_108' title='bbox 739 1526 838 1580; x_wconf 85' lang='grc' dir='ltr'>οὖν</span> <span class='ocrx_word' id='word_1_109' title='bbox 873 1528 935 1579; x_wconf 92' lang='grc' dir='ltr'>τό</span> <span class='ocrx_word' id='word_1_110' title='bbox 962 1544 995 1592; x_wconf 92' lang='grc' dir='ltr'>χ</span> <span class='ocrx_word' id='word_1_111' title='bbox 1024 1528 1284 1592; x_wconf 86' lang='grc' dir='ltr'>ςτοιχεῑον</span> <span class='ocrx_word' id='word_1_112' title='bbox 1317 1526 1447 1592; x_wconf 79' lang='grc' dir='ltr'>ἔχον</span> <span class='ocrx_word' id='word_1_113' title='bbox 1485 1523 1676 1579; x_wconf 82' lang='grc' dir='ltr'>ἑπικεί-</span> <span class='ocrx_word' id='word_1_114' title='bbox 1706 1537 1761 1579; x_wconf 87' lang='lat'>15</span> 
     </span>
     <span class='ocr_line' id='line_1_17' title="bbox 140 1611 1675 1692; baseline 0 -30"><span class='ocrx_word' id='word_1_115' title='bbox 140 1625 305 1673; x_wconf 90' lang='grc' dir='ltr'>μενον</span> <span class='ocrx_word' id='word_1_116' title='bbox 341 1611 486 1682; x_wconf 81' lang='grc' dir='ltr'>αὐτῷ</span> <span class='ocrx_word' id='word_1_117' title='bbox 513 1612 575 1665; x_wconf 89' lang='grc' dir='ltr'>τὸ</span> <span class='ocrx_word' id='word_1_118' title='bbox 603 1611 753 1678; x_wconf 89' lang='grc' dir='ltr'>ἄλφα</span> <span class='ocrx_word' id='word_1_119' title='bbox 778 1613 1014 1677; x_wconf 81' lang='grc' dir='ltr'>χαλκοῦν</span> <span class='ocrx_word' id='word_1_120' title='bbox 1042 1611 1299 1692; x_wconf 86' lang='grc' dir='ltr'>ςημαίνει,</span> <span class='ocrx_word' id='word_1_121' title='bbox 1325 1611 1501 1664; x_wconf 88' lang='grc' dir='ltr'>καθὼς</span> <span class='ocrx_word' id='word_1_122' title='bbox 1526 1611 1675 1678; x_wconf 86' lang='grc' dir='ltr'>ὁρᾷς,</span> 
     </span>
     <span class='ocr_line' id='line_1_18' title="bbox 139 1695 1675 1764; baseline 0 -16"><span class='ocrx_word' id='word_1_123' title='bbox 139 1711 188 1760; x_wconf 88' lang='grc' dir='ltr'>χ.</span> <span class='ocrx_word' id='word_1_124' title='bbox 227 1695 271 1748; x_wconf 89' lang='grc' dir='ltr'>εἰ</span> <span class='ocrx_word' id='word_1_125' title='bbox 296 1696 356 1749; x_wconf 80' lang='grc' dir='ltr'>δὲ</span> <span class='ocrx_word' id='word_1_126' title='bbox 382 1712 412 1748; x_wconf 94' lang='lat'>0</span> <span class='ocrx_word' id='word_1_127' title='bbox 432 1696 541 1761; x_wconf 83' lang='grc' dir='ltr'>ἔχει</span> <span class='ocrx_word' id='word_1_128' title='bbox 565 1697 627 1750; x_wconf 87' lang='grc' dir='ltr'>τὸ</span> <span class='ocrx_word' id='word_1_129' title='bbox 653 1712 703 1761; x_wconf 87' lang='grc' dir='ltr'>χ,</span> <span class='ocrx_word' id='word_1_130' title='bbox 728 1696 848 1762; x_wconf 82' lang='grc' dir='ltr'>χόα,</span> <span class='ocrx_word' id='word_1_131' title='bbox 878 1713 936 1762; x_wconf 92' lang='grc' dir='ltr'>χ·</span> <span class='ocrx_word' id='word_1_132' title='bbox 978 1696 1022 1750; x_wconf 89' lang='grc' dir='ltr'>εἰ</span> <span class='ocrx_word' id='word_1_133' title='bbox 1047 1698 1106 1750; x_wconf 83' lang='grc' dir='ltr'>δὲ</span> <span class='ocrx_word' id='word_1_134' title='bbox 1134 1713 1165 1751; x_wconf 99' lang='grc' dir='ltr'>ν</span> <span class='ocrx_word' id='word_1_135' title='bbox 1190 1698 1222 1762; x_wconf 84' lang='grc' dir='ltr'>ἢ</span> <span class='ocrx_word' id='word_1_136' title='bbox 1248 1713 1323 1760; x_wconf 87' lang='grc' dir='ltr'>οι,</span> <span class='ocrx_word' id='word_1_137' title='bbox 1359 1696 1591 1762; x_wconf 85' lang='grc' dir='ltr'>χοίνικα,</span> <span class='ocrx_word' id='word_1_138' title='bbox 1622 1715 1675 1764; x_wconf 88' lang='grc' dir='ltr'>χ,</span> 
     </span>
    </p>
   </div>
   <div class='ocr_carea' id='block_1_6' title="bbox 140 1777 1760 2311">
    <p class='ocr_par' dir='ltr' id='par_1_6' title="bbox 142 1777 768 1863">
     <span class='ocr_line' id='line_1_19' title="bbox 142 1777 768 1863; baseline 0.005 -3"><span class='ocrx_word' id='word_1_139' title='bbox 142 1777 210 1862; x_wconf 71' lang='lat' dir='ltr'>‘&#39;x‘·</span> <span class='ocrx_word' id='word_1_140' title='bbox 249 1812 293 1848; x_wconf 84' lang='grc' dir='ltr'>ει</span> <span class='ocrx_word' id='word_1_141' title='bbox 317 1796 376 1848; x_wconf 79' lang='grc' dir='ltr'>δε</span> <span class='ocrx_word' id='word_1_142' title='bbox 399 1811 459 1860; x_wconf 67' lang='grc' dir='ltr'>η,</span> <span class='ocrx_word' id='word_1_143' title='bbox 489 1795 688 1860; x_wconf 79' lang='grc' dir='ltr'>χήμην</span> <span class='ocrx_word' id='word_1_144' title='bbox 721 1815 768 1863; x_wconf 86' lang='lat' dir='ltr'>x</span> 
     </span>
    </p>

    <p class='ocr_par' dir='ltr' id='par_1_7' title="bbox 140 1892 1760 2219">
     <span class='ocr_line' id='line_1_20' title="bbox 246 1892 1675 1959; baseline 0.003 -14"><span class='ocrx_word' id='word_1_145' title='bbox 246 1893 294 1945; x_wconf 85' lang='lat'>3.</span> <span class='ocrx_word' id='word_1_146' title='bbox 335 1893 410 1946; x_wconf 92' lang='grc' dir='ltr'>Τό</span> <span class='ocrx_word' id='word_1_147' title='bbox 447 1894 507 1946; x_wconf 81' lang='grc' dir='ltr'>δε</span> <span class='ocrx_word' id='word_1_148' title='bbox 537 1894 574 1946; x_wconf 93' lang='grc' dir='ltr'>Κ</span> <span class='ocrx_word' id='word_1_149' title='bbox 604 1895 891 1959; x_wconf 84' lang='grc' dir='ltr'>ςτοιχεῑον,</span> <span class='ocrx_word' id='word_1_150' title='bbox 930 1893 973 1946; x_wconf 85' lang='grc' dir='ltr'>εἰ</span> <span class='ocrx_word' id='word_1_151' title='bbox 1006 1894 1101 1957; x_wconf 80' lang='grc' dir='ltr'>μὲν</span> <span class='ocrx_word' id='word_1_152' title='bbox 1138 1892 1246 1957; x_wconf 83' lang='grc' dir='ltr'>ἔχει</span> <span class='ocrx_word' id='word_1_153' title='bbox 1281 1908 1307 1945; x_wconf 92' lang='grc' dir='ltr'>ε</span> <span class='ocrx_word' id='word_1_154' title='bbox 1341 1893 1675 1959; x_wconf 82' lang='grc' dir='ltr'>ἐπικείμενον</span> 
     </span>
     <span class='ocr_line' id='line_1_21' title="bbox 142 1977 1760 2047; baseline -0.001 -17"><span class='ocrx_word' id='word_1_155' title='bbox 142 1977 286 2047; x_wconf 83' lang='grc' dir='ltr'>αὑτῷ</span> <span class='ocrx_word' id='word_1_156' title='bbox 336 1979 422 2030; x_wconf 89' lang='grc' dir='ltr'>καὶ</span> <span class='ocrx_word' id='word_1_157' title='bbox 466 1979 630 2044; x_wconf 84' lang='grc' dir='ltr'>λοξὴν</span> <span class='ocrx_word' id='word_1_158' title='bbox 683 1978 895 2032; x_wconf 86' lang='grc' dir='ltr'>εὐθεῖαν</span> <span class='ocrx_word' id='word_1_159' title='bbox 938 1978 1181 2043; x_wconf 85' lang='grc' dir='ltr'>γραμμὴν</span> <span class='ocrx_word' id='word_1_160' title='bbox 1234 1977 1530 2042; x_wconf 89' lang='grc' dir='ltr'>τέμνουςαν</span> <span class='ocrx_word' id='word_1_161' title='bbox 1576 1978 1673 2044; x_wconf 87' lang='grc' dir='ltr'>τὴν</span> <span class='ocrx_word' id='word_1_162' title='bbox 1704 1989 1760 2030; x_wconf 80' lang='lat'>20</span> 
     </span>
     <span class='ocr_line' id='line_1_22' title="bbox 140 2059 1674 2135; baseline 0.001 -20"><span class='ocrx_word' id='word_1_163' title='bbox 140 2061 284 2115; x_wconf 89' lang='grc' dir='ltr'>κάτω</span> <span class='ocrx_word' id='word_1_164' title='bbox 310 2060 524 2127; x_wconf 89' lang='grc' dir='ltr'>κεραίαν</span> <span class='ocrx_word' id='word_1_165' title='bbox 551 2062 746 2129; x_wconf 78' lang='grc' dir='ltr'>αὐτοῦ,</span> <span class='ocrx_word' id='word_1_166' title='bbox 782 2062 1028 2128; x_wconf 89' lang='grc' dir='ltr'>κεράτιον</span> <span class='ocrx_word' id='word_1_167' title='bbox 1060 2063 1239 2126; x_wconf 78' lang='grc' dir='ltr'>δηλοῖ,</span> <span class='ocrx_word' id='word_1_168' title='bbox 1298 2059 1375 2135; x_wconf 62' lang='grc' dir='ltr'>Κιε</span> <span class='ocrx_word' id='word_1_169' title='bbox 1399 2076 1411 2090; x_wconf 91' lang='grc'><em>·</em></span> <span class='ocrx_word' id='word_1_170' title='bbox 1460 2061 1504 2115; x_wconf 89' lang='grc' dir='ltr'>εἰ</span> <span class='ocrx_word' id='word_1_171' title='bbox 1547 2063 1606 2115; x_wconf 82' lang='grc' dir='ltr'>δὲ</span> <span class='ocrx_word' id='word_1_172' title='bbox 1641 2079 1674 2116; x_wconf 90' lang='grc' dir='ltr'>υ</span> 
     </span>
     <span class='ocr_line' id='line_1_23' title="bbox 140 2144 1673 2219; baseline 0 -20"><span class='ocrx_word' id='word_1_173' title='bbox 140 2145 250 2212; x_wconf 81' lang='grc' dir='ltr'>ἔχει</span> <span class='ocrx_word' id='word_1_174' title='bbox 269 2147 331 2199; x_wconf 90' lang='grc' dir='ltr'>τὸ</span> <span class='ocrx_word' id='word_1_175' title='bbox 355 2146 409 2210; x_wconf 75' lang='grc' dir='ltr'>Κ,</span> <span class='ocrx_word' id='word_1_176' title='bbox 435 2146 638 2200; x_wconf 86' lang='grc' dir='ltr'>κύαθον</span> <span class='ocrx_word' id='word_1_177' title='bbox 666 2147 912 2213; x_wconf 74' lang='grc' dir='ltr'>ςημαίνει,</span> <span class='ocrx_word' id='word_1_178' title='bbox 940 2145 1022 2219; x_wconf 56' lang='lat'>&amp;⁰</span> <span class='ocrx_word' id='word_1_179' title='bbox 1039 2163 1051 2174; x_wconf 89' lang='lat'><strong>·</strong></span> <span class='ocrx_word' id='word_1_180' title='bbox 1080 2144 1202 2200; x_wconf 81' lang='grc' dir='ltr'>εἰδὲ</span> <span class='ocrx_word' id='word_1_181' title='bbox 1228 2162 1276 2209; x_wconf 83' lang='grc' dir='ltr'>ο,</span> <span class='ocrx_word' id='word_1_182' title='bbox 1298 2145 1545 2211; x_wconf 78' lang='grc' dir='ltr'>κοτύλην,</span> <span class='ocrx_word' id='word_1_183' title='bbox 1578 2144 1673 2218; x_wconf 57' lang='lat' dir='ltr'>&amp;A</span> 
     </span>
    </p>

    <p class='ocr_par' dir='ltr' id='par_1_8' title="bbox 246 2243 1759 2311">
     <span class='ocr_line' id='line_1_24' title="bbox 246 2243 1759 2311; baseline -0.001 -16"><span class='ocrx_word' id='word_1_184' title='bbox 246 2244 294 2295; x_wconf 89' lang='grc'>4.</span> <span class='ocrx_word' id='word_1_185' title='bbox 339 2244 396 2298; x_wconf 88' lang='grc' dir='ltr'>Ἣ</span> <span class='ocrx_word' id='word_1_186' title='bbox 436 2246 495 2298; x_wconf 83' lang='grc' dir='ltr'>δὲ</span> <span class='ocrx_word' id='word_1_187' title='bbox 534 2244 893 2311; x_wconf 87' lang='grc' dir='ltr'>ἀπερίςτικτος</span> <span class='ocrx_word' id='word_1_188' title='bbox 936 2245 1114 2299; x_wconf 85' lang='grc' dir='ltr'>εὐθεῖα</span> <span class='ocrx_word' id='word_1_189' title='bbox 1154 2244 1361 2311; x_wconf 79' lang='grc' dir='ltr'>γραμμὴ</span> <span class='ocrx_word' id='word_1_190' title='bbox 1403 2243 1599 2306; x_wconf 82' lang='grc' dir='ltr'>πλαγία</span> <span class='ocrx_word' id='word_1_191' title='bbox 1640 2243 1672 2308; x_wconf 83' lang='grc' dir='ltr'><strong>ἢ</strong></span> <span class='ocrx_word' id='word_1_192' title='bbox 1695 2252 1759 2286; x_wconf 84' lang='lat'>⁷50</span> 
     </span>
    </p>
   </div>
   <div class='ocr_carea' id='block_1_7' title="bbox 144 2373 478 2381">
    <p class='ocr_par' dir='ltr' id='par_1_9' title="bbox 144 2373 478 2381">
     <span class='ocr_line' id='line_1_25' title="bbox 144 2373 478 2381; baseline 0 0"><span class='ocrx_word' id='word_1_193' title='bbox 144 2373 478 2381; x_wconf 95' lang='lat' dir='ltr'> </span> 
     </span>
    </p>
   </div>
   <div class='ocr_carea' id='block_1_8' title="bbox 143 2452 1676 2986">
    <p class='ocr_par' dir='ltr' id='par_1_10' title="bbox 143 2452 1676 2986">
     <span class='ocr_line' id='line_1_26' title="bbox 256 2452 1676 2511; baseline 0 -15"><span class='ocrx_word' id='word_1_194' title='bbox 256 2458 294 2497; x_wconf 94' lang='grc'>2.</span> <span class='ocrx_word' id='word_1_195' title='bbox 328 2453 406 2507; x_wconf 88' lang='grc' dir='ltr'>μία</span> <span class='ocrx_word' id='word_1_196' title='bbox 436 2457 478 2496; x_wconf 86' lang='grc' dir='ltr'><em>Α</em></span> <span class='ocrx_word' id='word_1_197' title='bbox 594 2458 634 2499; x_wconf 86' lang='grc'>6,</span> <span class='ocrx_word' id='word_1_198' title='bbox 664 2454 767 2510; x_wconf 85' lang='grc' dir='ltr'>ἔθη]</span> <span class='ocrx_word' id='word_1_199' title='bbox 801 2456 902 2511; x_wconf 87' lang='grc' dir='ltr'>εἴθη</span> <span class='ocrx_word' id='word_1_200' title='bbox 934 2458 993 2510; x_wconf 87' lang='grc' dir='ltr'>Α,</span> <span class='ocrx_word' id='word_1_201' title='bbox 1023 2456 1136 2510; x_wconf 85' lang='grc' dir='ltr'>ἔθνη</span> <span class='ocrx_word' id='word_1_202' title='bbox 1168 2456 1234 2497; x_wconf 86' lang='lat' dir='ltr'>Ne</span> <span class='ocrx_word' id='word_1_203' title='bbox 1335 2457 1376 2498; x_wconf 89' lang='lat'>8.</span> <span class='ocrx_word' id='word_1_204' title='bbox 1410 2452 1676 2507; x_wconf 88' lang='grc' dir='ltr'>Κεφάλαιον</span> 
     </span>
     <span class='ocr_line' id='line_1_27' title="bbox 143 2519 1674 2580; baseline 0.001 -13"><span class='ocrx_word' id='word_1_205' title='bbox 143 2519 182 2577; x_wconf 80' lang='grc' dir='ltr'>β’</span> <span class='ocrx_word' id='word_1_206' title='bbox 215 2526 274 2567; x_wconf 73' lang='lat' dir='ltr'>Ch</span> <span class='ocrx_word' id='word_1_207' title='bbox 376 2527 445 2568; x_wconf 86' lang='lat'>10.</span> <span class='ocrx_word' id='word_1_208' title='bbox 476 2530 580 2580; x_wconf 88' lang='lat' dir='ltr'><strong>post</strong></span> <span class='ocrx_word' id='word_1_209' title='bbox 610 2524 922 2580; x_wconf 89' lang='grc' dir='ltr'>χαρακτήρων</span> <span class='ocrx_word' id='word_1_210' title='bbox 953 2527 1003 2568; x_wconf 76' lang='lat' dir='ltr'>St</span> <span class='ocrx_word' id='word_1_211' title='bbox 1035 2525 1137 2567; x_wconf 79' lang='lat' dir='ltr'><strong>add.</strong></span> <span class='ocrx_word' id='word_1_212' title='bbox 1170 2536 1274 2576; x_wconf 92' lang='grc' dir='ltr'>κεφ.</span> <span class='ocrx_word' id='word_1_213' title='bbox 1307 2519 1357 2576; x_wconf 86' lang='grc' dir='ltr'>β’.</span> <span class='ocrx_word' id='word_1_214' title='bbox 1474 2526 1541 2566; x_wconf 88' lang='grc'>13.</span> <span class='ocrx_word' id='word_1_215' title='bbox 1572 2526 1674 2569; x_wconf 76' lang='grc' dir='ltr'>τοῖς</span> 
     </span>
     <span class='ocr_line' id='line_1_28' title="bbox 143 2592 1675 2648; baseline 0.001 -12"><span class='ocrx_word' id='word_1_216' title='bbox 143 2607 229 2637; x_wconf 88' lang='lat' dir='ltr'>om.</span> <span class='ocrx_word' id='word_1_217' title='bbox 263 2596 303 2636; x_wconf 87' lang='lat' dir='ltr'><em>A</em></span> <span class='ocrx_word' id='word_1_218' title='bbox 423 2597 490 2638; x_wconf 88' lang='grc'>16.</span> <span class='ocrx_word' id='word_1_219' title='bbox 520 2594 651 2647; x_wconf 83' lang='grc' dir='ltr'>αὑτῷ</span> <span class='ocrx_word' id='word_1_220' title='bbox 684 2594 749 2648; x_wconf 83' lang='lat' dir='ltr'>St,</span> <span class='ocrx_word' id='word_1_221' title='bbox 781 2594 913 2648; x_wconf 86' lang='grc' dir='ltr'>αὐτῷ</span> <span class='ocrx_word' id='word_1_222' title='bbox 946 2596 1090 2647; x_wconf 78' lang='grc' dir='ltr'>ΝεΟΙι,</span> <span class='ocrx_word' id='word_1_223' title='bbox 1121 2593 1241 2636; x_wconf 85' lang='grc' dir='ltr'>αὐτὸ</span> <span class='ocrx_word' id='word_1_224' title='bbox 1272 2594 1360 2635; x_wconf 88' lang='grc' dir='ltr'>ΑΒ</span> <span class='ocrx_word' id='word_1_225' title='bbox 1461 2592 1610 2648; x_wconf 89' lang='grc' dir='ltr'>ἄλφα]</span> <span class='ocrx_word' id='word_1_226' title='bbox 1645 2606 1675 2637; x_wconf 89' lang='grc' dir='ltr'>α</span> 
     </span>
     <span class='ocr_line' id='line_1_29' title="bbox 144 2650 1673 2721; baseline 0.002 -15"><span class='ocrx_word' id='word_1_227' title='bbox 144 2666 209 2706; x_wconf 76' lang='lat' dir='ltr'>Ne</span> <span class='ocrx_word' id='word_1_228' title='bbox 327 2667 399 2707; x_wconf 73' lang='grc' dir='ltr'>ιτ.</span> <span class='ocrx_word' id='word_1_229' title='bbox 427 2661 456 2718; x_wconf 86' lang='grc' dir='ltr'>ἢ</span> <span class='ocrx_word' id='word_1_230' title='bbox 489 2677 531 2708; x_wconf 84' lang='grc' dir='ltr'>οι</span> <span class='ocrx_word' id='word_1_231' title='bbox 563 2670 609 2707; x_wconf 76' lang='lat' dir='ltr'>et</span> <span class='ocrx_word' id='word_1_232' title='bbox 633 2650 677 2721; x_wconf 60' lang='grc' dir='ltr'>(ἐξ</span> <span class='ocrx_word' id='word_1_233' title='bbox 708 2679 792 2710; x_wconf 89' lang='lat' dir='ltr'>om.</span> <span class='ocrx_word' id='word_1_234' title='bbox 818 2665 1027 2708; x_wconf 74' lang='lat' dir='ltr'><em>ABNeSt</em></span> <span class='ocrx_word' id='word_1_235' title='bbox 1144 2666 1211 2709; x_wconf 86' lang='lat'>18.</span> <span class='ocrx_word' id='word_1_236' title='bbox 1241 2666 1381 2718; x_wconf 85' lang='grc' dir='ltr'>χῆμαι</span> <span class='ocrx_word' id='word_1_237' title='bbox 1402 2664 1488 2705; x_wconf 83' lang='grc' dir='ltr'>ΑΒ</span> <span class='ocrx_word' id='word_1_238' title='bbox 1605 2667 1673 2709; x_wconf 85' lang='lat'>19.</span> 
     </span>
     <span class='ocr_line' id='line_1_30' title="bbox 143 2733 1674 2794; baseline 0 -18"><span class='ocrx_word' id='word_1_239' title='bbox 143 2733 230 2787; x_wconf 87' lang='grc' dir='ltr'>Τὸ]</span> <span class='ocrx_word' id='word_1_240' title='bbox 267 2733 309 2794; x_wconf 79' lang='grc' dir='ltr'>εἰ</span> <span class='ocrx_word' id='word_1_241' title='bbox 338 2736 379 2776; x_wconf 85' lang='grc' dir='ltr'><em>Α</em></span> <span class='ocrx_word' id='word_1_242' title='bbox 475 2739 703 2788; x_wconf 84' lang='grc' dir='ltr'>ςτοιχεῖον</span> <span class='ocrx_word' id='word_1_243' title='bbox 735 2750 819 2778; x_wconf 88' lang='lat' dir='ltr'>om.</span> <span class='ocrx_word' id='word_1_244' title='bbox 853 2736 1064 2777; x_wconf 76' lang='lat' dir='ltr'><em>ABNeSt</em></span> <span class='ocrx_word' id='word_1_245' title='bbox 1178 2737 1245 2776; x_wconf 84' lang='lat'>20.</span> <span class='ocrx_word' id='word_1_246' title='bbox 1278 2733 1409 2789; x_wconf 80' lang='grc' dir='ltr'>αὑτῷ</span> <span class='ocrx_word' id='word_1_247' title='bbox 1441 2734 1506 2787; x_wconf 83' lang='lat' dir='ltr'>Sc,</span> <span class='ocrx_word' id='word_1_248' title='bbox 1539 2734 1674 2788; x_wconf 80' lang='grc' dir='ltr'>αὐτῷ</span> 
     </span>
     <span class='ocr_line' id='line_1_31' title="bbox 143 2802 1674 2859; baseline 0.001 -14"><span class='ocrx_word' id='word_1_249' title='bbox 143 2805 287 2857; x_wconf 79' lang='lat' dir='ltr'><strong><em>NeClz,</em></strong></span> <span class='ocrx_word' id='word_1_250' title='bbox 317 2803 439 2848; x_wconf 83' lang='grc' dir='ltr'>αὐτὸ</span> <span class='ocrx_word' id='word_1_251' title='bbox 470 2807 557 2847; x_wconf 84' lang='grc' dir='ltr'>ΑΒ</span> <span class='ocrx_word' id='word_1_252' title='bbox 672 2809 740 2849; x_wconf 91' lang='grc'>21.</span> <span class='ocrx_word' id='word_1_253' title='bbox 773 2804 938 2859; x_wconf 85' lang='grc' dir='ltr'>κερέαν</span> <span class='ocrx_word' id='word_1_254' title='bbox 968 2806 1009 2846; x_wconf 83' lang='grc' dir='ltr'><em>Α</em></span> <span class='ocrx_word' id='word_1_255' title='bbox 1126 2807 1194 2848; x_wconf 85' lang='grc'>22.</span> <span class='ocrx_word' id='word_1_256' title='bbox 1225 2802 1266 2847; x_wconf 82' lang='grc' dir='ltr'>εἰ</span> <span class='ocrx_word' id='word_1_257' title='bbox 1295 2804 1346 2848; x_wconf 82' lang='grc' dir='ltr'>δὲ</span> <span class='ocrx_word' id='word_1_258' title='bbox 1374 2817 1416 2859; x_wconf 90' lang='grc' dir='ltr'>ο,</span> <span class='ocrx_word' id='word_1_259' title='bbox 1449 2804 1674 2858; x_wconf 88' lang='grc' dir='ltr'>κοτύλην,</span> 
     </span>
     <span class='ocr_line' id='line_1_32' title="bbox 143 2872 1675 2929; baseline -0.001 -13"><span class='ocrx_word' id='word_1_260' title='bbox 143 2872 204 2921; x_wconf 72' lang='grc' dir='ltr'>ΚΟ</span> <span class='ocrx_word' id='word_1_261' title='bbox 236 2888 323 2916; x_wconf 91' lang='lat' dir='ltr'>om.</span> <span class='ocrx_word' id='word_1_262' title='bbox 356 2876 406 2917; x_wconf 80' lang='lat' dir='ltr'>Sc</span> <span class='ocrx_word' id='word_1_263' title='bbox 551 2878 619 2920; x_wconf 91' lang='grc'>23.</span> <span class='ocrx_word' id='word_1_264' title='bbox 652 2877 851 2927; x_wconf 86' lang='grc' dir='ltr'>πλαγεῖα</span> <span class='ocrx_word' id='word_1_265' title='bbox 880 2876 1035 2917; x_wconf 80' lang='lat' dir='ltr'><strong><em>ABNe</em></strong></span> <span class='ocrx_word' id='word_1_266' title='bbox 1148 2874 1178 2928; x_wconf 89' lang='grc' dir='ltr'>ἢ</span> <span class='ocrx_word' id='word_1_267' title='bbox 1218 2873 1544 2929; x_wconf 86' lang='grc' dir='ltr'>περιςπωμένη</span> <span class='ocrx_word' id='word_1_268' title='bbox 1587 2887 1675 2922; x_wconf 89' lang='lat' dir='ltr'>om,</span> 
     </span>
     <span class='ocr_line' id='line_1_33' title="bbox 146 2944 354 2986; baseline 0.014 -3"><span class='ocrx_word' id='word_1_269' title='bbox 146 2944 354 2986; x_wconf 79' lang='lat' dir='ltr'><em>ABNeSt</em></span> 
     </span>
    </p>
   </div>
  </div>
 </body>
</html>
