1946 3220
196 2346 260 2396 35

271 155 342 209 54
804 166 1190 203 PROLEGOMENA
1217 166 1270 198 m

273 300 332 333 no
367 284 485 331 valet
521 282 719 343 vulgaris
755 281 1027 327 Graecorum
1066 278 1182 325 ratio
1218 279 1369 325 eadem
1404 286 1541 338 atque
1576 279 1622 323 in
1652 278 1797 339 prima

274 355 426 402 tabula
462 354 730 399 Heroniana.
789 352 938 410 Atque
972 349 1060 395 hoc
1097 363 1189 396 non
1223 348 1671 410 praetermittendum
1710 356 1797 407 est,

273 432 504 472 auctorem
538 422 714 468 tabulae
748 421 903 467 fractis
929 420 1130 466 numeris
1155 426 1338 481 praeter
1364 421 1596 465 semissem
1625 419 1693 464 uti
1717 433 1800 465 no-

274 495 437 552 luisse,
479 493 557 539 sed
591 506 674 552 pro
711 493 780 537 his
815 490 1014 536 minores
1046 504 1306 548 mensuras,
1342 504 1456 551 quae
1489 503 1670 550 quoque
1695 489 1799 536 loco

273 572 403 625 aptae
438 569 615 620 essent,
657 563 881 622 posuisse.
933 561 989 607 Ut
1027 558 1163 622 βῆμα
1199 557 1254 622 (5)
1293 575 1383 607 non
1421 561 1624 607 cubitum
1661 574 1800 606 unum

273 648 374 680 cum
398 633 545 690 besse,
582 632 660 679 sed
686 631 887 679 cubitum
913 645 1052 678 unum
1082 638 1127 677 et
1152 632 1309 692 pedem
1337 631 1504 677 habere
1533 631 1641 677 dicit
1667 627 1800 692 (cons.

274 703 362 750 tab.
383 702 486 749 Her.
505 703 575 761 ΙΙΙ,
598 702 659 762 5),
686 703 894 763 idemque
914 717 1003 748 non
1031 702 1083 748 ad
1109 709 1198 748 tres
1225 701 1471 762 spithamas
1497 715 1598 748 cum
1618 701 1801 757 triente7

273 774 353 820 sed
383 787 483 820 cum
516 784 608 820 uno
644 773 794 834 palmo
829 773 995 833 redigit
1021 773 1268 833 eodemque
1295 772 1429 819 modo
1456 772 1645 833 reliqua.
1699 771 1802 817 lnde

274 850 405 891 ortus
444 850 514 890 est
551 858 682 890 error
715 844 760 890 in
795 844 962 904 plethri
998 843 1261 889 definitione
1289 843 1377 906 (8),
1414 843 1492 888 ubi
1522 857 1621 890 cum
1656 844 1702 888 in
1730 856 1803 888 or-

259 914 480 976 gyiarum
529 928 718 961 numero
757 914 985 960 omisisset
1021 914 1197 960 bessem
1235 909 1627 973 excurrentem⁸)‚
1672 927 1803 958 error

273 991 555 1046 propagatus
584 991 654 1031 est
678 985 732 1031 ad
758 991 932 1031 ceteras
962 984 1129 1046 plethri
1158 991 1326 1045 partes.
1379 984 1485 1030 Nam
1514 983 1640 1029 XCIV
1666 983 1802 1044 pedes

273 1068 359 1116 pro
387 1055 416 1100 C
443 1055 603 1101 tribuit
638 1055 819 1115 plethro
848 1071 897 1102 ac
924 1055 1097 1115 reliqua
1123 1056 1276 1101 eadem
1310 1058 1499 1101 ratione.
1551 1054 1636 1100 Sed
1662 1067 1803 1114 porro

274 1127 320 1171 in
347 1126 480 1171 stadii
507 1132 551 1171 et
576 1125 755 1172 miliarii
782 1125 1044 1172 definitione
1074 1127 1221 1171 omnia
1246 1132 1369 1172 recte
1395 1131 1656 1185 computata
1683 1132 1803 1170 sunu

379 1195 578 1256 Denique
599 1210 713 1256 quae
737 1196 937 1256 scriptor
959 1195 1135 1242 tabulae
1155 1196 1210 1242 de
1231 1197 1407 1242 diversa
1427 1195 1605 1240 miliarii
1628 1195 1806 1240 ratione

275 1279 326 1311 ac
352 1266 406 1310 de
430 1265 528 1310 aliis
554 1265 801 1311 maioribus
827 1268 1049 1312 mensuris
1077 1265 1235 1325 affert,
1265 1280 1317 1311 ex
1343 1267 1413 1312 his
1439 1265 1647 1312 omnibus
1678 1265 1805 1310 illum

275 1337 320 1379 in
367 1334 437 1380 his
480 1335 618 1382 rebus
665 1343 891 1382 versatum
927 1337 1189 1397 bonumque
1227 1344 1457 1383 auctorem
1499 1334 1597 1381 esse
1636 1349 1807 1394 cogno-

277 1405 436 1451 scitur.

380 1475 429 1520 In
462 1475 550 1521 fine
587 1474 675 1534 (16)
715 1490 799 1536 pro
841 1473 1118 1536 βαειλικῶγ
1155 1477 1324 1522 editum
1366 1483 1434 1522 est
1469 1488 1537 1536 μα
1565 1513 1574 1522 .
1604 1511 1613 1520 .
1643 1513 1652 1522 .
1690 1476 1807 1536 apud

275 1544 601 1605 Le-Moynium.
671 1546 892 1592 Nimirum
931 1546 1192 1604 Sarravius‚
1229 1549 1357 1593 cuius
1393 1547 1660 1608 apographo
1698 1560 1808 1592 usus

278 1622 348 1661 est
375 1615 664 1676 Le-Moynius
691 1615 746 1674 (v.
774 1618 915 1677 praef.
944 1617 1089 1675 crit),
1129 1632 1218 1664 non
1248 1617 1472 1663 intellexit
1496 1618 1658 1664 ductus
1686 1615 1811 1662 litte-

277 1699 428 1730 rarum
459 1686 695 1732 admodum
734 1701 841 1732 sane
867 1688 1110 1747 impeditos
1149 1690 1225 1748 qui
1251 1689 1541 1734 inveniuntur
1566 1690 1612 1733 in
1638 1686 1809 1733 codice.

275 1754 367 1801 Nec
394 1763 542 1801 tamen
569 1757 753 1803 dubium
785 1764 880 1815 est,
919 1760 1025 1818 quin
1052 1755 1330 1818 βαειλικῶν
1358 1758 1554 1804 voluerit
1579 1757 1809 1813 librarius⁷

276 1825 485 1885 idemque
515 1834 636 1872 recte
662 1827 773 1887 legit
799 1828 1105 1888 Du·Cangius‚
1136 1830 1214 1889 qui
1239 1829 1324 1874 suh
1351 1842 1457 1875 voce
1482 1824 1810 1886 κούντουροε

277 1895 409 1940 haec:
449 1892 785 1957 ‘Kofivroupot
816 1906 1050 1957 praeterea
1085 1900 1297 1945 dicuntur
1333 1902 1437 1960 equi
1479 1899 1644 1958 quibus
1670 1898 1811 1944 cauda

279 1972 349 2010 est
379 1965 657 2023 decurtata'3
686 1982 738 2014 ac
762 1975 923 2028 postea
948 1968 1116 2015 citatur
1141 1971 1424 2030 ‘Anonymus
1451 1964 1571 2029 περὶ
1596 1965 1810 2028 πηλικο-

278 2030 452 2094 τήτων
492 2035 601 2084 τῶν
645 2033 851 2097 μέτρων
888 2053 940 2084 ex
974 2038 1084 2084 Bibl.
1126 2040 1281 2100 Reg.'‚
1330 2039 1610 2098 afferturque
1644 2038 1717 2084 hic
1757 2038 1822 2084 de-

220 2157 226 2162 ,
281 2119 371 2165 quo
395 2106 546 2166 agitur
571 2107 714 2166 locuS‚
741 2108 818 2154 ubi
839 2116 962 2155 recte
990 2106 1267 2169 βαεῑλικῶν
1297 2111 1518 2170 scriptum
1545 2116 1629 2155 est.

675 2259 742 2298 De
773 2259 915 2299 tabula
946 2259 1105 2300 Iuliani
1134 2261 1424 2302 Ascalonitae.

371 2342 660 2405 ‘Scripsimus
698 2345 841 2393 adhuc
878 2353 923 2392 et
961 2347 1014 2393 de
1048 2348 1158 2408 ipsis
1196 2348 1377 2395 Graecis
1416 2349 1638 2394 mensuris
1679 2354 1723 2392 et
1760 2347 1813 2393 de

283 2414 338 2460 iis
368 2428 682 2461 mensurarum
711 2415 965 2463 rationibus
993 2432 1107 2478 quae
1134 2418 1315 2465 Graecis
1348 2426 1394 2464 et
1418 2419 1631 2465 Romanis
1659 2425 1814 2465 aucto·

282 2484 408 2529 ribus
435 2485 479 2528 in
499 2487 704 2546 Aegypto
735 2493 871 2546 atque
895 2488 999 2533 Asia
1025 2489 1198 2534 minore
1223 2489 1477 2535 valuerunt.
1525 2488 1682 2534 Exstat
1705 2502 1812 2534 vero

284 2554 419 2598 etiam
452 2554 605 2600 tabula
639 2557 692 2602 de
722 2556 952 2603 Hebraicis
987 2560 1210 2605 mensuris
1242 2559 1412 2606 Graeco
1458 2572 1666 2605 sermone
1704 2560 1815 2603 scri-

284 2629 374 2682 pta.
431 2621 527 2676 Quo
562 2625 616 2669 dc
654 2634 919 2687 argumento
956 2628 1115 2675 vellem
1153 2629 1362 2689 equidem
1397 2643 1466 2675 me
1512 2636 1600 2674 tam
1627 2628 1813 2689 copiose

285 2706 510 2750 exponere
550 2708 685 2752 posse
722 2711 853 2756 quam
889 2700 955 2744 rei
991 2699 1232 2746 difficultas
1269 2708 1404 2760 atque
1442 2699 1697 2745 obscuritas
1732 2713 1815 2759 po-

287 2760 450 2817 stulat3
478 2762 556 2807 sed
583 2763 708 2809 video
739 2768 866 2811 istam
891 2769 1244 2828 disputationem
1267 2785 1345 2816 eos
1372 2771 1481 2816 fines
1508 2769 1644 2829 longe
1666 2782 1817 2814 exces-

289 2845 436 2876 suram
485 2845 585 2877 esse
633 2833 794 2892 quibus
844 2832 953 2883 haec
997 2840 1431 2886 circumscribuntur
1476 2839 1815 2900 prolegomena.

399 2967 442 3020 3)
475 2968 591 3010 Nam
622 2962 677 3013 ις’
709 2971 892 3023 scripsit
922 2986 1002 3025 pro
1033 2967 1088 3018 ις’
1121 2974 1341 3027 δίμοιρον.

1902 0 1928 38 ³2
