1946 3220
307 147 412 201 282
909 158 1231 194 FRAGMENTA
1733 135 1836 214 [92]
1875 141 1918 202 ἒς

309 273 555 340 ἕβδομον,
583 270 678 322 τὸν
703 268 773 332 ἕξ,
803 268 869 322 ἂν
889 268 947 320 δὲ
970 266 1166 332 τρίτον,
1194 267 1290 322 τὸν
1316 266 1434 332 δύο,
1462 267 1554 322 ςὺν
1579 268 1639 322 δὲ
1657 269 1834 339 τούτῳ

307 357 369 411 τὸ
398 356 546 419 ἥμιςυ
571 353 787 406 πάντως
815 351 1135 416 ἐπαριθμεῑν.
1188 350 1351 418 φίλον
1376 351 1435 406 δὲ
1459 353 1570 406 τοῖς
1597 351 1836 419 ἀρχαίοις
1903 345 1922 351 ”

308 440 391 492 καὶ
414 439 475 491 τὸ
501 438 559 490 ἓν
585 435 735 500 ἥμιςυ
761 435 1027 491 τάλαντον
1050 434 1167 501 τρία
1189 435 1513 501 ἡμιτάλαντα
1539 436 1729 502 λέγειν,
1759 436 1834 492 ὥς

306 522 389 575 καὶ
432 521 547 586 τρία
589 519 836 585 ἡμίμναια
877 520 974 585 τὴν
1015 521 1135 586 μίαν
1171 519 1403 585 ἡμίςειαν
1435 521 1586 586 μνᾶν.
1665 520 1746 574 ὅτι
1775 522 1836 575 δὲ

250 619 277 659 5
306 605 451 671 παρὰ
475 606 587 658 τοῖς
612 604 708 671 ἐφ’
732 604 964 670 Ὁμήρου
993 604 1180 668 ὀλίγον
1204 604 1267 658 τὸ
1289 605 1555 660 τάλαντον
1581 604 1836 670 ἠδύνατο,

305 689 489 755 μάθοις
525 689 591 744 ἂν
628 688 686 743 ἐκ
718 691 809 754 τῆς
844 688 1226 755 ἱπποδρομίας,
1266 688 1324 743 ἐν
1362 689 1394 758 ᾖ
1430 694 1506 758 τῷ
1546 690 1641 755 μὲν
1675 688 1834 758 τρίτῳ
1900 685 1937 761 ᾗ

305 775 367 828 τὸ
408 772 574 828 ἆθλόν
614 773 718 827 ἐςτι
766 772 948 841 λέβης,
1002 778 1078 843 τῷ
1117 774 1175 828 δὲ
1207 772 1442 844 τετάρτῳ
1478 773 1577 827 δύο
1615 775 1859 841 χρυςοῖο,
1909 768 1915 771 ’

304 857 551 912 τάλαντα.

241 950 285 984 56
410 942 468 996 Ἣ
505 943 626 1008 μνᾶ
655 942 709 995 δ’
736 942 840 996 ἐςτὶ
865 943 927 996 τὸ
958 941 1202 1008 μέγιςτον
1237 944 1333 996 τοῦ
1360 941 1626 997 ταλάντου
1653 941 1830 1008 μέρος,

222 1038 276 1079 10
307 1025 382 1079 ὣς
421 1025 491 1078 εἰς
523 1025 695 1092 ὄνομα
736 1026 1164 1093 κατακερματίςαι
1198 1026 1428 1081 λύςαντα
1457 1028 1519 1079 τὸ
1545 1026 1833 1090 τάλαντον,
1907 1031 1922 1099 j

306 1110 419 1163 ἐπεὶ
442 1110 527 1162 καὶ
551 1109 727 1176 τρίτον
751 1110 817 1164 ἂν
838 1110 1013 1181 εἴποις
1037 1110 1303 1165 ταλάντου
1330 1111 1414 1162 καὶ
1440 1110 1721 1175 τέταρτον,
1749 1110 1835 1163 καὶ
1906 1144 1919 1165 ει

303 1194 638 1260 τριτημόριον
670 1195 936 1250 ταλάντου
963 1196 1049 1249 καὶ
1080 1193 1517 1261 τεταρτημόριον·
1552 1194 1618 1248 τὰ
1643 1195 1702 1248 δὲ
1726 1210 1835 1248 τοι·
1911 1203 1913 1205 “

303 1279 439 1330 αὓτα
471 1277 599 1345 μέρη
634 1278 770 1335 ἐςτὶν
798 1279 853 1334 ἐξ
883 1280 1106 1346 ἀριθμοῦ
1133 1278 1464 1346 δηλούμενα,
1499 1279 1627 1332 ἀλλ’
1655 1278 1754 1332 οὐκ
1778 1278 1833 1332 ἐξ

303 1360 583 1427 ὀνόματος.
638 1362 704 1428 ἦν
739 1365 798 1418 δὲ
824 1365 909 1417 καὶ
932 1364 964 1430 ἡ
992 1366 1097 1431 μνᾶ
1127 1366 1356 1429 ςταθμοῦ
1382 1380 1438 1417 τε
1473 1362 1608 1428 ὁμοῦ
1637 1363 1719 1415 καὶ
1742 1378 1834 1416 νο·
1899 1398 1903 1400 ἡ

220 1459 274 1501 15
302 1446 548 1512 μίςματος
581 1446 778 1512 ὄνομα·
812 1447 877 1501 οὗ
909 1450 972 1502 τὸ
1005 1448 1156 1514 ἥμιςυ
1184 1448 1489 1513 ἣμίμναιον·
1523 1448 1623 1501 κᾶν
1654 1446 1833 1512 τρίτον

234 1575 241 1582 .
302 1530 584 1595 ἡμίμναιον
619 1530 794 1600 εἴπῃς,
833 1532 932 1585 δύο
970 1533 1054 1585 καὶ
1086 1531 1320 1597 ἡμίςειαν
1357 1533 1493 1597 μνᾶν
1535 1531 1685 1596 ἐρεῖς.
1750 1530 1834 1583 καὶ

304 1615 630 1670 ςυντιθέντες
662 1616 721 1669 δὲ
754 1617 851 1681 τὴν
887 1618 1023 1681 μνᾶν
1058 1616 1274 1680 ἔλεγον,
1309 1616 1384 1669 ὧς
1411 1615 1701 1682 Ἡρόδοτος
1736 1615 1831 1679 μὲν

238 1711 279 1744 ⁵⁷
303 1697 363 1753 ἐν
393 1702 469 1765 τῷ
506 1700 728 1768 πέμπτῳ
766 1700 947 1770 βιβλίῳ
984 1701 1184 1766 δίμνως
1213 1699 1447 1766 εἴρηκεν,
1489 1700 1520 1752 ὁ
1559 1701 1619 1752 δὲ
1644 1699 1833 1753 Λυςίας

303 1783 361 1835 ἑν
396 1787 472 1851 τῳ
506 1785 637 1836 κατὰ
661 1782 1031 1850 Αὐτοκράτους
1059 1783 1328 1850 ετετύχηκε
1363 1784 1422 1838 δέ
1457 1800 1544 1848 μοι
1580 1785 1665 1838 καὶ
1698 1783 1830 1838 εἰκο-

215 1883 273 1923 20
303 1865 494 1930 ςίμνως
518 1866 745 1932 ἔρανος.’

392 1951 452 2003 Ὅ
480 1952 538 2004 δὲ
565 1955 792 2016 χρυςοῡς
818 1953 1054 2017 ςτατὴρ
1079 1955 1216 2017 μνᾶν
1244 1952 1505 2016 ἠδύνατο·
1535 1953 1619 2005 καὶ
1645 1953 1747 2018 γὰρ
1768 1952 1827 2005 ἐν
1910 2020 1913 2022 v

301 2034 413 2086 τοῖς
447 2034 740 2100 ἱςταμένοις
764 2037 859 2101 τὴν
894 2038 1031 2101 μνᾶν
1055 2039 1147 2101 τῆς
1177 2037 1347 2101 ῥοπῆς
1378 2038 1605 2101 ςτατῆρα
1630 2034 1829 2102 ὀνομά-

302 2121 504 2182 ζουςιν,
532 2119 616 2170 καὶ
641 2118 771 2174 ὅταν
798 2119 984 2173 εἴπωςι
1007 2120 1459 2186 πενταςτάτηρον,
1487 2119 1828 2185 πεντάμνουν

302 2204 516 2256 δοκοῦςι
537 2203 728 2268 λέγειν,
743 2203 817 2257 ὡς
837 2203 896 2258 ἐν
919 2207 980 2272 τῇ
995 2203 1355 2270 (ωςικράτους
1376 2203 1824 2272 Παρακαταθήκῃ·

215 2300 272 2341 25
516 2286 648 2341 ὅταν
671 2288 800 2352 γὰρ,
829 2286 1000 2352 οἶμαι,
1026 2287 1213 2341 λευκὸς
1235 2287 1525 2353 ἄνθρωπος
1550 2288 1723 2354 παχύς

517 2370 681 2436 ἀργὸς
707 2371 840 2441 λάβῃ
868 2371 1138 2437 δίκελλαν,
1166 2372 1372 2426 ,εἰωθὼς
1398 2374 1627 2439 τρυφᾶν,

418 2599 454 2636 1.
484 2585 754 2650 τὸν-Ἆτὸν]
789 2596 977 2639 τὸ-τὸ
999 2597 1153 2652 vulgo,
1176 2598 1368 2640 con-,Be
1457 2597 1497 2640 5.
1530 2595 1689 2647 ὀλίγον
1721 2600 1823 2651 post

303 2660 538 2706 τάλαντον
568 2669 627 2708 Di
710 2670 749 2709 6.
783 2666 866 2719 μὲν
896 2672 999 2721 post
1029 2665 1175 2721 τρίτῳ
1198 2669 1257 2708 Di
1342 2669 1381 2710 7.
1412 2665 1469 2708 τὸ
1501 2680 1586 2708 om.
1609 2667 1668 2707 Di
1754 2668 1821 2707 14.

303 2729 332 2781 ή
368 2734 523 2775 οηι.1)ι·
579 2735 695 2787 ὁμοῦ
720 2750 804 2779 om.
819 2739 878 2779 Di
992 2736 1145 2781 15.και
1169 2741 1213 2778 et
1237 2738 1301 2780 16.
1318 2734 1535 2778 εῖποιευι·
1623 2737 1689 2776 ιτ.
1723 2746 1824 2776 cuv-

303 2798 463 2842 θέντες
487 2804 544 2843 Di
629 2804 783 2857 ὥςπερ
815 2808 874 2848 Di
959 2806 1042 2859 μὲν
1064 2820 1149 2849 om.
1172 2808 1231 2847 Di
1344 2807 1409 2849 18.
1441 2803 1639 2858 δίμνεως
1668 2804 1824 2845 malim

307 2871 373 2911 19.
407 2867 701 2922 εἰκοςίμνεως
741 2877 926 2918 Lobeck.
966 2877 1025 2918 ad
1058 2877 1226 2928 Phryn.
1256 2889 1299 2930 p.
1332 2876 1415 2917 554
1529 2876 1598 2917 26.
1641 2872 1822 2916 εἰωθὼς

301 2937 496 2992 Scalz'qer
525 2940 615 2993 Be,
649 2940 782 2983 εἰδὼς
814 2945 871 2984 Di
