1946 3220
238 929 304 970 De
333 929 614 982 scriptoribus
643 931 924 983 metroloyicis
953 931 997 971 in
1027 930 1260 972 universum
1290 932 1537 984 exponitur.

229 1017 410 1064 Nullum
439 1017 537 1065 sere
572 1031 674 1064 esse
702 1018 935 1065 doctrinae
961 1025 1006 1065 et
1035 1018 1296 1066 litterarum
1326 1033 1499 1080 genuS,
1532 1020 1654 1081 quod
1683 1020 1707 1066 1

123 1089 446 1149 Alexandriae,
472 1091 518 1136 in
545 1088 832 1136 nobilissimo
858 1091 1054 1152 Aegypti
1080 1091 1254 1151 capite,
1285 1104 1376 1136 non
1402 1089 1655 1152 diligentis·

125 1160 236 1207 sime
275 1160 502 1208 excultum
541 1161 601 1206 sit
627 1167 672 1206 et
700 1160 941 1208 mirificum
979 1162 1033 1207 ad
1067 1161 1226 1208 florem
1259 1161 1560 1222 perductum,
1592 1162 1656 1208 ita

125 1233 244 1277 inter
280 1246 437 1278 omnes
470 1238 678 1291 constat,
724 1239 775 1279 ut
812 1232 884 1277 vix
920 1232 1166 1294 quidquam
1200 1232 1306 1279 novi
1340 1232 1393 1278 ad
1432 1246 1529 1279 eam
1555 1247 1654 1279 rem

126 1301 276 1348 ass'erri
312 1316 451 1363 posse
485 1303 704 1349 videatur.
757 1303 922 1349 Tamen
958 1303 1204 1364 plerosque
1239 1303 1384 1349 adhuc
1411 1303 1532 1363 fugit
1558 1303 1655 1350 illa-

124 1387 226 1419 rum
252 1374 387 1420 etiam
411 1372 694 1432 litterarum,
726 1388 840 1434 quae
867 1380 1073 1434 spectant
1108 1374 1163 1420 ad
1195 1388 1512 1421 mensurarum
1540 1388 1655 1435 pon-

125 1444 282 1490 derum
317 1458 605 1491 nummorum
650 1445 907 1503 scientiam,
946 1451 991 1491 et
1020 1445 1194 1491 sontem
1232 1451 1276 1491 et
1311 1444 1463 1490 sedem
1499 1445 1655 1491 eadem

124 1515 169 1561 in
201 1515 315 1561 urbe
348 1516 505 1562 fuisse.
563 1515 672 1562 Nam
712 1515 1028 1577 superioribus
1064 1516 1258 1563 saeculis
1285 1515 1370 1562 etsi
1397 1515 1656 1562 Herodotus

123 1586 297 1647 primus
338 1587 538 1633 omnium
572 1587 626 1633 de
659 1588 888 1634 mensuris
926 1586 1298 1648 ponderibusque
1330 1601 1432 1634 cum
1466 1587 1656 1634 aliarum

125 1658 328 1718 gentium
363 1666 460 1705 tum
498 1657 774 1705 Graecorum
818 1659 1034 1720 quaedam
1075 1659 1348 1717 tradiderat,
1399 1665 1536 1720 atque
1576 1657 1656 1705 ali—

126 1736 298 1789 quanto
330 1735 438 1790 post
470 1729 742 1776 Aristoteles
776 1731 820 1776 in
848 1743 999 1775 rerum
1028 1728 1316 1791 publicarum
1351 1727 1484 1775 libris
1511 1728 1657 1776 varia·

125 1813 224 1845 rum
261 1800 494 1846 civitatum
529 1815 766 1847 mensuras
802 1807 848 1847 et
874 1815 1082 1847 nummos
1115 1800 1298 1847 brevius
1332 1799 1656 1861 descripserat,

125 1871 196 1916 cui
225 1878 512 1917 accesserunt
538 1871 904 1932 Theophrastus,
936 1871 1185 1932 discipulus
1210 1873 1331 1930 eius,
1370 1870 1564 1931 aliique,
1593 1878 1657 1916 ta-

125 1955 227 1987 men
262 1948 365 1988 ante
400 1941 764 1988 Ptolemaeorum
801 1948 994 1988 aetatem
1030 1956 1162 1989 nemo
1195 1941 1373 1988 videtur
1407 1942 1655 1998 exstitisse,

127 2013 205 2072 qui
232 2026 283 2058 ex
309 2013 552 2074 professo,
585 2020 636 2059 ut
662 2013 815 2071 aiunt,
849 2015 894 2059 in
921 2013 1001 2060 has
1028 2027 1103 2060 res
1129 2013 1383 2075 inquireret
1411 2025 1656 2073 earumque

126 2084 359 2130 scientiam
384 2085 612 2145 redigeret
643 2085 687 2129 in
717 2086 827 2131 artis
852 2085 1051 2131 modum.

233 2154 422 2201 Omnino
454 2156 575 2202 nulla
610 2169 724 2216 gens
758 2156 886 2216 prius
925 2171 1139 2217 agrorum
1179 2155 1472 2215 omniumque
1500 2167 1654 2199 rerum

128 2239 238 2285 quas
281 2225 566 2288 longitudine
604 2235 649 2273 et
685 2226 924 2273 latitudine
970 2227 1183 2273 metimur
1229 2232 1376 2273 certas
1419 2238 1656 2270 mensuras

125 2297 324 2355 invenit,
351 2297 474 2344 nulla
502 2300 757 2344 accuratius
784 2305 962 2344 mutuas
990 2312 1151 2344 earum·
1172 2299 1373 2343 rationes
1400 2295 1656 2354 constituit,

127 2366 252 2412 nulla
289 2368 483 2429 denique
519 2369 717 2415 sanctius
751 2383 834 2429 per
863 2369 1058 2430 plurima
1086 2368 1264 2415 saecula
1302 2366 1493 2412 servavit
1521 2379 1656 2424 quam

127 2444 301 2484 veteres
331 2439 557 2500 Aegyptii.
608 2439 744 2485 Cuius
773 2441 884 2485 artis
913 2447 958 2485 et
988 2438 1254 2500 disciplinae
1281 2451 1382 2483 cum
1407 2434 1658 2481 Ptolemaei

127 2522 261 2568 reges
297 2509 485 2555 heredes
522 2511 650 2570 quasi
686 2510 793 2556 sacti
829 2517 1006 2569 essent,
1050 2522 1319 2570 quamquam
1355 2519 1495 2551 novas
1524 2520 1659 2566 quas-

127 2579 227 2625 dam
260 2595 525 2639 mensuras,
555 2581 912 2627 accommodatas
939 2581 993 2627 ad
1019 2580 1290 2626 Graecorum
1317 2591 1478 2635 usum,
1509 2577 1555 2623 in
1583 2590 1655 2623 re-

128 2665 267 2710 gnum
302 2651 678 2711 introducebant,
712 2657 860 2697 tamen
891 2658 936 2697 et
961 2651 1146 2697 modum
1173 2651 1347 2711 antiqui
1373 2648 1514 2694 cubiti
1539 2647 1655 2708 regii

130 2728 175 2768 et
215 2721 459 2784 plerasque
502 2737 718 2784 agrorum
762 2736 1023 2780 mensuras,
1067 2735 1124 2767 ne
1173 2721 1344 2778 multa,
1393 2718 1656 2779 gravissima

130 2807 336 2854 quaeque
362 2794 528 2841 intacta
554 2793 853 2855 reliquerunt.
911 2795 1059 2854 Atque
1095 2792 1229 2838 iidem
1263 2793 1471 2853 priorum
1496 2802 1662 2849 regum,

130 2864 334 2925 exemplo
372 2865 565 2911 edixisse
603 2865 839 2922 videntur,
875 2872 926 2911 ut
957 2877 1271 2911 mensurarum
1303 2869 1348 2908 et
1374 2866 1575 2906 veterum
1612 2865 1658 2905 et

130 2948 345 2982 novarum
381 2936 580 2983 rationes
615 2936 659 2982 in
685 2935 862 2982 tabulas
897 2935 1241 2997 redigerentur,
1294 2932 1459 2994 quibus
1501 2943 1658 2977 omnes

1328 3014 1399 3064 1*
