1946 3220
280 105 380 160 198
669 123 987 160 FRAGMENTA
1023 124 1092 156 m:
1130 81 1389 180 MENSURIS
1701 109 1807 178 [15]
1883 87 1886 92 ¹

351 234 431 287 10.
467 233 541 287 Τὸ
589 234 649 286 δὲ
691 232 926 297 πλέθρον
969 231 1032 284 τὸ
1074 229 1444 297 εὐθυμετρικόν
1478 232 1586 298 ἔχει
1619 233 1805 305 πήχεις

276 316 351 377 Ξς’
378 316 454 382 β”,
484 317 654 370 πόδας
688 312 748 379 ρ’.
1812 318 1818 322 '

352 401 429 452 11.
472 401 546 452 Τὸ
578 398 787 452 ςτάδιον
813 398 922 463 ἔχει
948 399 1150 464 πλέθρα
1177 396 1241 464 ς’,
1276 399 1495 466 ὀργυιὰς
1526 400 1589 466 ρ’,
1619 402 1803 467 πήχεις

276 483 338 546 υ’,
366 483 537 535 πόδας
565 477 624 547 χ’.

218 582 246 621 5
351 566 430 618 12.
468 566 543 620 Τὸ
580 566 753 631 μίλιον
788 566 897 632 ἔχει
935 567 1114 621 ςτάδια
1140 567 1253 632 ΖἘ,
1290 568 1463 622 πόδας
1495 569 1623 638 ,δφ’·
1658 570 1720 623 τὸ
1746 572 1805 623 δὲ

272 642 569 715 Ῥωμαϊκὸν
596 651 769 716 μίλιον
793 651 901 717 ἔχει
921 652 1093 705 πόδας
1114 651 1204 722 ‘eu'
1219 652 1302 721 [τό
1322 653 1656 718 καλούμενον
1681 655 1806 718 παρ’

273 734 492 804 αὐτοῖς]

346 833 426 886 13.
465 834 575 887 Τοῦ
602 835 661 886 δὲ
684 833 855 887 ποδός
883 834 1020 888 ἐςτιν
1046 834 1157 900 εἴδη
1183 829 1253 898 γ’·
1282 835 1665 901 εὐθυμετρικός,
1697 836 1805 889 ἐπί-

273 921 465 982 πεδος,
499 918 722 983 ςτερεός.
770 918 1139 984 εὐθυμετρικός
1174 919 1269 985 μέν
1309 920 1447 974 ἐςτιν
1477 919 1509 973 6
1536 920 1678 984 ἔχων
1714 924 1807 985 μῆ-

191 1014 245 1054 10
273 1019 366 1055 κος
394 1002 499 1070 [καὶ
525 1002 775 1072 πλάτος]·
813 1004 989 1072 τούτῳ
1025 1005 1084 1057 δὲ
1107 1003 1169 1057 τὸ
1203 1006 1367 1068 μῆκος
1403 1006 1806 1070 καταμετρεῖται.

274 1087 528 1139 ἐπίπεδός
564 1087 700 1140 ἐςτιν
730 1087 760 1140 6
787 1087 930 1151 ἔχων
970 1090 1133 1152 μῆκος
1169 1088 1342 1140 ποδὸς
1368 1087 1434 1151 α’,
1470 1088 1674 1141 πλάτος
1709 1105 1806 1143 πο,-

274 1171 371 1223 δός
395 1170 465 1222 α”
491 1171 666 1240 τούτῳ
694 1172 788 1236 μὲν
809 1172 874 1223 τὰ
901 1171 1124 1224 ἐπίπεδα
1150 1172 1383 1236 ςχήματα
1401 1173 1806 1237 καταμετρεῑται.

274 1255 305 1307 6
331 1256 391 1307 δὲ
416 1256 628 1319 ςτερεὸς
661 1256 801 1308 ποὺς
829 1255 938 1319 ἔχει
966 1259 1130 1320 μῆκος
1163 1257 1335 1308 ποδὸς
1366 1250 1428 1318 α’,
1470 1255 1673 1309 πλάτος
1708 1273 1806 1309 πο-

275 1338 369 1391 δός
393 1332 458 1402 α’,
487 1339 650 1404 βάθος
675 1340 848 1414 ποδὸς
874 1337 946 1391 α’·
977 1340 1153 1408 τούτῳ
1181 1341 1240 1393 δὲ
1263 1340 1329 1393 τὰ
1359 1340 1543 1405 ςτερεὰ
1575 1341 1808 1406 ςχήματα

191 1433 243 1472 15
274 1425 688 1488 καταμετρεῑται·
724 1425 890 1489 χωρεῖ
915 1425 973 1476 δὲ·
998 1423 1028 1476 6
1058 1425 1269 1489 ςτερεός
1295 1424 1434 1477 ποὺς
1465 1423 1714 1490 κεράμιον
1740 1421 1805 1487 α’,

274 1506 493 1572 μοδίους
527 1504 599 1570 γ’·
650 1507 866 1562 ἕκαςτος
910 1508 1094 1574 μόδιος
1137 1507 1246 1562 ἀπὸ
1294 1511 1491 1563 ξεςτῶν
1541 1509 1804 1562 Ἰταλικῶν

273 1591 474 1660 ἀριθμῷ
504 1591 579 1651 ις’.

365 1787 445 1841 15.
498 1790 860 1856 Fraqmenlum
884 1789 1070 1840 incerti
1094 1788 1326 1839 auctoris
1352 1788 1416 1839 de
1441 1789 1712 1840 mensuris,

816 1887 951 1941 (Vide
983 1887 1097 1941 prol.
1130 1889 1154 1938 ἓ
1185 1888 1274 1939 34.)

190 2004 246 2044 20
656 1985 791 2049 Περὶ
827 1985 1176 2050 πηλικότητος
1212 1984 1433 2049 μέτρων.

385 2085 426 2136 1.
466 2084 524 2136 Ἡ
559 2084 813 2149 παλαιςτὴ
851 2083 960 2148 ἔχει
986 2083 1278 2136 δακτύλους
1313 2081 1371 2134 δ’.
1423 2081 1453 2134 6
1489 2082 1591 2147 γὰρ
1624 2081 1807 2135 δάκτυ-

207 2155 213 2159 ’
276 2169 372 2220 λος
397 2168 532 2233 ἀρχὴ
560 2168 643 2220 καὶ
668 2167 786 2221 οἷον
814 2167 995 2232 μονάς.

382 2251 430 2303 2.
468 2252 526 2304 Ἡ
568 2254 791 2317 ςπιθαμὴ
842 2251 950 2317 ἔχει
995 2249 1284 2304 παλαιςτὰς
1311 2243 1375 2312 γ’,
1416 2249 1584 2314 ἤγουν
1621 2248 1806 2302 δακτύ-

277 2338 406 2389 λους
437 2334 515 2402 ιβ’.

193 2437 247 2477 25
382 2420 429 2472 3.
465 2421 524 2472 Ὁ
561 2420 699 2473 ποὺς
731 2420 838 2486 ἔχει
872 2419 1127 2484 ςπιθαμὴν
1165 2418 1285 2482 μίαν
1314 2418 1398 2471 καὶ
1432 2417 1675 2471 ἐπέκεινα
1710 2433 1808 2468 πα-

395 2634 437 2672 3.
469 2631 645 2684 πλέθρα
675 2623 733 2685 ς’]
770 2644 832 2674 πο
859 2635 890 2678 ’ς’
922 2645 1023 2674 cum
1054 2631 1366 2684 suprascripto
1407 2640 1435 2680 χ
1464 2629 1519 2669 P⁰
1637 2629 1703 2668 10.
1735 2627 1810 2668 καὶ

282 2698 479 2752 πλάτος]
514 2701 658 2743 ποδὸς
690 2698 730 2743 α’
760 2703 1006 2757 legendum
1035 2702 1218 2744 videtur
1331 2695 1513 2750 τούτῳ]
1548 2695 1724 2738 τούτου
1754 2698 1809 2738 Pc

284 2771 353 2809 12.
384 2767 566 2822 τούτῳ]
600 2773 751 2813 ταῦτα
780 2774 836 2814 Pc
933 2774 1001 2813 14.
1035 2769 1170 2822 βάθος
1202 2767 1347 2810 ποδὸς
1379 2762 1420 2808 α’
1452 2780 1539 2809 om.
1559 2767 1615 2808 Ρο
1701 2764 1811 2807 τού-

283 2836 375 2891 τῳ]
409 2836 586 2880 τούτου
617 2841 671 2880 Pc
757 2844 825 2882 21.
859 2841 909 2884 Ἡ
944 2842 1051 2883 olim
1081 2841 1215 2882 rubro
1245 2838 1422 2889 liquore
1446 2837 1679 2890 appictum
1703 2848 1810 2876 eva-

283 2910 404 2961 nuit,
436 2910 635 2962 itemque
668 2911 791 2951 infra
822 2911 919 2953 fere
950 2913 1118 2964 ubique
1148 2910 1335 2952 litterae
1366 2907 1531 2950 rubrae
1562 2903 1767 2946 initiales
