1946 3220
2 0 136 133 Γ..
137 0 210 28 *Ὗ
266 0 271 3 ·
520 8 522 11 ·

73 50 91 66 ι,
108 34 116 38 “
135 47 141 51 “
158 29 184 48 ’μ’
279 42 282 44 ’

50 68 57 80 “
78 77 90 84 ⁷
1644 70 1673 92 D

5 139 37 158 ,Ἲι

10 163 30 226 ᾇ
112 164 214 242 [99]
705 181 778 215 m:
813 179 1033 217 numus,
1072 169 1084 179 ’
1136 202 1140 208 .
1538 163 1644 218 305

168 311 171 314 ·
216 290 265 342 4.
307 289 611 356 Κοδράντης
647 290 936 357 ςκοταςμός
959 290 993 356 ἢ
1016 291 1183 346 λεπτὰ
1212 293 1311 345 δύο
1338 291 1372 358 ἢ
1396 291 1460 346 τὸ
1491 292 1642 358 ἔςχα-

113 390 211 429 τον
235 377 333 428 τοῦ
359 376 560 428 λεπτοῦ
586 375 618 439 ἢ
643 374 676 439 ἡ
703 377 890 440 πρᾶξις
914 375 1000 429 καὶ
1029 374 1160 430 αὐτὸ
1183 376 1246 430 τὸ
1272 375 1556 443 ἐνθύμημα.

215 457 263 511 5.
303 458 583 524 Δηνάριον
606 458 863 524 ςταθμίζει
880 459 1063 526 λίτραν
1082 461 1224 526 μίαν,
1245 459 1464 525 οὐγκίας
1487 461 1641 527 τρεῖς.

221 542 268 596 6.
303 542 516 598 Λεπτόν
547 542 652 596 ἐςτι
682 543 907 609 ςταθμὸς
934 544 1151 609 οὐγκίας
1177 544 1450 611 τέταρτον.

219 627 264 679 7.
303 627 579 693 Ἀςςάριον
613 629 710 681 τοῦ
746 630 950 693 χαλκοῦ
991 628 1242 695 φόλλεως
1281 630 1343 683 τὸ
1374 630 1645 696 τέταρτον.
1675 636 1701 677 5

114 712 364 777 ἀςςάριον
390 712 445 766 ἐξ
471 711 709 777 ἀργύρου
738 714 953 766 λεπτῶν
981 713 1116 766 ἑπτά
1141 713 1256 780 (ἕξ).

115 894 197 948 99.
248 895 457 946 Similia
488 912 515 945 e
545 895 723 946 codice
749 894 982 945 Budensi
1007 896 1224 961 prolata
1250 909 1284 946 a
1313 894 1641 948 Camerario.

597 994 732 1047 (Vide
763 993 877 1048 prol.
906 995 932 1044 ἓ
965 996 1068 1047 102,
1099 994 1155 1047 Ι.)

226 1091 269 1144 1.
307 1092 366 1145 Ἣ
396 1091 547 1156 λίτρα
570 1090 680 1156 ἔχει
706 1090 925 1154 οὐγγίας
951 1085 1030 1158 ιβ’.
1066 1091 1296 1158 Ἑβραῖοι
1320 1093 1496 1160 δὲτὴν
1522 1093 1649 1156 οὐγ-

115 1176 236 1239 γίαν
273 1175 574 1241 μερίζοντες
608 1174 793 1229 ἄλλοις
830 1175 1086 1241 ὀνόμαςιν
1122 1176 1290 1241 αὐτὴν
1317 1178 1649 1244 κεκλήκαςιν·
1682 1183 1734 1222 10

116 1261 179 1314 τὸ
204 1261 307 1325 γὰρ
331 1260 482 1325 ἥμιςυ
519 1263 613 1324 τῆς
640 1258 859 1322 οὐγγίας
887 1263 1116 1326 ςτατῆρα
1140 1260 1396 1316 ἐκάλεςαν
1429 1262 1515 1315 διὰ
1549 1264 1648 1316 τοῦ

119 1345 498 1410 έξαμφοτέρως
525 1347 622 1397 τοῦ
649 1346 814 1406 Ζυγοῦ
847 1345 942 1397 τὰς
973 1345 1293 1409 πλάςτιγγας
1324 1344 1647 1411 ἰςορροπεῑν,

117 1431 216 1481 τοῦ
242 1428 466 1493 ἡμίςεως
503 1431 597 1492 τῆς
634 1428 852 1491 οὐγγίας
887 1427 946 1482 ἐν
985 1428 1254 1494 ἑκατέροις
1288 1432 1402 1483 τοῖς
1440 1431 1648 1496 μέρεςιν

119 1512 510 1577 ἐπιτιθεμένου·
550 1511 677 1566 ὅθεν
710 1516 772 1580 τῇ
800 1511 1080 1580 ἰςορροπίᾳ
1112 1516 1210 1565 τοῦ
1250 1513 1483 1567 κανόνος
1517 1514 1650 1567 κατὰ

118 1597 216 1661 τὴν
243 1599 341 1649 τοῦ
368 1598 532 1659 Ζυγοῦ
560 1595 774 1660 ἰςότητα
799 1597 993 1661 ςτατὴρ
1019 1595 1294 1661 ἐπεκλήθη.
1685 1604 1735 1643 15

222 1680 271 1732 2.
307 1681 448 1746 Ἔχει
475 1681 535 1734 δὲ
564 1679 596 1733 ὁ
620 1680 810 1745 ςτατὴρ
843 1678 994 1745 ἥμιςυ
1027 1683 1121 1745 τῆς
1158 1679 1404 1744 οὐγγίας,
1443 1680 1652 1735 ςίκλους

119 1764 235 1819 δύο.

224 1850 272 1902 3.
309 1848 484 1902 Πάλιν
517 1849 577 1901 δὲ
611 1848 675 1902 τὸ
702 1848 910 1909 ςίκλον,
944 1847 976 1899 ὅ
1002 1847 1140 1902 ἐςτιν
1165 1847 1317 1912 ἥμιςυ
1341 1851 1440 1902 τοῦ
1470 1852 1652 1914 ςτατῆ-

122 1951 244 2001 poc,
269 1933 527 1997 τέταρτον
553 1935 647 1997 τῆς
672 1931 919 1996 οὐγγίας,
943 1931 1054 1997 ἔχει
1078 1932 1247 1986 λεπτὰ
1268 1930 1326 1986 κ’.

228 2018 276 2070 4.
314 2018 391 2071 Τὸ
410 2017 690 2086 δὲλεπτόν
711 2015 871 2080 ὁλκῆς
896 2018 1014 2082 μιᾶς
1034 2015 1171 2070 ἐςτιν
1193 2017 1437 2082 δέκατον,
1458 2016 1653 2083 ὀγδοη-
1685 2024 1738 2064 20

123 2104 314 2157 κοςτὸν
342 2104 436 2166 τῆς
464 2100 699 2164 οὐγγίας.
748 2101 894 2166 παρά
922 2117 1018 2153 τιςι
1043 2101 1103 2154 δὲ
1128 2102 1212 2154 καὶ
1245 2100 1445 2167 ὀβολὸς
1480 2105 1654 2157 καλεῖ-

240 2278 279 2316 1.
310 2275 414 2316 Ref.
445 2288 488 2327 p.
519 2274 601 2314 25:
654 2272 788 2313 Vetus
815 2272 1015 2314 Leoeicon
1053 2273 1168 2326 quod
1204 2277 1269 2314 est
1305 2274 1349 2314 in
1386 2273 1655 2315 Bibliotheca

127 2347 262 2400 Regia
291 2345 471 2386 nondum
501 2343 681 2383 editum:
717 2336 998 2395 Κοδροὶντης
1030 2345 1118 2385 etc.
1176 2340 1179 2343 ’
1290 2345 1332 2386 3.
1363 2342 1468 2385 Ref.
1498 2357 1545 2396 p.
1576 2344 1654 2384 75:

128 2419 238 2459 idem
273 2416 318 2455 in
357 2415 443 2454 alio
476 2413 641 2454 Leaeico
680 2413 817 2453 veteri
851 2412 950 2453 mihi
985 2413 1134 2453 lectum
1163 2418 1252 2453 est:
1302 2406 1534 2465 δηνάριον
1564 2415 1652 2456 ete.

127 2489 169 2530 4.
199 2485 302 2528 Ref.
326 2498 369 2537 p.
392 2484 470 2524 80:
502 2483 655 2535 legitur
684 2482 730 2521 in
757 2482 841 2521 illis
871 2482 1074 2523 Leaeicis:
1104 2475 1276 2524 λεπτὸν
1307 2475 1403 2524 ἐστὶ
1436 2486 1524 2524 etc.
1611 2484 1652 2524 5.

128 2557 233 2599 Ref.
265 2569 309 2609 p.
340 2555 416 2595 80:
468 2554 530 2593 ita
567 2553 611 2592 in
649 2553 734 2593 acio
763 2551 930 2592 Leoeico
968 2553 1171 2604 scriptum
1207 2553 1378 2605 reperi:
1428 2544 1655 2606 ἀσσάριον

130 2625 214 2669 τοῦ
245 2621 422 2679 χαλκοῦ
453 2643 508 2651 ——
540 2614 674 2664 ἑπτά.
705 2623 750 2662 in
780 2622 875 2663 aliis
905 2620 1086 2664 λεπτῶν
1115 2617 1179 2674 ἕξ.

245 2698 312 2738 13.
343 2691 544 2746 ἡμιςέως
577 2692 676 2733 Cam
818 2692 891 2732 20.
920 2695 1025 2744 post
1054 2690 1236 2735 λεπτὸν
1276 2694 1547 2736 asteriscum
1576 2709 1654 2749 po-

133 2767 224 2808 suit
257 2766 355 2807 Cam
450 2761 624 2815 ὸγδόου
657 2762 779 2810 Canu
811 2765 971 2802 contra
1000 2762 1232 2804 Salmasius
1259 2763 1365 2805 Ref.
1396 2778 1441 2818 p.
1472 2767 1547 2808 23:
1580 2779 1657 2808 nos

132 2851 184 2878 ea
215 2834 491 2888 (Camerarii
520 2831 682 2884 verba)
720 2845 780 2873 ex
816 2834 951 2873 veteri
987 2833 1133 2874 codice
1161 2835 1224 2875 sic
1253 2836 1510 2888 corrigenda
1539 2849 1655 2877 asse-

134 2909 282 2948 rimus:
312 2902 436 2957 Ἔχει
465 2902 516 2946 δὲ
546 2902 572 2945 ὁ
603 2900 779 2955 ςτατὴρ
799 2923 856 2931 -
874 2900 970 2955 ἔχει
998 2901 1150 2945 λεπτὰ
1180 2902 1278 2947 δύο.
1308 2904 1366 2947 τὸ
1397 2903 1447 2948 δὲ
1476 2906 1655 2948 λεπτὸν

136 2975 251 3028 ὁλκὴ
285 2973 364 3027 μία
392 2972 539 3027 ἐςτίν,
571 2971 742 3024 ὄγδοον
770 2973 857 3025 τῆς
887 2970 1078 3025 οὐγκίας
1106 2995 1162 3005 -
1194 2975 1414 3019 καλεῖται.

248 3058 425 3088 εοΒιΡτ.
458 3058 659 3088 ammon.
693 3058 726 3089 1.
1331 3046 1402 3098 20
