1946 3220
289 126 391 183 152
821 139 1207 176 PROLEGOMENA
1231 140 1286 174 m

288 259 481 305 maximo
509 268 795 302 nummorum
831 265 1048 311 numerO,
1085 252 1298 313 deinceps
1335 254 1428 312 agit
1454 252 1509 298 de
1532 254 1680 312 mina,
1719 259 1812 300 sta·
1899 309 1906 319 Ι

292 336 411 385 tere,
447 326 682 382 drachma,
722 323 887 380 obolo,
931 321 1087 369 chalco
1132 322 1325 383 aliisque
1369 323 1556 368 minutis
1598 323 1809 370 nummis.

289 398 409 443 Haec
431 397 575 456 igitur
600 395 749 440 omnia
774 407 826 439 ex
853 393 1010 439 ordine
1027 406 1173 453 usque
1192 393 1244 439 ad
1270 393 1505 439 minimum
1527 393 1811 440 nummulum

292 473 494 513 tractata.
549 465 661 510 Tum
706 463 930 524 digressio
968 462 1183 524 quaedam
1234 465 1444 524 sequitur
1478 463 1533 509 de
1566 463 1811 510 verborum

288 524 488 597 χὰλκοῦ
515 529 710 594 θερμὸν
739 528 805 593 ἦν
842 534 1243 594 interpretatione;
1281 548 1368 594 qua
1406 532 1532 580 finita
1568 534 1690 580 addit
1724 533 1811 579 alia

288 605 506 666 quaedam
542 605 596 650 de
622 605 757 650 variis
786 617 1074 650 nummorum
1110 603 1519 664 appellationibus,
1567 604 1644 650 ubi
1681 604 1812 664 quasi

287 676 331 721 in
362 682 626 721 transcursu
650 681 972 722 commemorat
997 674 1051 720 de
1074 675 1362 735 Aegineticae
1393 673 1630 721 drachmae
1661 675 1814 735 pretio

288 746 433 806 deque
458 746 556 792 auri
578 745 631 791 ad
654 751 892 806 argentum
914 745 1107 791 ratione.
1151 744 1360 791 Extrema
1383 744 1469 791 hac
1494 752 1622 805 parte
1648 741 1813 803 νοῦμ-

288 827 389 875 μον
417 822 462 861 et
489 810 672 876 λίτραν
696 816 900 877 aliosque
929 814 1184 861 Siculorum
1210 829 1417 862 nummos
1445 812 1650 875 explicat.

393 886 483 932 Iam
519 886 632 932 haec
666 887 833 947 excipit
860 885 1043 932 brevior
1079 884 1210 932 locus
1241 886 1296 931 de
1320 885 1480 946 primis
1507 891 1717 932 monetae
1745 886 1816 930 in-

288 957 552 1003 ventoribus
578 958 804 1016 variisque
830 957 884 1003 de
911 957 1053 1016 signis
1078 970 1381 1002 nummorum.
1434 956 1636 1016 Denique
1661 955 1817 1001 brevis

289 1029 566 1087 comparatio
602 1029 830 1073 variorum
867 1027 1140 1074 talentorum
1176 1028 1495 1087 minorumque
1522 1039 1815 1072 nummorum

288 1098 558 1143 instituitur·
609 1097 726 1144 Haec
754 1098 935 1158 quidem
970 1097 1131 1143 Pollux
1167 1099 1213 1143 in
1248 1098 1394 1159 capite
1419 1092 1540 1157 περὶ
1564 1091 1814 1156 νομῑεμά-

288 1179 417 1225 των,
445 1166 610 1227 quibus
642 1181 741 1214 cum
771 1174 992 1228 cognatus
1020 1169 1080 1213 sit
1106 1169 1145 1213 is
1172 1167 1302 1214 locus
1330 1169 1408 1229 qui
1433 1167 1639 1227 proxime
1664 1167 1818 1226 sequi·

290 1244 388 1283 tur:
428 1232 560 1285 διότι
593 1233 831 1298 χρήματα
867 1234 962 1298 μὲν
997 1231 1200 1287 εἴποιεν
1232 1233 1297 1286 ἂν
1338 1232 1388 1286 οἱ
1412 1232 1659 1294 Ἀττικοί,
1695 1237 1816 1282 huno

288 1308 441 1353 statim
473 1308 668 1353 adiunxi.

289 1459 354 1499 De
384 1458 624 1500 auctoribus
654 1459 801 1512 quibus
820 1459 977 1500 Polluae
1006 1471 1104 1500 usus
1134 1465 1198 1499 est
1226 1471 1314 1500 eum
1344 1459 1441 1499 aliis
1462 1465 1543 1499 tum
1563 1458 1818 1499 Aristotele.

203 1538 270 1585 95
393 1546 643 1591 Auctorum
679 1546 844 1606 quibus
881 1561 993 1593 usus
1030 1553 1099 1592 est
1131 1545 1294 1592 Pollux
1331 1547 1377 1591 in
1404 1545 1644 1592 scribendo
1671 1544 1819 1605 capite

290 1610 411 1674 περὶ
436 1611 770 1675 νομιεμάτων
804 1617 895 1662 duo
927 1630 1097 1676 genera
1128 1617 1395 1676 distinguo,
1431 1615 1623 1661 alterum
1658 1629 1818 1661 eorum

292 1687 369 1745 qui
391 1685 576 1731 omnino
597 1700 887 1732 nummorum
907 1687 1090 1733 nomina
1117 1686 1313 1732 afferunt
1337 1699 1422 1732 nec
1440 1693 1587 1731 tamen
1609 1684 1652 1730 id
1675 1692 1818 1745 agunt

291 1761 343 1800 ut
373 1769 424 1801 ea
450 1755 699 1816 explicent,
732 1756 927 1803 alterum
959 1756 1142 1803 illorum
1169 1757 1246 1816 qui
1271 1757 1326 1802 de
1361 1769 1650 1802 nummorum
1677 1756 1820 1801 ratio·

290 1824 425 1871 nibus
464 1831 510 1870 et
546 1826 708 1886 pretiis
747 1819 801 1872 de
837 1826 1060 1873 industria
1098 1826 1301 1873 scribere
1334 1825 1419 1872 sihi
1457 1831 1817 1887 proposuerunt.

290 1896 352 1941 Ac
379 1897 578 1956 priorem
609 1897 787 1957 quidem
815 1897 1016 1944 ordinem
1042 1895 1186 1943 multo
1217 1895 1353 1942 latius
1387 1902 1544 1956 patere
1577 1902 1624 1941 et
1652 1909 1735 1956 per
1769 1907 1819 1941 se

291 1972 645 2013 consentaneum
671 1974 742 2013 est
767 1975 812 2013 et
833 1967 1035 2014 Pollucis
1060 1969 1163 2014 loco
1189 1967 1469 2027 perlustrato
1494 1966 1627 2012 facile
1646 1979 1819 2026 cogno-

291 2037 450 2082 scitur.
498 2036 579 2084 Hic
604 2039 803 2098 optimos
840 2051 1047 2099 quosque
1073 2037 1239 2086 veteris
1277 2037 1439 2083 aetatis
1474 2042 1687 2082 auctores
1715 2034 1820 2081 Pol-

209 2157 214 2161 ,
290 2104 366 2150 lux
391 2105 611 2152 adhibuit.
668 2107 819 2154 Affero
847 2108 1043 2169 primum
1068 2122 1121 2153 ex
1148 2107 1298 2168 poetis
1328 2106 1600 2165 Homerum,
1642 2106 1819 2167 Euripi·

291 2175 419 2234 dem,
467 2190 519 2222 ex
564 2176 889 2225 historicorum
932 2191 1122 2224 numero
1168 2177 1473 2235 Herodotum,
1517 2176 1819 2237 Thucydidem

291 2245 663 2307 Xenophontem,
691 2262 742 2293 ex
770 2248 1030 2295 oratoribus
1057 2256 1103 2294 et
1128 2248 1414 2308 philosophis
1439 2246 1643 2308 Lysiam,
1670 2246 1817 2307 Hype-

292 2316 461 2374 ridem,
491 2316 863 2377 Demosthenem,
888 2318 1208 2379 Xenophanem
1234 2316 1580 2378 Colophonium.
1634 2316 1819 2362 Studio-

294 2387 471 2432 sissime
506 2394 655 2434 autem
695 2389 893 2436 comicos
927 2388 1039 2449 legit
1071 2402 1321 2449 eorumque
1347 2387 1472 2435 locos
1500 2395 1545 2434 et
1579 2386 1820 2448 exscripsit

295 2463 340 2500 et
364 2457 691 2517 interpretatus
729 2466 824 2516 est3
859 2460 906 2505 hi
944 2460 1090 2518 enirn,
1129 2460 1341 2520 quoniam
1375 2460 1564 2504 maxime
1590 2458 1644 2503 de
1681 2457 1819 2503 rebus

297 2539 409 2584 quae
448 2530 677 2586 pertinent
712 2530 765 2575 ad
804 2530 921 2576 vitae
956 2530 1242 2591 quotidianae
1276 2529 1647 2575 consuetudinem
1682 2540 1817 2586 agere

298 2593 475 2654 solent,
511 2611 798 2646 nummorum
840 2614 1022 2662 quoque
1059 2614 1151 2646 non
1186 2614 1290 2646 raro
1326 2600 1598 2645 mentionem
1627 2597 1816 2644 faciunt.

296 2663 357 2708 Ex
383 2664 453 2710 his
479 2670 676 2713 omnium
703 2672 990 2731 saepissime,
1028 2678 1080 2717 ut
1109 2684 1192 2731 par
1228 2671 1343 2729 suit,
1379 2671 1530 2715 citavit
1554 2668 1822 2727 Aristopha-

297 2746 425 2788 nen13
455 2744 686 2794 praeterea
712 2747 861 2786 autem
894 2741 1008 2787 alios
1035 2741 1287 2802 permultos
1315 2746 1360 2785 et
1384 2739 1650 2785 vetustioris
1678 2744 1723 2782 et
1749 2750 1820 2782 re-

296 2805 514 2850 centioris
549 2809 806 2855 comoediae
843 2812 1090 2871 scriptores
1105 2806 1152 2870 ¹).
1213 2810 1382 2856 Omitto
1419 2808 1703 2868 singulorum
1738 2820 1822 2852 no·

412 2940 459 2994 1)
489 2942 542 2982 In
572 2942 643 2982 his
664 2942 905 2985 Platonem
938 2947 1074 2988 citari
1107 2948 1352 2999 comicum,
1384 2959 1473 2988 non
1503 2943 1820 2999 philosophum
