1946 3220
228 143 287 181 IV
798 143 1094 179 PRAEFATIO
1125 144 1181 179 IN

228 260 439 306 lustrium
467 260 666 306 virorum
697 257 1009 304 benevolentia
1033 256 1181 304 effecit
1218 257 1263 303 id
1295 259 1418 319 quod
1448 256 1619 319 alioqui
1653 259 1752 306 fieri

227 344 318 375 non
347 330 525 391 potuit,
551 337 602 374 ut
629 329 748 375 inter
771 327 915 374 media
943 326 1203 374 scholastici
1229 329 1429 374 muneris
1455 327 1603 376 officia
1627 330 1751 376 Pari-

227 402 349 446 sinae
376 398 676 446 bibliothecae
704 399 849 457 copiis
877 399 985 443 satis
1012 396 1068 443 ad
1092 398 1384 458 propositum
1409 405 1590 455 uterer;
1620 402 1751 447 cuius

228 471 292 515 rei
327 473 495 530 gratias
528 475 715 529 quantas
751 467 962 512 maximas
997 481 1184 528 possum
1216 470 1336 513 omni
1364 482 1452 531 qua
1476 482 1559 531 par
1585 477 1654 516 est
1683 484 1752 516 re-

227 541 429 586 verentia
456 540 526 585 hic
553 538 717 583 resero.

331 608 538 654 Eiusdem
573 607 941 669 commorationis
976 607 1207 652 Parisinae
1242 622 1472 669 nunquam
1516 611 1748 668 recordor,

227 681 332 739 quin
359 677 664 738 gratissimam
693 679 953 722 memoriam
990 683 1191 737 repetam
1223 679 1663 737 spectatissimorum
1687 681 1751 725 vi-

225 763 380 795 rorum
411 762 480 794 m:
512 748 734 794 WAILLY
769 755 815 793 et
848 746 1084 804 Chauon,
1122 761 1318 808 quorum
1358 749 1471 794 alter
1515 752 1751 810 quaerenti

224 819 330 864 mihi
358 833 441 879 per
465 817 640 864 litteras
668 818 721 863 de
741 817 1007 863 Heronianis
1034 817 1160 863 libris
1188 832 1278 863 non
1305 826 1487 877 gravate
1514 820 1751 880 respondit

224 901 440 949 spemque
464 889 693 950 propositi
723 889 1022 948 exsequendi,
1059 902 1162 934 cum
1188 888 1423 934 etiamtum
1449 889 1585 935 dubia
1610 898 1750 948 esset,

223 958 517 1018 confirmavit,
553 958 692 1017 alter,
725 973 824 1006 cum
850 959 1034 1004 Parisiis
1058 958 1145 1004 alia
1171 971 1308 1020 super
1336 959 1424 1006 alia
1447 959 1574 1006 brevi
1601 962 1749 1020 spatio

223 1043 457 1090 poscerem
482 1052 553 1063 —-
576 1043 678 1076 nam
715 1043 766 1076 ex
799 1029 1037 1089 permultis
1069 1029 1300 1075 codicibus
1331 1029 1587 1091 fragmenta
1622 1030 1753 1077 colli-

225 1100 370 1159 genda
396 1107 524 1147 erant
547 1124 618 1135 -—-
645 1099 871 1146 indefesso
899 1100 1052 1146 studio
1078 1098 1203 1145 nulla
1228 1101 1272 1145 in
1299 1114 1348 1147 re
1375 1100 1533 1146 defuit.

276 1223 280 1226 ,
326 1171 475 1217 Prima
501 1169 690 1216 consilia
715 1177 760 1216 et
786 1171 919 1216 huius
944 1170 1048 1217 libri
1076 1178 1121 1216 et
1143 1170 1338 1216 Heronis
1363 1171 1524 1217 edendi
1550 1185 1753 1218 commu·

224 1240 364 1287 nicavi
399 1254 501 1287 cum
536 1252 821 1287 'rnnonono
847 1239 1131 1298 MOMMSEN‚
1176 1241 1308 1287 cuius
1336 1243 1656 1288 auctoritatem
1689 1242 1753 1300 ita

223 1310 323 1356 colo
345 1323 396 1356 ac
420 1310 641 1370 suspicio,
666 1316 718 1355 ut
737 1310 850 1356 nihil
875 1311 921 1355 in
945 1309 1113 1356 litteris
1135 1309 1370 1357 elaborare
1395 1309 1583 1370 soleam,
1603 1311 1751 1357 nisisi

223 1379 299 1425 ille
333 1380 598 1440 cognoverit
632 1380 959 1440 cognitumque
990 1380 1265 1440 probaverit.
1324 1381 1475 1441 Atque
1507 1381 1625 1427 idem
1659 1394 1749 1426 non

224 1449 369 1495 solum
388 1451 563 1510 petenti
580 1450 690 1496 mihi
714 1449 846 1496 facile
871 1452 1098 1496 concessit
1121 1451 1268 1510 repeti
1292 1465 1317 1496 a
1337 1464 1408 1496 me
1431 1451 1479 1496 in
1505 1451 1591 1498 hac
1613 1450 1752 1498 colle·

222 1519 374 1566 ctione
403 1520 615 1566 Maeciani
644 1519 811 1567 librum
849 1519 903 1566 de
940 1535 1066 1580 asse,
1108 1535 1242 1582 quem
1270 1521 1367 1582 ipse
1397 1528 1486 1567 tam
1515 1520 1750 1568 emendate

223 1589 376 1647 edidit,
402 1596 453 1637 ut
475 1590 544 1635 vix
574 1591 813 1651 quicquam
839 1605 938 1638 mea
966 1605 1102 1652 opera
1127 1591 1228 1638 addi
1253 1605 1391 1653 posse
1413 1592 1639 1648 viderem;
1670 1591 1751 1655 sed

223 1660 356 1706 etiam
382 1660 436 1705 de
459 1659 733 1707 Columellae
760 1661 916 1708 codice
942 1661 1048 1708 olim
1076 1654 1450 1722 Sangermanensi
1469 1662 1750 1724 Petropolim

223 1731 404 1790 scripsit
427 1731 484 1777 ad
509 1743 795 1780 AUGUSTUM
820 1730 1014 1790 NAUCK,
1042 1733 1119 1794 qui
1145 1734 1199 1779 ad
1226 1733 1327 1779 libri
1346 1733 1380 1777 V
1400 1733 1599 1792 initium,
1627 1733 1753 1793 quod

223 1802 267 1845 in
303 1799 447 1847 altero
483 1800 708 1848 volumine
744 1802 946 1849 editurus
983 1818 1110 1861 sum,
1144 1804 1280 1849 variis
1312 1804 1553 1866 scripturis
1590 1802 1750 1849 sedulo

222 1871 445 1916 adnotatis
471 1885 636 1932 magno
662 1886 734 1919 me
761 1871 979 1933 obligavit
1004 1873 1238 1920 beneficio.

326 1941 510 1988 Praeter
541 1942 718 1988 codices
738 1942 972 1988 Parisinos
999 1942 1363 2001 quattuordecim
1389 1943 1488 2000 ipse
1515 1953 1624 1984 usus
1650 1951 1751 1983 sum

226 2008 645 2056 vindobonensibus
686 2011 855 2068 trihus,
903 2025 1004 2057 cum
1039 2018 1146 2058 ante
1188 2012 1277 2056 hoc
1310 2010 1543 2054 biennium
1576 2005 1752 2068 aliquot

206 2079 319 2138 dies
349 2080 395 2125 in
427 2079 502 2127 illa
525 2081 638 2126 urbe
662 2088 865 2128 moratus
894 2095 1010 2138 sum,
1037 2088 1083 2126 et
1111 2079 1366 2126 Monacensi
1392 2091 1502 2136 uno,
1531 2077 1610 2138 qui
1635 2076 1754 2123 inter

227 2163 379 2195 omnes
416 2149 698 2197 Heronianos
734 2151 934 2212 propriis
974 2150 1240 2211 quibusdam
1277 2149 1520 2195 virtutibus
1553 2142 1750 2204 excellit.

224 2219 462 2266 Praeterea
491 2220 696 2267 Vossiani
728 2221 898 2269 codicis
933 2222 1009 2282 qui
1039 2220 1291 2267 Eusebiana
1328 2227 1374 2266 et
1398 2219 1609 2280 Didymea
1645 2231 1752 2265 con-

227 2291 340 2335 tinet
367 2290 679 2351 apographum
707 2292 859 2352 accepi
883 2291 1154 2339 amicissimo
1183 2290 1332 2337 studio
1360 2301 1585 2338 o'rroms
1610 2289 1752 2346 ΙΑΒῑκ,

226 2361 298 2406 cui
329 2373 398 2406 me
435 2361 707 2408 uberrimam
744 2362 799 2408 de
832 2361 1069 2422 disciplina
1102 2361 1381 2422 philologica
1416 2361 1751 2406 institutionem

227 2428 390 2476 debere
414 2445 560 2492 usque
594 2434 671 2492 pio
699 2432 847 2479 animo
872 2432 1104 2479 recordor.
1155 2433 1217 2480 Ac
1246 2431 1420 2478 tabulas
1447 2431 1556 2477 duas
1584 2429 1753 2490 ponde-

228 2512 327 2544 rum
364 2507 408 2544 et
443 2514 755 2549 mensurarum
793 2516 817 2548 e
850 2503 1090 2549 Mutinensi
1130 2503 1281 2549 codice
1325 2503 1574 2561 descriptas
1606 2510 1753 2558 nuper

229 2567 350 2612 misit
375 2568 428 2614 ad
452 2582 521 2616 me
548 2586 628 2630 per
653 2572 941 2619 Theodorum
966 2573 1213 2619 Mommsen
1236 2582 1508 2619 DETLEFUS
1528 2570 1754 2616 DETLEF-

232 2649 353 2695 sam,
381 2639 510 2685 cuius
536 2639 796 2689 benevolam
825 2657 1010 2704 operam
1034 2643 1120 2688 iam
1146 2642 1327 2689 Parisiis
1354 2641 1511 2688 multis
1539 2641 1586 2685 in
1614 2637 1753 2685 rebus

231 2714 443 2767 expertus
479 2722 614 2755 eram.
655 2711 773 2769 *Tum
808 2727 862 2760 ex
889 2714 1100 2762 Vaticano
1138 2713 1293 2761 codice
1332 2710 1552 2758 nonnulla
1584 2715 1755 2756 metro-

230 2774 377 2836 logica
405 2778 617 2839 precibus
654 2782 766 2827 meis
797 2784 993 2831 contulit
1014 2795 1382 2834 WOLFGANGUS
1411 2782 1639 2838 Harma,
1676 2778 1756 2839 qui

232 2844 352 2893 hunc
379 2846 570 2895 alterum
595 2863 760 2897 annum
785 2853 831 2898 in
853 2854 979 2899 ltalia
1002 2861 1209 2901 versatur
1233 2855 1278 2899 in
1314 2853 1436 2900 omni
1470 2849 1756 2913 antiquitatis

230 2928 398 2974 genere
435 2921 787 2969 curiosissimus.
847 2923 1047 2985 Denique
1071 2925 1220 2974 dicere
1254 2924 1327 2972 vix
1360 2937 1575 2986 possum,
1614 2933 1756 2982 quan-

1745 9 1757 13 ’-
1782 8 1796 34 ς
1806 0 1912 37 ³ssss*

1828 60 1831 62 -
1862 0 1946 85 a

1904 94 1907 98 ‚
1920 76 1940 94 ἢ

1854 230 1942 265 ‘0²'
