1946 3220
210 1042 332 1113 72'

299 140 399 193 122
808 154 1207 190 PROLEGOMENA
1235 155 1290 188 m

296 271 398 317 inde
434 277 570 331 atque
608 268 800 315 Galenus
843 274 890 314 et
925 259 1083 313 auctor
1123 267 1198 312 ille
1238 281 1370 327 quem
1408 267 1539 313 initio
1579 268 1816 315 citavimus

297 342 495 386 tradunt.
552 340 674 384 Hanc
709 339 849 397 igitur
874 338 1222 383 vetustissimam
1247 336 1548 384 Ptolemaicae
1578 337 1816 386 drachmae

295 411 655 457 aestimationem
693 421 793 453 esse
820 407 1090 453 arbitramur
1117 421 1305 468 eamque
1348 414 1441 453 tum
1467 422 1491 453 a
1514 408 1724 454 Romanis
1750 409 1816 455 fa-

296 488 412 527 ctam
441 493 564 537 esse,
592 492 693 524 cum
730 478 924 538 primum
951 479 1206 538 Aegyptum
1243 478 1289 523 in
1328 478 1585 538 provinciae
1625 479 1814 524 formam

295 550 569 608 redegerunt
603 555 647 593 et
679 548 882 609 pondera
907 547 985 594 illa
1013 548 1066 594 de
1094 548 1259 609 quibus
1287 563 1425 609 supra
1451 549 1640 595 diximus
1666 548 1714 608 (S
1740 548 1814 608 67)

295 620 497 666 facienda
523 625 808 665 curaverunt.

401 689 464 736 Ne
493 689 596 750 quis
633 697 781 735 tamen
817 702 868 735 ea
895 701 1010 749 quae
1035 688 1203 737 dixifflad
1231 702 1517 734 nummorum
1542 690 1688 749 pretia
1714 702 1818 749 per-

297 760 443 805 tinere
474 760 712 805 existimet.
763 759 882 806 Haec
907 758 1025 804 enim
1051 760 1263 818 omnino,
1289 766 1341 804 ut
1368 765 1526 805 auctor
1550 759 1605 804 de
1634 758 1817 805 talentis

296 830 490 876 dilucide
515 830 723 890 explanat
752 826 822 892 (fr.
847 832 926 882 95,
954 829 998 889 2)
1024 829 1108 876 sub
1141 829 1271 875 aliam
1295 828 1441 889 legem
1469 829 1648 875 cadunt.

569 981 634 1020 De
664 986 826 1021 statere
858 982 930 1035 qui
957 982 1000 1022 in
1029 981 1094 1022 his
1125 980 1275 1021 tabulis
1303 983 1536 1033 reperitur.

401 1065 621 1123 Quoniam
659 1068 938 1114 accuratiore
974 1069 1029 1114 de
1062 1067 1348 1114 Ptolemaicis
1388 1074 1433 1113 et
1468 1067 1744 1128 ponderibus
1774 1073 1821 1114 et

296 1139 492 1184 nummis
531 1139 842 1198 disputatione
875 1139 1103 1185 abstinere
1136 1152 1229 1183 non
1263 1140 1418 1198 potui,
1457 1139 1544 1184 hoc
1578 1139 1679 1198 ipso
1715 1138 1817 1184 loco

295 1208 580 1268 adiungenda
616 1215 686 1254 est
724 1211 819 1254 eius
851 1211 1033 1255 stateris
1066 1211 1281 1254 memoria
1318 1210 1396 1269 qui
1423 1209 1537 1254 etin
1566 1209 1819 1268 fragmento

296 1278 351 1324 de
378 1278 559 1324 talentis
586 1284 631 1323 et
658 1277 759 1324 aliis
786 1279 901 1325 locis
927 1280 1128 1325 affertur.
1178 1279 1237 1324 De
1266 1293 1356 1339 quo
1387 1279 1716 1324 Alexandrinus
1743 1276 1821 1324 ille

294 1349 494 1408 scriptor
521 1348 584 1394 ita
607 1349 818 1409 exponit,
843 1356 896 1395 ut
921 1364 1024 1395 eum
1050 1350 1349 1396 necessariam
1379 1351 1508 1410 quasi
1539 1349 1694 1395 talenti
1718 1363 1820 1409 par-

295 1425 388 1464 tem
413 1418 572 1464 saciat:
598 1416 706 1467 πᾶν
735 1414 1002 1468 τάλαντον
1031 1414 1162 1467 ἰδίας
1187 1414 1295 1479 ἔχει
1322 1417 1455 1478 μνᾶ(
1480 1413 1539 1478 ξ’,
1570 1414 1602 1478 ἡ
1633 1415 1692 1466 δὲ
1717 1415 1823 1478 μνᾶ

296 1487 556 1547 ετατῆραε
592 1482 682 1548 κε’,
720 1484 750 1536 ὁ
779 1486 838 1537 δὲ
874 1486 1064 1550 (πατὴρ
1102 1485 1366 1550 δραχμάς,
1407 1484 1463 1536 αἵ
1493 1484 1615 1538 εἰςιν
1651 1483 1821 1548 ὁλκαί,

296 1550 356 1606 δ’.
405 1559 495 1604 Iam
532 1573 634 1604 cum
669 1559 786 1605 idem
820 1560 1044 1621 scriptor,
1086 1562 1255 1621 quippe
1289 1562 1366 1620 qui
1392 1559 1718 1606 Alexandrinus
1743 1559 1820 1616 sit,

298 1630 483 1674 omnino
517 1628 813 1676 Ptolemaicas
848 1637 894 1676 et
927 1631 1180 1690 ponderum
1214 1636 1261 1676 et
1296 1644 1586 1676 nummorum
1618 1631 1822 1676 rationes

295 1706 541 1759 sequatur,
581 1699 703 1747 hunc
740 1714 924 1762 quoque
964 1707 1179 1746 staterem
1215 1701 1334 1746 inter
1357 1699 1659 1747 Ptolemaicos
1693 1715 1823 1746 num·

297 1783 397 1814 mos
434 1769 719 1816 referendum
763 1783 863 1816 esse
897 1773 1120 1816 neminem
1154 1778 1427 1831 negaturum
1462 1784 1564 1817 esse
1606 1770 1821 1817 arbitror.

296 1840 481 1886 Accedit
516 1853 617 1886 vero
663 1840 783 1886 aliud
822 1849 1099 1887 momentum
1139 1842 1471 1900 gravissimum.
1546 1840 1821 1898 Memineris,

297 1924 486 1971 quaeso,
513 1912 812 1971 imperatores
827 1911 1015 1957 Romani
1041 1926 1174 1972 quam
1201 1911 1266 1957 rei
1293 1912 1570 1958 nummariae
1597 1913 1822 1958 rationem

298 1986 398 2026 toto
442 1981 632 2040 imperio
675 1982 973 2028 instituerint.
1034 1982 1131 2028 Etsi
1172 1981 1403 2027 nonnullis
1445 1982 1705 2028 civitatibus
1749 1982 1821 2027 ius

297 2063 505 2096 nummos
537 2052 744 2110 signandi
770 2051 1043 2112 aliquamdiu
1073 2053 1279 2098 relictum
1309 2058 1405 2110 est,
1432 2059 1582 2098 tamen
1609 2066 1660 2097 ea
1684 2051 1801 2097 licen

214 2151 219 2156 ι
298 2121 362 2165 tia
393 2134 526 2180 quam
555 2122 889 2181 angustissimis
926 2122 1090 2168 finibus
1127 2121 1587 2168 circumscribebatur
1617 2122 1824 2168 omnino-

298 2203 388 2250 que
408 2191 711 2237 Romanorum
733 2199 778 2238 et
798 2194 921 2239 aurei
939 2199 984 2238 et
1003 2193 1207 2252 argentei
1230 2194 1401 2238 nummi
1421 2194 1464 2238 in
1488 2192 1696 2238 omnibus
1716 2207 1824 2253 pro·

298 2260 456 2307 vinciis
484 2262 787 2321 principatum
815 2263 946 2323 quasi
972 2263 1200 2309 tenebant.
1252 2263 1452 2323 Denique
1478 2262 1653 2308 Marcus
1679 2265 1823 2308 Aure·

298 2330 389 2377 lius
427 2331 589 2390 edixit,
622 2345 678 2376 ne
706 2332 796 2378 ulla
830 2332 876 2378 in
911 2333 1154 2393 provinciis
1180 2334 1335 2379 civitas
1367 2347 1575 2379 nummos
1604 2333 1821 2393 signaret.

299 2400 463 2446 Verum
494 2407 640 2447 tamen
670 2417 803 2448 unam
831 2403 1297 2463 excepitAegyptum,
1327 2417 1442 2464 quae
1470 2403 1691 2464 singulari
1717 2403 1820 2449 loco

299 2472 419 2516 inter
463 2486 618 2517 omnes
661 2473 914 2533 provincias
955 2487 1136 2534 semper
1171 2469 1480 2532 habebatur¹).
1554 2473 1618 2520 Ibi
1661 2474 1762 2519 inde
1798 2488 1823 2519 a

300 2539 469 2586 Tiberii
510 2543 792 2603 temporibus
838 2544 1170 2590 tetradrachma
1210 2558 1347 2590 aenea
1398 2544 1593 2590 admixto
1630 2550 1820 2604 argento

297 2609 621 2670 signabantur,
664 2628 858 2673 quorum
891 2614 1071 2675 pondus
1114 2616 1305 2660 vetustis
1352 2614 1639 2660 Ptolemaicis
1684 2620 1823 2660 tetra-

301 2776 458 2826 partes
490 2772 545 2827 ἨΣ
575 2787 586 2813 t
618 2774 731 2815 fiunt
761 2789 826 2829 gr.
859 2779 973 2830 3,64.
1032 2779 1134 2820 Hoc
1182 2778 1328 2820 habes
1377 2777 1634 2832 legitimum
1671 2778 1825 2820 Ptole-

301 2829 481 2869 maicae
519 2830 762 2871 drachmae
803 2835 999 2887 pondus,
1040 2834 1160 2887 quod
1196 2835 1343 2888 ipsum
1383 2847 1522 2888 supra
1557 2835 1693 2888 longe
1726 2834 1824 2876 alia.

300 2885 479 2926 ratione
511 2885 768 2927 invenimus
800 2889 843 2937 (ἕ
874 2891 927 2929 66
960 2891 1063 2934 adn.
1095 2891 1155 2943 3).

417 2940 458 2993 1)
489 2941 544 2982 V.
576 2942 840 2983 Mommsen.
873 2958 917 2997 p.
950 2947 1046 2988 728.
