1946 3220
46 159 50 162 ·
582 157 915 192 sempron-s
947 156 1210 193 anncos.
1553 141 1654 194 173

66 296 68 298 v
131 274 300 319 Graeco
334 271 388 318 ab
426 271 557 317 initio
593 279 918 330 numerantur,
955 271 1017 317 ita
1054 271 1189 317 etiam
1229 270 1520 329 scribuntur,
1571 284 1655 318 nec

130 342 374 405 quidquam
411 341 670 402 perversius
709 341 904 402 cogitari
938 348 1092 402 potest
1125 342 1247 388 notis
1275 354 1307 409 ‘t
1332 354 1376 406 ,K
1409 355 1493 402 pro
1525 342 1652 388 denis

128 414 388 473 vicenisque
412 411 622 469 milibus,
650 425 840 471 quarum
864 426 975 457 usus
1001 413 1154 472 pueris
1179 411 1449 458 Graecarum
1477 412 1655 458 littera-

130 496 230 529 rum
262 482 480 528 studiosis
508 483 552 526 in
585 481 794 527 omnibus
830 481 959 527 libris
999 481 1283 549 scholasticis
1323 482 1439 528 tradi
1475 477 1654 545 solet4).

128 553 266 599 Immo
294 553 407 598 dena
441 551 565 598 milia
592 551 760 597 Graeco
787 552 959 597 homini
983 558 1028 596 et
1056 553 1272 612 cogitanti
1304 559 1349 598 et
1378 552 1584 614 loquenti
1611 559 1657 598 et

129 622 346 670 scribenti
383 622 569 669 suerunt
604 617 790 683 μυριὰς
826 616 891 682 α’,
934 624 1087 668 vicena
1121 618 1367 685 μικῑέιάδεε
1396 616 1439 684 β’
1466 629 1550 670 etc.
1601 622 1656 669 Ut

40 710 42 715 ·
128 695 175 739 in
199 692 352 739 tabula
377 692 633 739 Heroniana
657 693 692 738 11
719 692 808 752 (12)
834 693 1030 753 legimus
1055 689 1309 752 μυριάδα(
1334 687 1378 754 β’
1404 688 1527 757 Inus.
1567 692 1655 739 Sed

128 764 206 811 ubi
243 758 497 824 μυριάδοε
540 763 807 810 vocabulum
843 765 888 808 in
930 764 1158 823 scriptura
1191 766 1411 810 omissum
1448 772 1560 824 pst,
1592 763 1656 810 ibi

128 834 305 880 duobus
337 834 518 894 punctis
545 834 659 880 dena
685 834 807 880 milia
834 833 1081 894 significari
1107 832 1276 892 solent,
1303 840 1354 879 ut
1378 835 1411 881 ἂ
1437 832 1466 894 β
1499 841 1586 880 etc.
1605 829 1654 893 ⁵).

127 903 248 950 Alibi
274 904 384 968 aliae
413 906 544 951 etiam
570 911 706 951 notae
731 906 778 950 in
803 903 1034 951 codicibus
1070 906 1388 965 reperiuntur,
1430 911 1484 950 ut
1513 902 1562 968 ,ἃ
1587 903 1656 949 vel

125 971 175 1040 ,ἆ
215 975 284 1020 vel
329 971 437 1034 ΓΒ),
482 988 598 1036 quae
634 977 783 1021 minus
825 980 1031 1021 accurate
1059 976 1226 1035 scripta
1253 988 1352 1021 esse
1379 981 1582 1035 apparet.

230 1045 328 1091 Non
355 1045 561 1092 inutilem
587 1060 688 1092 esse
712 1045 829 1092 hanc
852 1058 1147 1092 numerorum
1175 1046 1427 1092 doctrinam
1454 1047 1553 1105 ipse
1582 1059 1656 1091 ex·

127 1122 287 1176 pertus
313 1130 441 1176 sum,
468 1130 569 1163 cum
597 1116 760 1163 Suidae
786 1116 936 1163 locum
964 1116 1018 1162 de
1042 1115 1222 1176 plethro
1239 1146 1254 1175 ,-
1291 1116 1438 1162 adhuc
1465 1115 1658 1162 absurde

129 1186 328 1245 editum,
354 1187 596 1233 emendavi.
646 1187 754 1233 Nam
790 1201 890 1233 cum
917 1185 1053 1246 vulgo
1086 1187 1317 1247 legeretur
1342 1182 1580 1246 πλέθρον

44 1297 46 1299 ,
129 1252 161 1315 ἢ
192 1252 532 1318 πανταχόθεν
570 1251 700 1317 ἔχον
730 1253 903 1305 πόδας
938 1251 1031 1317 λη’.
1085 1253 1170 1305 καὶ
1198 1254 1510 1317 πλεθριαῖον
1548 1251 1657 1304 διά-

128 1339 319 1387 (τημα,
352 1328 464 1373 nihil
499 1328 586 1374 nisi
613 1323 654 1375 Λ
682 1330 848 1373 mutavi
884 1327 928 1373 in
960 1322 1027 1386 Α,
1066 1342 1118 1373 ex
1145 1328 1286 1374 altera
1322 1335 1470 1374 autem
1506 1327 1658 1373 littera

129 1411 242 1458 quae
268 1412 353 1458 pro
381 1411 569 1444 numero
596 1398 872 1457 habebatur,
905 1399 991 1444 feci
1016 1395 1047 1458 ἢ
1074 1400 1194 1444 hunc
1219 1399 1264 1444 in
1290 1399 1497 1444 modum:
1523 1410 1657 1447 παν·

127 1463 356 1528 ταχόθεν
387 1463 516 1529 ἕχον
541 1464 714 1517 πόδας
742 1470 789 1517 ᾶ.
828 1464 860 1529 ἢ
888 1464 971 1516 καὶ
997 1466 1307 1529 πλεθριαῖον
1333 1463 1596 1529 διάστημα.

501 1621 568 1662 De
597 1623 708 1662 notis
737 1634 1000 1662 numerorum
1025 1621 1276 1672 fractorum.

5 1819 9 1827 “
4 1788 18 1802 “·
4 1726 19 1770 ...zv
5 1496 34 1712 “ew-⁴:17⁸&
7 1226 29 1483 J-.·²v·3v·*-,.:=.··=-s2-.
13 1151 23 1162 r
14 1095 18 1098 ·
0 971 26 1010 ⁴2,
20 916 24 918 ,

231 1706 345 1754 Nota
379 1709 580 1754 semissis
607 1710 653 1754 in
680 1709 833 1755 codice
856 1709 1112 1755 Heroniano
1141 1709 1457 1770 antiquissimo
1485 1708 1656 1770 ubique
1688 1701 1784 1754 107

129 1786 199 1825 est
231 1772 304 1826 C'
331 1775 674 1840 (accuratiorem
700 1779 892 1826 formam
919 1780 1018 1824 vide
1057 1779 1175 1839 apud
1199 1779 1504 1824 Montfaucon.
1529 1778 1657 1824 Anal.

128 1865 171 1910 p.
199 1848 318 1908 319),
345 1850 392 1895 in
417 1848 518 1895 aliis
547 1849 737 1910 simplex
763 1845 798 1896 C
823 1849 1012 1911 perinde
1039 1856 1174 1910 atque
1205 1850 1251 1894 in
1279 1847 1656 1909 inscriptionibus

128 1919 290 1966 Atticis
328 1919 496 1966 sacculi
541 1920 687 1981 quinti
705 1915 753 1981 ¹).
826 1921 1017 1980 Saepius
1059 1926 1207 1965 tamen
1251 1920 1296 1965 in
1336 1918 1465 1965 libris
1514 1919 1656 1965 altera

131 1990 274 2037 forma
308 1994 340 2038 ,S
379 1991 634 2051 reperitur,
677 1991 755 2036 sed
797 1991 1037 2052 depravata
1082 1989 1157 2036 illa
1197 1990 1377 2051 quidem
1416 1991 1566 2036 varios
1612 1991 1656 2034 in

131 2061 320 2119 ductus,
358 2075 474 2122 quos
509 2061 583 2107 hic
610 2061 820 2107 exhibere
855 2075 943 2107 non
981 2057 1230 2121 possu1n2).
1280 2060 1335 2107 Et
1369 2059 1519 2107 solent
1557 2061 1659 2107 addi

2 1906 14 1931 μ

0 2005 18 2092 ἒ

0 2111 13 2158 ἃ

0 2160 15 2196 ἒ.

241 2226 285 2278 4)
321 2226 474 2268 Semel
515 2227 563 2267 in
606 2227 703 2268 cod.
742 2227 891 2270 Paris.
922 2228 1032 2268 2013
1063 2226 1143 2267 fol.
1176 2228 1282 2267 145ὲι
1312 2226 1425 2278 (tab.
1458 2226 1568 2267 Her.
1601 2225 1656 2275 V)

0 2281 16 2330 ξ
131 2283 288 2324 inveni
317 2284 372 2341 ἶ,
405 2283 486 2324 sed
516 2283 563 2323 id
594 2297 622 2325 a
650 2297 787 2325 manu
818 2297 906 2324 rec.
932 2283 990 2324 ad
1022 2284 1299 2350 genuinum
1302 2295 1331 2323 α
1363 2283 1655 2335 adscriptum.

0 2337 11 2382 ‚5
244 2341 288 2388 5)
317 2314 443 2380 ‘Idem
473 2343 671 2381 testatur
700 2341 999 2381 Montfaucon
1030 2341 1078 2380 in
1107 2336 1242 2381 Anal.
1267 2341 1342 2380 Gr.
1364 2353 1407 2392 p.
1432 2339 1532 2380 314.
1582 2338 1658 2379 sic

0 2386 19 2409 ⁵·
132 2397 160 2436 ἂ
189 2394 362 2449 legitur
392 2396 441 2435 in
470 2396 619 2438 Paris
651 2398 759 2438 1670
791 2396 1001 2449 f01.66b,
1033 2398 1212 2438 Monac.
1246 2396 1325 2439 fol.
1357 2393 1457 2438 67¹³.
1515 2394 1657 2445 Addi-

0 2401 22 2555 ἰ
132 2458 205 2492 tur
244 2453 384 2493 etiam
423 2452 498 2492 hic
537 2452 725 2504 obliqua
762 2453 912 2505 linea,
950 2429 1001 2494 ut,
1045 2452 1073 2491 ’ά
1104 2455 1151 2492 in
1182 2452 1377 2494 vindob.
1410 2453 1513 2504 179,
1543 2450 1580 2508 ζ
1609 2451 1657 2491 in

133 2509 280 2551 Paris.
311 2510 444 2558 24753
486 2510 534 2548 in
573 2509 731 2549 eodem
771 2510 928 2549 inveni
968 2494 1107 2549 etiam
1146 2506 1188 2548 ἂ.
1257 2508 1387 2558 Quae
1429 2483 1657 2550 vet’ustior

134 2564 334 2606 eiusdem
366 2566 616 2605 not-ationis
649 2565 792 2605 forma
816 2565 974 2617 fuerit,
1005 2565 1139 2605 docet
1160 2564 1478 2605 Ritschelius
1466 2577 1513 2604 m
1534 2564 1653 2604 Bibl.

131 2620 377 2662 Alexandr.
412 2619 500 2673 (die
531 2621 950 2662 Alemandrinisclzen
980 2620 1294 2674 Bibliothelcen)
1325 2634 1368 2674 p.
1402 2622 1495 2662 120.

245 2678 288 2728 6)
321 2677 430 2718 Cod.
462 2679 608 2718 Paris.
642 2679 766 2720 2013.
795 2679 921 2718 2438.

246 2734 288 2781 1)
320 2734 374 2775 V.
395 2734 596 2775 Boeckh.
617 2734 908 2776 Staatslzaush.
931 2734 977 2774 II
997 2747 1041 2787 p.
1066 2734 1159 2784 162,
1182 2735 1250 2779 22.
1275 2735 1370 2786 165,
1383 2735 1453 2777 32.
1478 2735 1655 2786 172,25.

134 2790 230 2830 261.
263 2791 360 2840 267,
394 2792 446 2832 27
481 2791 540 2834 al.

245 2847 288 2895 2)
321 2847 449 2887 Solet
478 2847 563 2888 hoc
593 2853 619 2888 5
652 2851 731 2887 aut
761 2859 858 2886 cum
892 2847 947 2887 iis
978 2848 1181 2887 numeris
1205 2847 1280 2900 qui
1302 2847 1580 2889 antecedunt
1606 2847 1654 2886 in

134 2912 271 2941 unum
310 2903 549 2956 coniungi,
590 2907 669 2944 aut
708 2904 838 2955 quasi
878 2904 1033 2943 iacens
1072 2904 1200 2956 pingi
1240 2907 1288 2944 et
1324 2903 1568 2957 depravari
1608 2904 1655 2942 in

134 2956 302 2998 formas
334 2961 377 3000 ω
409 2957 481 3010 (fr.
514 2936 600 3010 7’3),
634 2970 661 2999 υ
693 2959 936 2999 dilatatum
970 2959 1176 3013 aliasque
1208 2960 1442 3014 plurimas.
