1946 3220
284 124 390 178 296
899 139 1216 175 FRAGMENTA
1712 125 1815 196 [92]

498 251 663 319 ᾔτουν
689 265 736 302 τι
762 247 855 302 τὰς
879 249 1131 310 γυναῖκας
1159 248 1479 314 ἀργυρίδιον.

287 351 384 403 τὸν
415 350 473 402 δὲ
506 350 604 402 νῦν
640 345 887 412 χαλκὸν
915 345 966 399 οἱ
989 346 1209 400 Ἀττικοὶ
1234 347 1452 412 χαλκίον
1489 346 1695 401 εἰῶθαςι
1725 365 1816 402 κα-
1887 343 1919 412 >²⁵

287 434 428 495 λεῖν,
477 430 551 483 ῶς
595 429 704 482 ἀπὸ
747 431 846 482 τοῦ
887 429 1126 495 ἀργύρου
1161 430 1416 498 ἀργύριον
1452 433 1535 485 καὶ
1575 432 1683 485 ἀπὸ
1717 435 1814 486 τοῦ

285 516 482 582 χρυςοῦ
508 513 751 580 χρυςίον·
794 513 970 579 ὥςπερ
995 515 1375 582 Ἀριςτοφάνης
1407 517 1501 581 μὲν
1529 515 1587 570 ἐν
1618 515 1819 582 Βατρά-

231 613 257 654 5
286 616 402 665 χοις
429 599 535 665 ἔφη
1461 649 1463 651 ,

359 683 484 736 οὔτε
509 682 613 748 γὰρ
638 682 901 738 τούτοιςιν
919 725 932 748 ‚
961 682 1108 739 οὗςιν
1142 685 1207 738 οὐ
1235 685 1719 750 κεκιβδηλευμένοις

358 766 494 820 ἀλλὰ
519 766 812 821 καλλίςτοις
832 768 1097 825 ’ἁπάντων
1113 810 1126 834 ,
1155 769 1230 823 ῶς
1256 770 1426 834 δοκεῖ,
1453 768 1791 834 νομιςμάτων

221 862 261 895 91
355 852 440 905 καὶ
465 851 649 916 μόνοις
675 850 853 918 ὀρθῶς
878 855 1081 907 κοπεῖςι
1104 854 1189 907 καὶ
1212 853 1714 919 κεκωδωνιςμένοις,

356 936 585 1002 χρυίιμεθ>
597 935 776 999 οὐδέν,
790 935 928 991 ἀλλὰ
943 937 1152 991 τούτοις
1168 941 1279 992 τοῖς
1297 939 1556 1002 πονηροῖς
1566 937 1817 1003 χαλκίοις,

204 1034 257 1075 10
359 1020 484 1085 χθές
510 1037 565 1073 τε
591 1021 675 1073 καὶ
700 1023 889 1087 πρώην
915 1025 1117 1076 κοπεῖςι
1143 1026 1219 1091 τῷ
1245 1021 1467 1091 κακίςτῳ
1494 1022 1735 1087 κόμματι·

289 1104 616 1171 ςαφέςτερον
641 1106 695 1158 δ’
720 1106 987 1172 Εὔβουλος
1013 1107 1072 1160 ἐν
1098 1107 1369 1173 Παμφίλῳ

357 1191 578 1253 πρῶτον
604 1191 698 1254 μὲν
727 1189 895 1243 αὐτοῦ
922 1191 1253 1256 παραλαβὼν
1282 1191 1358 1244 τῶ
1384 1189 1583 1256 χαλκίω

355 1272 452 1326 τὸν
481 1272 564 1327 ἰόν
597 1273 655 1326 ἑκ
679 1276 772 1338 τῆς
802 1276 981 1340 χειρὸς
1008 1274 1387 1338 ἐξεςπόγγιςεν.

287 1355 432 1409 οὕτω
459 1357 514 1409 δ’
540 1357 606 1412 ἂν
630 1358 715 1410 καὶ
740 1358 771 1411 ὁ
806 1359 1061 1423 Κρατῖνος
1088 1359 1146 1414 έν
1174 1362 1286 1413 ταῖς
1315 1359 1574 1426 Θρᾴτταις
1603 1357 1822 1423 εἰρηκὼς

203 1454 256 1494 15
287 1438 366 1506 εἴη
391 1441 488 1495 τὸν
514 1441 710 1507 χρυςὸν
740 1441 949 1507 χρυςία·

360 1524 442 1578 ὅτι
467 1525 595 1578 τοὺς
620 1525 850 1590 κόρακας
874 1525 968 1580 τάξ
993 1526 1260 1589 Αἰγύπτου
1285 1526 1469 1591 χρυςία
1494 1526 1822 1580 κλέπτοντας

1308 1610 1557 1664 ἕπαυςαν.

224 1715 265 1748 92
289 1692 339 1745 οἱ
366 1693 461 1758 μὲν
498 1692 597 1747 οὖν
635 1695 824 1758 χαλκοῖ
849 1694 1191 1759 νομιςμάτιον
1218 1693 1283 1758 ἦν
1321 1694 1519 1748 λεπτόν
1537 1734 1550 1758 ‚
1590 1694 1665 1746 ῶς
1690 1692 1822 1746 ὅταν

288 1774 410 1846 εἴπῃ
445 1777 792 1843 Δημοςθένης
830 1778 988 1832 εοὐδὲ
1022 1780 1259 1844 χαλκοῦν
1299 1777 1517 1832 οὐδέπω
1554 1778 1638 1831 καὶ
1669 1777 1820 1842 τήμε-

203 1873 258 1914 20
288 1875 387 1924 ρον
427 1860 661 1916 οὐδένα’.
714 1862 747 1927 ἡ
785 1864 844 1916 δὲ
877 1865 989 1917 τῶν
1023 1864 1246 1916 πολλῶν
1272 1863 1355 1915 καὶ
1380 1861 1608 1916 ἰδιωτῶν
1645 1864 1821 1927 χρῆςις

287 1943 384 1998 τὸν
410 1945 611 2010 χαλκὸν
637 1946 699 1999 τὸ
727 1946 981 2012 ἀργύριον
1006 1947 1176 2011 λέγει,
1217 1947 1335 2002 οἷον
1364 1947 1461 2000 οὐκ
1486 1946 1594 2012 ἔχω
1619 1945 1821 2011 χαλκόν

289 2029 372 2081 καὶ
398 2027 605 2095 ὀφείλω
632 2031 845 2095 χαλκόν.
896 2031 1095 2098 εἴρηται
1121 2032 1181 2085 δὲ
1204 2032 1287 2086 καὶ
1310 2034 1474 2086 τοῦτο
1501 2031 1560 2085 ἐν
1582 2029 1823 2095 Ἐπιχάρ-
1854 2060 1857 2063 -

207 2155 212 2160 ,
289 2129 391 2177 μου
419 2113 665 2178 Πέρςαις,

770 2198 969 2265 χρυςὸν
997 2198 1081 2251 καὶ
1105 2198 1307 2263 χαλκὸν
1335 2198 1598 2265 ὀφείλων·

206 2291 261 2331 25
289 2280 416 2334 ἰ’ςως
441 2282 500 2335 δὲ
527 2282 609 2334 καὶ
633 2283 780 2348 παρὰ
804 2285 916 2335 τοῖς
943 2282 1221 2346 Ἀττικοῖς,
1257 2281 1396 2335 ὅςτις
1425 2282 1678 2348 βιάζοιτο·
1707 2280 1821 2333 Ἶ”καὶ

290 2365 393 2432 γὰρ
421 2365 465 2419 εἰ
490 2366 551 2418 τὸ
578 2367 713 2431 παρ’
736 2366 1104 2432 Ἀριςτοφάνει
1128 2366 1185 2423 έν
1211 2369 1325 2420 ταῖς
1345 2366 1824 2431 Ἐκκληςιαζούςαις

293 2449 355 2502 τὸ
381 2450 603 2516 νόμιςμα
628 2452 807 2516 δηλοῖ,
834 2450 964 2506 ὅταν
993 2455 1070 2518 φῇ

507 2535 693 2599 μεςτὴν
723 2535 902 2600 ἀπῆρα
930 2535 1026 2599 τὴν
1054 2534 1259 2597 γνάθον
1285 2536 1499 2600 χαλκῶν
1526 2533 1686 2599 ἔχων,

232 2638 274 2671 93
298 2615 432 2668 ἀλλὰ
456 2617 517 2669 τὸ
545 2619 672 2681 μετὰ
699 2619 865 2673 ταῦτά
892 2618 1003 2671 ἐ-ῑςτ>
1029 2618 1420 2685 ἀναμφίβολον,

412 2785 477 2824 19.
513 2783 635 2826 εἴποι
654 2788 712 2827 Di
826 2789 894 2831 22.
917 2786 1010 2840 ἔχει
1031 2789 1089 2828 Di
1194 2789 1262 2829 25.
1293 2787 1398 2840 lege
1429 2784 1539 2827 ἴςως
1570 2783 1619 2826 δὲ
1649 2782 1735 2825 κᾶν
1751 2805 1821 2837 -,

297 2852 421 2895 ὅςτις
446 2851 660 2907 βιάζοιτο,
683 2859 937 2909 κατηγοροῖ
956 2856 1016 2898 τὸ
1038 2855 1158 2909 παρ’
1181 2855 1272 2908 Ἀρ.
1292 2878 1349 2886 -
1370 2855 1544 2908 δηλοῦν
1569 2853 1629 2907 (v.
1652 2851 1820 2907 praef.)

295 2924 364 2968 29,
396 2919 656 2975 ἀμφίβολον
687 2924 823 2977 vulgo
