1946 3220
259 145 366 200 350
853 156 1175 218 FRAGMENTQA
1226 132 1233 136 „
1654 113 1803 219 [107]ἴ
1824 122 1873 211 ᾖ

365 270 748 338 Ἣμιμέδιμνον.
808 267 1147 334 ἡμιμέδιμνόν
1195 268 1298 322 ἐςτι
1332 268 1527 335 μέτρον
1565 273 1782 337 χωροῦν

258 356 409 422 ἥμιςυ
457 353 740 420 μεδίμνου,
789 352 1023 406 τουτέςτι
1069 351 1304 419 χοίνικας
1360 353 1789 420 εἰκοςιτέςςαρας.

259 439 504 505 ἡμίεκτον
530 439 589 492 δὲ
613 438 678 491 τὸ
699 437 854 492 ἕκτον
880 437 1041 503 μέρος
1065 439 1162 491 τοῦ
1190 437 1455 503 μεδίμνου.

371 537 650 603 Κάβαιςος,
676 536 708 589 6
734 535 1018 602 ἄπληςτος,
1048 537 1134 590 διὰ
1163 537 1481 604 διφθόγγου,
1507 554 1784 605 προπαρο-

203 637 230 678 5
259 622 480 678 Ξύνεται.
520 621 666 687 παρὰ
694 621 791 675 τὸν
820 620 1013 687 κάβον,
1041 621 1072 674 ὅ
1099 621 1203 675 ἐςτι
1227 622 1423 688 μέτρον
1451 622 1656 678 ςιτικόν.

368 720 640 787 Κίβδηλον.
690 719 799 773 ἀπὸ
849 719 1101 785 ἱςτορίας·
1149 720 1200 773 οἱ
1243 721 1347 786 γὰρ
1396 722 1663 787 Ἀθηναῖοι
1707 727 1784 792 τῷ

256 806 394 870 πρὸς
427 804 555 858 τοὺς
590 804 749 858 Χίους
784 805 915 870 μίςει
951 805 1245 871 φερόμενοι
1271 806 1331 860 ἐν
1364 807 1477 859 τοῖς
1514 805 1786 870 ἀδοκίμοις

256 889 467 943 ἑαυτῶν
501 888 772 954 νομίςμαςι
806 890 904 943 τὸν
941 886 1040 943 τοῦ
1078 889 1119 942 Χ
1152 889 1325 944 τύπον
1366 889 1786 956 ἐγχαράττοντες

257 972 590 1039 ἀπέρριπτον
618 973 1035 1039 βδελυςςόμενοι
1077 973 1272 1039 κυρίως
1297 975 1356 1027 δὲ
1381 974 1589 1037 λέγεται
1611 974 1786 1062 κίβδη-

173 1070 227 1114 10
256 1057 355 1112 λον
381 1058 445 1111 τὸ
470 1057 780 1123 ὑπόχαλκον
805 1059 1036 1124 χρυςίον.

368 1156 596 1224 Κοτύλη]
624 1175 648 1209 *
667 1157 876 1220 λέγεται
895 1157 1092 1222 κοτύλη
1118 1158 1202 1210 καὶ
1228 1155 1373 1210 εἶδος
1398 1156 1676 1223 ποτηρίου,
1702 1157 1796 1211 καὶ
1903 1154 1913 1212 ῤ

256 1238 402 1295 εἶδος
428 1242 648 1307 μέτρου·
674 1242 871 1307 κυρίως
890 1242 949 1296 δὲ
974 1242 1037 1296 τὸ
1063 1241 1317 1296 ὁπωςοῦν
1333 1241 1528 1308 μέτρον
1554 1242 1786 1307 κοτύλην

257 1323 447 1389 ἔλεγον
475 1326 526 1379 οἱ
551 1324 764 1391 ἀρχαῖοι
788 1326 874 1380 διὰ
898 1327 994 1392 τὴν
1019 1326 1323 1392 κοιλότητα·
1347 1325 1432 1379 καὶ
1455 1327 1564 1380 πᾶν
1589 1326 1652 1380 τὸ
1677 1326 1790 1380 κοῒ·

256 1408 357 1466 λον
387 1410 618 1475 κοτύλην
645 1411 851 1474 ἔλεγον.

171 1509 226 1550 15
366 1495 597 1558 Κύαθος,
630 1494 1008 1561 ἀντλητήριον,
1035 1495 1230 1560 μέτρον
1261 1494 1446 1558 ὑγροῦ.

364 1578 578 1644 Ξέςτης.
625 1579 924 1645 Ῥωμαϊκόν
951 1579 1056 1633 ἐςτι
1078 1580 1141 1633 τὸ
1172 1578 1369 1644 ὄνομα·
1399 1579 1496 1632 τὸν
1522 1578 1625 1642 γὰρ
1652 1578 1790 1643 παρ>

254 1663 377 1727 ἡμῖν
410 1663 466 1718 ἓξ
492 1662 712 1728 ἀριθμὸν
744 1662 897 1717 αὐτοὶ
927 1664 1140 1727 λέγουςι
1167 1663 1274 1718 ςέξ·
1303 1662 1387 1715 καὶ
1412 1662 1608 1727 μέτρου
1639 1661 1790 1716 τινὸς
1864 1650 1875 1653 ⁷
1903 1650 1908 1656 ⁵

255 1746 390 1810 παρ’
415 1745 599 1800 αὐτοῖς
634 1748 699 1800 τὸ
733 1748 888 1803 ἕκτον
915 1748 1126 1810 λέγεται
1160 1747 1370 1802 ςέξτον·
1409 1746 1495 1800 διὰ
1521 1747 1581 1800 δὲ
1605 1745 1787 1813 εὐφω-

255 1830 377 1886 νίαν
408 1831 471 1885 τὸ
502 1831 679 1897 ςέξτης
714 1833 922 1895 λέγεται
952 1832 1162 1898 ξέςτης,
1197 1831 1333 1885 κατὰ
1363 1829 1635 1896 μετάθεςιν
1673 1831 1790 1885 τῶν

169 1927 226 1972 2ο
255 1915 543 1981 ςτοιχείων.
606 1916 752 1971 οὕτω
786 1917 1079 1974 Φιλόξενος
1120 1916 1180 1971 ἐν
1224 1920 1302 1985 τῷ
1345 1915 1467 1981 περὶ
1509 1913 1787 1981 Ῥωμαίων

254 2000 547 2054 διαλέκτου.
598 1999 778 2067 Ὧρος.

361 2097 686 2168 Ὀβελίςκος]
735 2119 761 2153 ιιι
798 2101 918 2154 Ὅτι
967 2099 1166 2166 ὀβολὸς
1218 2099 1439 2164 ἐκλήθη,
1490 2097 1671 2162 ἐπειδὴ
1719 2096 1786 2151 τὸ

256 2181 483 2249 ἀρχαῖον
515 2183 579 2237 τὸ
613 2186 851 2249 χαλκοῦν
883 2184 1107 2249 νόμιςμα
1138 2185 1250 2238 τῶν
1285 2180 1580 2246 Ἀθηναίων
1613 2179 1782 2247 ὀβελί-

255 2282 382 2322 ςκον
411 2265 569 2333 εἶχεν.
622 2267 833 2322 Φώτιος
861 2267 1200 2333 πατριάρχης.
1250 2286 1276 2318 *
1302 2266 1526 2321 πάντων
1553 2267 1612 2320 δὲ
1637 2267 1785 2330 πρῶ-

171 2367 225 2410 25
255 2368 347 2406 τος
383 2351 595 2406 Φείδων
627 2352 863 2418 Ἀργεῖος
897 2351 1123 2419 νόμιςμα
1156 2350 1356 2417 ἔκοψεν
1382 2350 1441 2405 ἐν
1467 2348 1671 2420 Αἰγίνῃ·
1701 2350 1786 2404 καὶ

255 2424 386 2491 δοὺς
409 2436 473 2490 τὸ
499 2435 723 2503 νόμιςμα
741 2437 826 2491 καὶ
850 2436 1138 2503 ἀναλαβὼν
1164 2435 1293 2490 τοὺς
1313 2433 1635 2501 ὀβελίςκους,
1662 2434 1786 2490 ἀνέ-

257 2521 381 2585 θηκε
406 2524 469 2590 τῇ
495 2520 554 2575 ἐν
578 2521 758 2589 ’Ἀργει
791 2523 945 2590 Ἥρᾳ.
995 2521 1179 2587 ἐπειδὴ
1210 2521 1269 2573 δὲ
1296 2520 1419 2573 τότε
1445 2519 1496 2573 οἱ
1525 2518 1786 2584 ὀβελίςκοι

258 2605 354 2668 τὴν
381 2607 531 2670 χεῖρα
562 2605 851 2673 ἐπλήρουν,
875 2605 1110 2660 τουτέςτι
1139 2605 1236 2670 τὴν
1261 2604 1456 2671 δράκα,
1478 2603 1652 2670 ἡμεῖς,
1675 2602 1787 2656 καί-

374 2817 414 2856 5.
449 2813 618 2869 μέτρον
646 2815 821 2860 ςιτικόν
851 2830 965 2862 corr.
995 2818 1131 2872 Sym,
1163 2813 1456 2869 μεταςιτικὸν
1485 2815 1623 2868 vulgo
1738 2815 1811 2879 8.ι
1896 2823 1913 2842 “»

258 2881 498 2936 νομίςμαςι
529 2898 614 2927 em.
637 2887 888 2929 Schmidtius
920 2888 979 2930 ad
1007 2887 1212 2941 Hesych.
1232 2900 1274 2929 v.
1298 2897 1388 2939 χει,
1421 2882 1614 2936 ὸνόμαςι
1644 2884 1782 2938 vulgo

260 2954 332 3002 28.
361 2951 470 3000 δοὺς
501 2952 559 3001 τὸ
590 2954 786 3010 νόμιςμα
816 2955 911 3013 καὶ]
945 2956 1018 3002 διὰ
1047 2956 1107 3002 τὸ
1135 2955 1333 3013 νόμιςμα
1352 2954 1489 3011 vulgo
1512 2958 1619 2998 ante
1645 2953 1784 3007 Gaisf.
