1946 3220
317 123 421 179 104
714 145 716 148 ’
830 137 1231 173 PROLEGOMENA
1255 137 1312 171 m

314 256 510 318 primum
538 267 755 300 summam
780 251 1031 298 sententiae
1052 263 1175 296 meae
1196 262 1468 311 expromam.
1518 245 1627 298 C'um
1647 251 1843 299 Graecae
1912 239 1918 294 Ῐ

315 326 468 372 Italiae
488 324 690 371 civitates
717 322 830 369 aliae
856 321 956 367 aliis
979 320 1257 381 ponderibus
1284 320 1330 366 in
1360 323 1629 369 commercio
1654 330 1842 369 uteren-
1922 330 1939 344 ³

319 402 422 454 tur,
458 396 538 441 has
570 393 755 440 Romani
781 406 873 437 non
902 390 1224 450 aboleverunt,
1265 391 1343 436 sed
1373 399 1519 438 tamen
1544 394 1606 438 ita
1636 392 1840 454 paullum

315 468 633 521 immutarunt,
678 469 731 508 ut
759 477 834 508 eas
869 468 996 508 certo
1025 463 1258 508 unciarum
1295 475 1483 508 numero
1521 476 1572 507 ex
1611 477 1692 509 sua
1723 463 1839 509 libra·

316 535 570 582 definirent.
625 532 698 580 Sic
720 538 903 594 praeter
926 532 1122 578 Atticam
1148 533 1313 578 minam
1337 532 1428 578 XVI
1457 535 1688 579 unciarum
1706 570 1719 593 ,
1750 548 1839 594 qua

316 604 474 651 medici
509 602 698 649 maxime
735 603 982 649 utebantur
1008 598 1054 662 (S
1081 601 1182 661 81),
1219 603 1350 648 aliam
1385 617 1470 663 pro
1495 618 1582 649 usu
1608 604 1844 650 civitatum·

314 677 480 721 minam
511 673 892 730 faciebantXVlII
916 673 1180 731 unciarum,
1219 679 1315 718 tum
1351 687 1511 719 rursus
1546 673 1635 719 alio
1671 688 1725 720 ex
1751 664 1839 720 usu

314 744 494 791 tertiam
530 758 717 804 eamque
744 744 960 790 maiorem
987 745 1151 789 minam
1176 741 1250 788 XX
1275 745 1535 801 unciarum3
1574 744 1683 805 quin
1706 744 1845 790 etiam

314 817 481 861 minam
514 815 734 876 quandam
759 815 1140 861 Herculanensem
1167 813 1310 860 fuisse
1333 813 1463 860 XXVI
1486 816 1719 860 unciarum
1748 815 1840 860 sive

314 885 535 931 librarum
560 885 595 931 ΙΙ
628 891 672 930 et
708 886 926 931 sextantis
953 891 1236 945 compertum
1271 881 1547 944 habemus3).
1599 884 1717 931 Haec
1749 899 1845 930 non

316 956 464 1002 solum
494 956 728 1015 locorum,
764 956 842 1001 sed
874 956 1008 1001 etiam
1038 962 1291 1016 temporum
1317 954 1654 1001 discriminibus
1680 955 1847 1000 distin—

315 1027 493 1087 guenda
521 1040 621 1072 esse
648 1026 870 1072 videntur.
917 1026 1104 1072 Maxime
1134 1026 1254 1071 mina
1283 1026 1356 1071 XX
1382 1025 1646 1084 unciarum,
1677 1039 1792 1086 quae
1817 1040 1843 1071 e

315 1097 667 1158 centumpondio
691 1096 890 1143 Romano
917 1097 1033 1142 sacta
1054 1103 1142 1155 est,
1164 1096 1209 1140 in
1235 1096 1359 1142 Italia
1383 1096 1562 1156 quidem
1582 1096 1848 1156 posteriore

316 1167 493 1213 demum
522 1165 665 1213 aetate
694 1167 957 1227 pervulgata
986 1181 1086 1212 esse
1118 1167 1322 1225 videtur,
1364 1180 1633 1227 quamquam
1665 1166 1712 1211 in
1735 1165 1846 1211 Asia

317 1243 362 1282 et
385 1239 592 1298 Aegypto
630 1236 776 1282 simile
815 1237 1038 1297 quoddam
1074 1237 1252 1297 pondus
1289 1237 1541 1297 antiquitus
1568 1238 1615 1282 in
1640 1251 1726 1282 usu
1756 1236 1847 1282 fuit

316 1306 364 1365 (S
391 1307 478 1366 66).
516 1308 633 1353 Mina
661 1313 812 1353 autem
838 1306 1187 1368 sesquilibralis,
1213 1307 1435 1367 siquidem
1459 1321 1563 1352 vera
1589 1314 1660 1353 est
1683 1313 1844 1352 nostra

315 1377 510 1437 suspitio
545 1378 599 1423 de
634 1377 1047 1424 Herculanensibus
1081 1378 1386 1438 ponderibus,
1426 1378 1512 1423 iam
1557 1378 1640 1423 sub
1684 1377 1845 1437 primis

315 1447 669 1508 imperatoribus
700 1449 929 1508 reperitur
967 1447 1210 1507 eademque
1247 1454 1293 1493 et
1327 1447 1472 1494 multo
1510 1454 1641 1493 antea
1673 1449 1718 1492 in
1755 1461 1843 1493 usu

317 1517 459 1563 fuisse
486 1512 706 1576 videtur4)
742 1524 788 1563 et
812 1531 952 1579 porro
980 1518 1034 1563 ad
1060 1523 1271 1578 quartum
1304 1532 1447 1579 usque
1484 1517 1713 1564 saeculum
1739 1531 1847 1578 per·

317 1584 546 1647 mansit-5).

418 1657 583 1703 Verum
611 1664 761 1703 tamen
788 1665 948 1716 restat,
975 1665 1027 1704 ut
1055 1672 1109 1703 ex
1134 1658 1247 1719 ipsis
1272 1658 1549 1718 ponderibus
1576 1659 1722 1704 adhuc
1748 1672 1844 1703 ser·

315 1727 431 1773 vatis
469 1729 590 1774 mina
625 1727 960 1789 sesquilibralis
996 1729 1350 1774 demonstretur.
1430 1728 1510 1774 Est
1540 1743 1843 1775 marmoreum

315 1798 495 1857 pondus
516 1812 608 1843 non
629 1812 819 1858 prorsus
840 1799 1085 1858 integrum,
1112 1814 1137 1845 a
1152 1799 1473 1845 Montsaucono
1495 1799 1773 1859 descriptum
1783 1794 1842 1860 ⁶),

317 1867 438 1927 quod
463 1882 556 1913 non
596 1869 1108 1930 tamecentumpondium
1133 1869 1381 1915 Romanum
1411 1884 1543 1930 quam
1570 1869 1717 1915 minae
1748 1882 1847 1915 ses·

429 2032 476 2085 3)
507 2034 593 2074 Est
623 2032 847 2074 talentum
877 2033 1228 2074 Herculanense
1261 2032 1403 2087 (apud
1431 2032 1634 2075 Boeckh.
1663 2047 1706 2086 p.
1741 2031 1840 2085 182)

316 2090 516 2143 pondere
549 2103 735 2143 gramm.
777 2090 875 2131 fere
911 2091 1075 2142 42700,
1126 2089 1246 2130 unde
1285 2089 1337 2130 fit
1375 2090 1501 2130 mina
1540 2102 1726 2143 gramm.
1761 2090 1846 2130 712

316 2147 416 2187 sive
446 2146 685 2186 unciarum
715 2145 878 2187 XXVI.
939 2146 1070 2196 Quae
1107 2158 1216 2186 num
1254 2150 1454 2199 cognata
1493 2147 1555 2186 sit
1592 2145 1663 2185 illi
1691 2145 1845 2185 minae·

317 2202 372 2243 de
404 2214 494 2254 qua
523 2202 646 2243 infra
677 2200 721 2254 (ἓ
751 2202 826 2253 68)
868 2205 1140 2255 exponetur,
1191 2214 1281 2242 non
1319 2215 1470 2242 meum
1509 2205 1579 2243 est
1615 2201 1702 2242 hoc
1739 2200 1846 2243 loco

317 2271 372 2299 ex
406 2270 573 2298 ulrere.

377 2270 404 2310 q
427 2314 470 2364 4)
503 2314 603 2354 Non
633 2326 816 2367 possum
845 2313 932 2355 hoc
962 2312 1064 2355 Ioco
1084 2313 1323 2354 historiam
1345 2313 1573 2366 quandam
1592 2313 1844 2366 ponderum

316 2370 532 2411 scribere.
593 2370 705 2420 Sed,
739 2371 779 2410 si
818 2370 925 2423 quid
963 2370 1122 2421 video,
1166 2369 1249 2421 illa
1286 2371 1434 2422 mina,
1477 2383 1611 2422 quam
1649 2369 1844 2410 Romani

316 2439 418 2466 cum
456 2427 505 2466 in
544 2425 711 2467 Italiae
753 2426 1025 2478 quibusdam
1074 2426 1345 2467 civitatibus
1395 2427 1678 2476 invenirent,
1730 2438 1844 2465 suae

318 2482 621 2533 sesquilibrae
665 2484 1103 2535 aequiperaverunt,
1146 2486 1216 2522 est
1248 2483 1615 2535 antiquissimum
1645 2482 1844 2521 omnium

317 2537 492 2588 pondus
534 2551 588 2577 ex
624 2538 835 2592 Aegypto
875 2539 934 2579 ad
962 2538 1242 2590 Phoenices,
1283 2552 1416 2592 porro
1458 2538 1516 2578 ad
1544 2536 1842 2588 Babylonios,

316 2591 551 2642 Assyrios,
592 2593 760 2634 Persas
790 2595 1084 2646 translatum,
1126 2595 1336 2647 idemque
1377 2595 1517 2635 etiam
1556 2592 1844 2634 occidentem

317 2659 477 2687 versus
506 2654 824 2702 propagatum.
886 2650 1056 2692 Confier
1084 2650 1208 2690 infra
1238 2651 1262 2700 ἓ
1293 2652 1362 2692 65.
1818 2669 1820 2671 ·

430 2701 474 2754 5)
508 2703 562 2752 Q.
593 2704 759 2744 Junius
789 2707 1028 2758 Rusticus,
1061 2706 1328 2759 praefectus
1357 2706 1483 2756 urbi,
1516 2705 1646 2745 cuius
1677 2716 1843 2744 nomen

318 2756 494 2797 duobus
526 2771 581 2798 ex
610 2758 682 2798 his
712 2761 988 2812 ponderibus
1018 2763 1287 2815 inscriptum
1319 2765 1411 2814 est,
1460 2774 1561 2802 eum
1597 2761 1841 2812 magistra-

317 2816 413 2852 tum
444 2814 587 2865 gessit
618 2827 660 2853 a.
691 2828 735 2865 p.
769 2815 875 2858 Chr.
897 2819 994 2858 345.
1025 2819 1079 2859 V.
1112 2817 1367 2859 Corsinium
1399 2817 1453 2857 de
1484 2817 1738 2870 praefectis
1767 2828 1843 2855 ur-

315 2867 390 2909 bis
419 2867 564 2919 (Pisis
597 2870 722 2919 1766)
753 2883 798 2922 p.
830 2873 924 2912 205.

434 2923 477 2975 6)
509 2924 561 2965 V.
592 2925 797 2968 Boeekh.
828 2939 871 2978 p.
906 2930 1002 2968 174.
