1946 3220
351 179 454 231 110
863 189 1269 226 PROLEGOMENA
1295 191 1352 225 IN

348 309 488 355 menti
508 310 566 354 sit
591 307 644 353 ad
668 318 843 352 omnem
867 304 1117 364 ponderum
1142 303 1380 350 h1st0riam
1401 305 1778 364 cognoscendam,
1805 305 1875 351 di·
1924 303 1944 362 ’ἐζ

349 393 450 425 cere
489 380 557 423 vix
593 389 805 438 possum,
846 388 994 434 neque
1030 374 1075 419 in
1111 374 1368 435 praesentia
1403 389 1476 420 res
1509 375 1595 420 iam
1634 389 1688 420 eo
1724 389 1874 436 usque

350 448 573 508 exquisita
601 453 645 491 et
673 446 901 491 illustrata
928 451 1013 503 est,
1042 451 1093 490 ut
1121 444 1318 491 breviter
1342 445 1397 491 de
1425 459 1479 492 eo
1507 452 1773 505 argumento
1805 446 1874 491 di-

349 533 450 565 cere
485 518 633 563 liceat.-
682 515 768 561 Sed
801 516 889 561 hoc
926 529 1026 562 meo
1053 529 1123 561 me
1153 515 1252 561 iure
1284 516 1507 576 suspicari
1535 530 1674 577 posse
1700 516 1871 573 videor,

350 601 463 648 quae
497 587 617 632 mina
645 586 831 647 AssyrIa
870 592 914 631 et
936 584 1180 647 Babylonia
1208 592 1254 631 et
1277 586 1458 633 Persica
1483 587 1648 644 fuerit,
1686 586 1872 632 eandem

346 659 488 703 fuisse
522 658 816 718 Aegyptiam,
865 670 947 702 1166
987 671 1093 702 vero
1139 671 1162 702 a
1196 649 1346 702 Persis
1390 671 1486 703 eam
1532 657 1578 702 in
1614 658 1871 718 Aegyptum

349 727 615 774 translatam
651 741 777 786 esse,
821 727 900 774 sed
935 735 1093 774 contra
1127 727 1382 787 antiquitus
1406 727 1733 789 Aegyptiorum
1764 741 1872 787 pro-

345 799 490 859 priam
525 799 668 845 fuisse
706 804 842 858 atque
880 812 933 844 ex
955 799 1164 859 Aegypto
1205 798 1259 843 ad
1285 798 1416 844 Asiae
1452 805 1613 859 gentes
1649 805 1693 843 et
1729 811 1871 858 regna
1929 835 1932 838 .

344 870 597 916 traductam
636 882 749 915 esse,
804 867 945 924 Quam
980 870 1145 914 minam
1175 883 1276 914 cum
1301 868 1546 915 Ptolemaei
1584 868 1630 913 in
1661 869 1874 929 Aegypto

347 941 617 998 invenirent,
646 953 744 985 eam
770 953 860 985 non
886 941 1029 998 magis
1057 953 1188 999 quam
1212 940 1387 998 regium
1413 939 1615 986 cubitum
1641 945 1719 984 aut
1751 944 1870 984 arta-

346 1010 447 1056 bam
473 1010 785 1068 aboleverunt,
811 1010 887 1055 sed
909 1010 1021 1055 nihil
1041 1009 1128 1055 nisi
1149 1009 1284 1055 huius
1307 1011 1518 1070 antiquae
1542 1008 1873 1070 popularisque

346 1083 492 1126 minae
522 1087 690 1127 certam
722 1081 946 1126 rationem
972 1080 1026 1127 ad
1046 1081 1296 1126 nummaria
1319 1081 1523 1141 pondera
1554 1079 1868 1125 definiverunt.

345 1152 449 1197 Fuit
483 1151 624 1212 igitur
659 1151 705 1196 in
740 1152 948 1212 Aegypto
986 1151 1173 1211 perinde
1209 1157 1346 1212 atque
1378 1151 1567 1196 Athenis
1605 1163 1656 1196 ex
1688 1149 1873 1206 Solonis

345 1222 628 1282 temporibus
657 1222 780 1267 aliud
804 1221 1122 1279 nummarium,
1153 1212 1274 1267 aliud
1299 1220 1621 1268 mercatorium
1649 1229 1694 1266 et
1723 1234 1873 1281 popu-

345 1292 437 1337 lare
463 1292 658 1352 pondus.
708 1293 860 1352 Atque
890 1292 1078 1338 Athenis
1107 1292 1289 1352 quidem
1316 1305 1430 1352 quae
1457 1292 1574 1338 ratio
1599 1293 1719 1337 inter
1742 1305 1872 1336 num-

345 1362 485 1408 maria
514 1370 559 1407 et
585 1362 855 1408 mercatoria
881 1363 1083 1423 pondera
1112 1363 1448 1420 intercesserit,
1479 1369 1687 1409 accurate
1713 1362 1872 1421 cogni-

344 1440 442 1478 tum
468 1433 684 1478 habemus
698 1428 756 1491 3);
795 1433 850 1478 de
873 1435 1082 1494 Aegypto
1113 1433 1314 1478 nondum
1343 1432 1624 1494 exploratum
1653 1439 1748 1490 est,
1785 1446 1871 1477 1166

346 1509 495 1548 tamen
532 1517 618 1563 ego
654 1503 845 1564 despero
874 1504 1080 1549 futurum
1107 1517 1208 1549 esse
1236 1510 1287 1548 ut
1317 1504 1495 1564 quando
1527 1518 1578 1549 ea
1603 1503 1720 1549 ratio
1746 1503 1871 1548 inda-

343 1567 540 1633 getur4).

344 1753 416 1806 do,
450 1753 683 1806 descripta
715 1766 742 1793 a
771 1753 992 1796 Norrisio.
1051 1754 1167 1794 Tum
1205 1754 1261 1794 de
1299 1754 1357 1794 iis
1399 1755 1608 1807 exposuit
1638 1754 1815 1806 Queipo
1847 1754 1870 1794 I

342 1823 386 1862 p.
419 1811 657 1851 334——35o.
725 1809 958 1850 Nonnulla
997 1810 1055 1850 ad
1092 1811 1212 1850 idem
1252 1817 1568 1865 argumentum
1609 1823 1694 1863 ego
1734 1809 1871 1850 attuli

340 1866 390 1905 in
417 1866 716 1907 Fleckeiseni
752 1866 918 1906 Annal.
959 1866 1116 1919 philol.
1159 1880 1201 1908 a.
1244 1868 1352 1907 1862
1392 1881 1438 1920 p.
1478 1868 1560 1908 387
1593 1879 1651 1908 ss,
1716 1866 1863 1916 Unde,

346 1934 465 1975 quae
510 1922 758 1976 ponderum
802 1922 878 1963 vel
917 1923 1206 1976 Assyriorum
1243 1923 1320 1965 vel
1350 1924 1707 1976 Babyloniorum
1739 1923 1870 1975 quasi

341 1991 499 2018 norma
547 1979 711 2031 fuerit,
764 1979 856 2019 iam
895 1979 1096 2020 dubitari
1133 1993 1222 2020 non
1259 1983 1427 2033 potest.
1486 1981 1660 2032 Nempe
1705 1980 1868 2019 maiori

341 2035 494 2075 minae
525 2035 772 2076 tribuenda
804 2039 908 2076 sunt
939 2049 1126 2088 gramm.
1161 2038 1290 2087 1020,
1323 2036 1485 2076 minori
1516 2037 1613 2077 sive
1647 2035 1865 2076 dimidiae

342 2103 531 2143 gramm.
554 2093 650 2134 510.
689 2093 830 2132 Porro
863 2105 979 2145 quae
1013 2105 1068 2132 ex
1097 2092 1260 2132 iisdem
1290 2092 1567 2145 ponderibus
1600 2092 1658 2132 ad
1688 2104 1867 2132 omnem

340 2150 548 2188 veterum
597 2160 692 2187 rem
740 2149 1040 2188 nummariam
1091 2148 1407 2189 concludenda
1451 2150 1563 2200 sint,
1606 2147 1776 2196 adhuc,
1814 2151 1867 2189 ut

343 2203 494 2254 aiunt,
535 2203 619 2244 sub
658 2203 901 2245 iudicetis
933 2209 1023 2245 est:
1064 2208 1240 2252 tamen,
1280 2206 1319 2245 si
1360 2205 1470 2258 quid
1508 2204 1666 2255 video,
1706 2217 1865 2246 verum

340 2259 498 2301 inveni
526 2272 617 2300 non
650 2272 734 2314 ego
768 2260 814 2311 (l.
850 2260 927 2314 e.),
959 2261 1041 2301 sed
1070 2261 1399 2313 Mommsenus,
1451 2262 1528 2314 qui
1565 2261 1723 2314 paullo
1763 2264 1868 2313 post

342 2315 397 2356 de
431 2329 487 2356 ea
517 2329 565 2356 re
605 2316 831 2369 quaedam
870 2318 1075 2358 breviter
1112 2318 1304 2358 tradidit
1337 2317 1396 2369 (v.
1431 2318 1714 2369 Grenzboten,
1751 2317 1865 2358 Zeit-

339 2373 497 2424 sckrz'ft
519 2373 599 2424 fiir
627 2373 756 2414 Polic.
788 2386 829 2416 u.
861 2373 949 2413 Lit.
985 2372 1093 2414 1863
1123 2388 1168 2428 Ρ,
1200 2375 1282 2414 395
1314 2373 1409 2426 ss.).
1662 2396 1672 2402 —

454 2428 497 2479 3>
528 2430 583 2472 V.
613 2429 793 2471 Metrol.
824 2443 868 2482 p.
902 2431 995 2473 108.
1030 2431 1240 2473 138—40.

452 2484 497 2536 4)
528 2486 721 2526 Duabus
752 2486 945 2526 diversis
985 2487 1241 2527 rationibus
1284 2499 1369 2539 ego
1402 2487 1460 2527 ad
1493 2486 1683 2527 eandem
1714 2487 1863 2539 suspi-

341 2541 512 2580 tionem
543 2541 763 2582 deductus
794 2555 913 2594 sum,
955 2543 1127 2583 minam
1158 2545 1394 2595 antiquam
1427 2557 1454 2583 a
1474 2542 1754 2583 Ptolemaeis
1785 2543 1862 2583 de·

341 2595 518 2635 finitam
559 2610 659 2638 esse
692 2600 772 2639 135
803 2598 1034 2639 drachmis
1063 2599 1360 2640 Ptolemaieis
1391 2599 1668 2641 nummariis.
1731 2598 1861 2649 Quae

343 2652 430 2691 etsi
461 2664 766 2706 praepropere
799 2658 844 2695 et
873 2669 921 2696 re
953 2656 1150 2696 nondum
1180 2657 1295 2695 satis
1328 2656 1383 2696 ab
1415 2656 1621 2696 omnibus
1651 2655 1862 2708 partibus

343 2719 544 2759 expensa
574 2709 726 2761 eloqui
755 2723 934 2762 vereor,
968 2715 1145 2764 tamen,
1179 2717 1230 2752 ut
1261 2711 1342 2752 alii
1370 2711 1574 2751 habeant
1595 2711 1759 2764 quibus
1782 2715 1863 2752 aut

342 2764 656 2803 assentiantur
699 2770 780 2805 aut
816 2768 1129 2822 refragentur,
1171 2781 1314 2819 1111116,
1357 2767 1519 2820 quibus
1551 2767 1860 2807 fundamentis

339 2831 444 2859 mea
474 2819 648 2859 nitatur
679 2822 968 2876 coniectura,
999 2827 1047 2864 in
1077 2824 1226 2865 medio
1256 2836 1522 2877 proponam.
1582 2824 1712 2864 Prior
1741 2825 1859 2864 ratio

339 2875 457 2914 haee
490 2878 580 2914 est:
630 2875 742 2916 Esto
772 2877 810 2916 A
841 2881 986 2920 maior
1024 2883 1148 2920 mina
1178 2881 1381 2932 Assyria.
1438 2881 1510 2920 Ex
1546 2879 1636 2920 hac
1671 2880 1858 2920 Momm-

341 2932 440 2971 seni
471 2930 640 2971 iudicio
680 2933 797 2972 facti
836 2940 939 2974 sunt
979 2937 1191 2989 argentei
1231 2940 1427 2976 stateres
1460 2939 1528 2978 90.
1587 2936 1734 2976 Huius
1766 2939 1858 2976 sta-

339 2987 450 3027 teris
480 2999 587 3039 pars
618 2989 757 3028 tertia
788 2989 876 3029 fuit
905 2992 1191 3033 Ptolemaiea
1222 2993 1454 3036 drachma.
1501 2992 1710 3044 Denique
1739 2991 1857 3032 haee
