1946 3220
314 157 339 207 1
351 155 414 207 18
839 168 1223 204 PROLEGOMENA
1247 169 1303 203 IN

312 286 619 332 didrachmum
646 282 886 343 significet,
911 281 1178 328 Hebraicum
1201 280 1419 328 talentum
1441 288 1620 329 constat
1638 281 1693 328 111
1711 279 1835 329 milia

222 386 231 397 s
314 355 529 402 siclorum
557 353 770 399 habuisse
797 352 1025 412 Tyrioque
1059 353 1151 398 sive
1175 350 1450 399 Ptolemaico
1481 351 1651 410 talento
1688 352 1832 399 altero

316 432 442 472 tanto
480 424 623 470 maius
662 424 820 468 fuisse.
869 424 1018 482 Atque
1047 428 1193 468 exstat
1222 422 1444 469 eiusmodi
1473 423 1653 484 pondus
1683 423 1837 469 admo-

314 497 419 541 dum
447 492 752 551 memorabile,
779 492 902 554 quod
921 492 1269 539 Montfauconus
1295 488 1604 554 descripsit⁴)‚
1630 494 1708 539 ubi
1733 507 1836 539 cum

314 566 583 624 inscriptum
625 565 684 609 sit
717 562 912 609 PONDO.
950 561 1107 609 CXXV.
1145 562 1442 609 TALENTVM
1469 563 1741 610 SICLORVM
1765 563 1836 620 ΙΙΙ,

313 634 452 681 habes
498 634 648 694 ipsum
682 633 949 680 Hebraicum
997 632 1220 679 talentum
1265 634 1453 695 eiusque
1501 634 1556 680 ad
1587 634 1838 680 Romanum

314 704 548 750 denarium
605 704 980 751 aestimationem.
1065 703 1153 749 Sed
1208 710 1261 749 ut
1319 705 1490 750 iustum
1536 703 1837 751 ptolemaicae

314 775 551 821 drachmae
594 775 775 837 pondus
816 773 985 836 paullo'*
1016 775 1162 820 maius
1211 774 1298 820 fuit
1338 788 1391 821 eo
1430 775 1614 821 denario
1652 775 1731 835 qui
1768 780 1840 820 est

314 847 473 892 unciae
501 852 656 892 octava
681 860 813 906 pars,
846 847 974 891 cuius
1005 844 1225 891 talentum
1251 845 1360 892 facit
1387 844 1527 891 libras
1553 845 1664 890 LXII
1687 849 1748 903 5,
1775 846 1840 890 ita

315 922 520 963 exactum
543 915 750 962 Hebraici
778 915 934 962 talenti
960 916 1138 977 pondus
1166 915 1288 961 illam
1316 916 1674 961 aestimationem
1702 930 1726 961 a
1750 915 1839 960 Ro-

315 987 459 1032 manis
495 987 657 1033 factam
692 988 937 1047 superavit.
1002 985 1144 1044 Quid,
1185 986 1309 1047 quod
1343 986 1562 1046 Iosephus
1598 986 1716 1032 idem
1754 984 1840 1030 He-

314 1058 554 1103 braeorum
583 1057 802 1103 talentum
828 1056 858 1102 C
881 1056 1053 1103 Atticas
1083 1057 1244 1115 minas,
1271 1058 1358 1103 hoc
1384 1064 1454 1102 est
1472 1056 1671 1102 CXXXIII
1697 1055 1840 1101 libras

315 1128 564 1187 RomanaS‚
596 1127 809 1174 habuisse
841 1126 1080 1187 significat,
1114 1134 1175 1185 et,
1209 1127 1331 1188 quod
1355 1127 1410 1173 ad
1436 1127 1553 1173 idem
1582 1127 1676 1173 fere
1705 1126 1840 1183 redit,

315 1198 507 1257 singulis
536 1199 668 1244 minis
704 1198 843 1244 libras
869 1198 960 1245 115
987 1198 1146 1244 tribuit
1158 1194 1221 1262 ⁵).?
1277 1197 1389 1244 Hinc
1425 1197 1532 1243 olim
1560 1204 1763 1244 exactum
1795 1202 1841 1242 et

315 1268 568 1327 legitimum
597 1268 805 1314 Hebraici
832 1267 989 1314 talenti
1016 1269 1195 1329 pondus
1218 1282 1410 1328 prorsus
1437 1268 1491 1314 ad
1517 1267 1839 1314 Ptolemaicam

315 1340 539 1385 rationem
586 1339 924 1386 accomodatum
964 1339 1108 1385 fuisse
1150 1334 1403 1401 videtur⁶);
1443 1352 1597 1383 verum
1636 1338 1840 1395 Romani,

315 1423 417 1455 cum
444 1409 593 1456 omnia
624 1409 810 1456 illorum
843 1408 1118 1455 talentorum
1144 1423 1312 1469 genera
1337 1423 1360 1453 e
1386 1410 1569 1454 denario
1596 1422 1679 1454 suo
1707 1407 1844 1454 aesti·
1910 1415 1913 1416 ’

315 1486 515 1537 marem,
539 1486 645 1540 post
662 1480 853 1526 Neronis
879 1485 1071 1526 aetatem
1099 1482 1233 1525 etiam
1249 1479 1518 1526 Hebraicum
1540 1479 1762 1525 talentum
1788 1478 1843 1524 ad

315 1549 454 1596 libras
482 1549 624 1597 CXXV
649 1551 942 1611 redegerunt.
1158 1559 1160 1562 ’

445 1702 511 1743 De
541 1703 700 1743 talento
730 1701 1012 1742 Antiochensi
1034 1701 1240 1754 populari
1267 1702 1488 1755 alteroque
1519 1701 1716 1754 liynario.

233 1787 299 1836 69
372 1843 375 1844 ⁷
425 1789 517 1836 Hac
552 1789 764 1850 longiore
792 1788 1059 1849 quaestione
1093 1789 1148 1835 de
1175 1789 1314 1834 variis
1350 1795 1397 1834 et
1417 1789 1612 1849 Aegypti
1638 1793 1685 1833 et
1711 1787 1844 1832 Asiae

315 1859 593 1920 ponderibus
622 1860 834 1906 instituta
858 1860 1273 1906 commodissimum
1297 1859 1500 1918 videtur,
1529 1865 1581 1904 ut
1610 1872 1683 1903 res
1711 1872 1845 1918 quam

317 1932 581 1977 brevissime
617 1930 905 1990 absolvatur,
948 1932 1099 1976 statim
1137 1944 1434 1990 quaecunque
1473 1937 1710 1989 praeterea
1735 1928 1846 1974 scri-

317 2008 475 2062 ptores
500 2008 673 2047 veteres
700 2001 756 2047 de
782 2015 836 2047 eo
864 2007 1132 2062 argumento
1160 2001 1344 2046 tradunt
1370 2000 1444 2046 hic
1466 2013 1744 2060 proponere.

317 2125 502 2166 schiclzte
533 2125 613 2165 der
642 2124 744 2175 jad.
777 2124 963 2165 Mn’nzen
994 2121 1205 2176 (Breszau
1233 2121 1359 2174 1862)
1400 2136 1444 2176 p.
1483 2123 1540 2163 40
1571 2134 1631 2162 ss.
1663 2119 1769 2162 coll.
1801 2134 1847 2174 p.

320 2182 403 2223 155
433 2193 471 2223 s,

431 2237 476 2288 4)
507 2233 749 2290 Antiquitel
780 2233 1021 2290 expliquee
1051 2248 1138 2289 par
1156 2235 1458 2276 Montfaucon
1487 2233 1579 2278 vol.
1602 2234 1674 2275 ΙΙΙ
1694 2246 1738 2287 p.
1765 2233 1846 2274 169

317 2308 345 2348 p
433 2349 477 2400 5)
509 2350 642 2390 Haec
673 2349 860 2403 egregie
894 2347 1143 2401 explanata
1174 2351 1281 2389 sunt
1312 2361 1340 2388 a
1368 2346 1605 2388 Boeckhio
1636 2360 1680 2400 p.
1712 2346 1780 2386 52.

434 2406 478 2459 6)
512 2406 562 2446 Si
599 2418 756 2447 verum
795 2408 864 2445 est
904 2405 1021 2457 quod
1060 2418 1199 2458 supra
1229 2403 1469 2445 statuimus
1502 2405 1544 2455 (ξ
1575 2404 1629 2444 66
1662 2402 1765 2443 adn.
1797 2399 1846 2450 3)

321 2461 635 2503 Ptolemaicas
666 2461 907 2502 drachmas
938 2463 962 2501 6
996 2465 1161 2501 exacta
1191 2461 1369 2501 ratione
1402 2460 1572 2501 fecisse
1593 2459 1772 2499 Atticas
1803 2459 1844 2508 5,

320 2519 449 2571 sique
481 2520 649 2559 iustum
680 2518 962 2558 Hebraicum
1001 2517 1227 2558 talentum
1266 2516 1402 2570 duplo
1441 2516 1727 2557 Ptolemaico
1767 2526 1847 2554 ae-

323 2574 457 2625 quale
503 2575 648 2615 fuisse
678 2578 806 2615 recte
853 2574 1190 2624 existimamus,
1237 2574 1464 2626 sequitur,
1511 2577 1565 2612 ut
1606 2570 1847 2611 Hebraica

322 2631 446 2669 mina
483 2630 661 2670 Atticas
701 2631 873 2683 pendat
903 2631 1051 2672 minas
1084 2628 1137 2685 1}
1167 2631 1283 2682 (sive
1313 2629 1460 2669 libras
1491 2626 1566 2683 2}‚
1608 2628 1689 2668 ubi
1718 2627 1847 2667 Iose-

323 2685 437 2737 phus
470 2686 616 2725 minus
649 2692 866 2727 accurate
898 2686 995 2741 2233
1039 2688 1288 2739 eademque
1327 2685 1505 2726 ratione
1543 2683 1718 2724 talento
1749 2683 1846 2722 He—

323 2741 483 2781 braico
523 2743 801 2782 conveniunt
839 2745 990 2783 minae
1029 2743 1214 2783 Atticae
1255 2744 1348 2782 100.
1410 2741 1517 2780 Fuit
1556 2741 1697 2793 igitur
1736 2738 1847 2779 olim

322 2797 491 2836 iustum
511 2796 734 2837 Hebraici
766 2799 933 2839 talenti
953 2800 1127 2852 pondus
1148 2798 1315 2852 kilogr.
1336 2799 1452 2850 43‚6,
1483 2797 1636 2837 minae
1660 2809 1725 2848 gr.
1749 2795 1847 2836 725.

324 2854 455 2893 Haec
494 2857 655 2904 postea
693 2854 887 2894 Romani
917 2856 1260 2902 imminuerunt,
1310 2867 1411 2894 cum
1453 2853 1680 2893 talentum
1721 2851 1847 2891 face-

324 2915 426 2949 rent
446 2908 610 2961 kilogr.
632 2910 702 2959 41,
735 2911 902 2950 minam
924 2925 987 2964 gr.
1011 2913 1107 2952 682.
1150 2910 1365 2951 Ceterum
1397 2921 1693 2950 commemoro
1724 2908 1847 2948 idem

323 2965 547 3006 talentum
568 2964 687 3004 inter
702 2965 1070 3007 Herculanensia
1092 2967 1298 3021 pondera*
1317 2970 1497 3007 exstare
1522 2964 1564 3017 (ἓ
1586 2967 1638 3006 61
1665 2963 1767 3004 adn.
1783 2962 1846 3016 3).
