1946 3220
324 159 394 212 90
848 172 1234 209 PROLEGOMENA
1257 172 1312 208 m

324 289 587 351 explicatur.
637 288 745 337 Nam
778 287 928 332 Attica
962 286 1109 344 mina,
1147 300 1263 346 quae
1291 286 1385 332 XVI
1409 287 1566 333 uncias
1592 288 1685 333 sive
1709 301 1845 334 unam

323 360 482 406 libram
508 366 552 404 et
583 358 793 403 trientem
816 356 977 412 habet,
1003 357 1216 402 convenit
1241 370 1341 402 cum
1371 357 1561 418 proprio
1589 357 1846 404 Atticorum

326 431 494 476 talento
516 429 637 488 quod
656 428 746 474 fuit
773 427 1008 486 octoginta
1033 425 1253 473 librarum
1277 426 1576 474 Romanarum
1587 422 1637 487 ⁴).
1668 427 1846 474 Vetusti

322 501 464 560 igitur
493 498 630 544 Attici
657 498 815 543 talenti
842 498 1057 543 memoria
1081 511 1137 551 ne
1161 503 1324 557 quarto
1352 498 1533 558 quidem
1561 497 1741 545 saeculo
1771 497 1842 544 vel

324 572 480 630 quinto
508 575 614 628 post
640 567 756 629 Chr.
778 583 822 613 n.
861 567 980 628 apud
1017 567 1218 614 medicos
1253 567 1513 614 oblitterata
1545 575 1656 614 erat.
1716 566 1846 623 Quod

323 639 505 699 egregie
541 638 838 685 confirmatur
873 638 1136 684 testimonio
1172 638 1486 685 Dioscorideae
1521 639 1699 686 tabulae
1729 638 1844 699 (cap.

320 710 428 768 xlv,
455 707 525 767 8):
563 703 595 768 ἡ
622 706 725 769 μνᾶ
761 704 894 757 κατὰ
928 705 1026 768 τὴν
1061 702 1294 768 ἰατρικὴν
1331 706 1512 769 χρῆεῑν
1543 702 1660 767 ἄγει
1693 706 1734 758 Ιὶῗ
1763 699 1845 768 ις’,

321 780 366 825 h.
394 794 433 826 e.
462 779 739 826 medicorum
765 782 811 825 in
840 794 927 825 usu
955 786 1080 824 vetus
1100 779 1248 825 Attica
1273 780 1394 825 mina
1419 779 1697 826 servabatur.
1728 778 1846 834 Quid

323 857 471 896 autem
499 850 553 895 de
578 851 803 912 Aegyptia
840 851 958 896 mina
992 856 1272 908 statuamus,
1302 863 1419 910 quae
1444 849 1644 911 aequalis
1669 849 1846 897 Atticae

323 934 423 967 esse
456 921 663 966 dicatur?
713 921 952 982 Nunquam
981 921 1310 981 Aegyptiorum
1354 921 1525 966 nummi
1560 921 1615 966 ad
1649 920 1844 967 Atticam

322 1005 528 1038 normam
553 991 661 1037 sacti
687 999 819 1050 sunt,
847 999 893 1037 et
918 991 1090 1036 diversa
1117 990 1392 1043 Ptolemaica
1427 991 1545 1037 mina
1573 991 1661 1037 fuit
1685 990 1739 1037 ab
1766 991 1846 1036 At-

326 1063 426 1108 tica.
485 1061 574 1108 Nec
607 1076 714 1108 vero
751 1062 840 1108 hoc
871 1062 972 1108 loco
1002 1061 1224 1123 Aegyptia
1257 1061 1378 1107 mina
1412 1062 1602 1122 proprie
1631 1067 1702 1108 est
1731 1061 1847 1108 acci-

322 1133 508 1193 pienda⁷
533 1133 610 1178 sed
634 1132 754 1179 dicta
779 1146 863 1192 pro
893 1133 1054 1178 Attica.
1113 1132 1233 1178 Unde
1259 1132 1348 1178 hoc
1373 1132 1578 1178 factum?
1633 1132 1847 1178 Memine-

322 1203 411 1260 ris‚
460 1215 655 1263 quaeso,
703 1203 811 1248 artis
853 1203 1100 1249 medicinae
1139 1203 1289 1248 sedem
1322 1209 1369 1248 et
1402 1202 1532 1262 quasi
1569 1201 1848 1249 domicilium

322 1274 426 1318 inde
465 1287 489 1318 a
522 1273 887 1319 Ptolemaeorum
927 1287 1070 1331 regno
1110 1286 1258 1333 usque
1309 1273 1363 1319 ad
1404 1274 1602 1333 Augusti
1643 1279 1848 1333 tempora

320 1341 634 1390 Alexandriam
659 1342 820 1397 fuisse;
848 1344 1006 1389 medici
1033 1350 1182 1390 autem
1213 1343 1502 1389 Alexandrini
1530 1343 1679 1390 Attico
1707 1344 1847 1389 maxi-

322 1426 393 1458 me
418 1414 616 1474 pondere
643 1414 909 1460 utebantur:
940 1420 1219 1474 quapropter
1244 1428 1336 1460 non
1370 1416 1534 1471 mirum
1558 1421 1628 1459 est
1648 1414 1846 1460 Atticam

322 1485 488 1529 minam
516 1485 650 1530 etiam
677 1485 943 1545 Aegyptiam
971 1484 1072 1530 dici.

428 1555 629 1615 Denique
656 1554 701 1599 in
724 1555 921 1600 Romana
947 1554 1024 1599 illa
1050 1555 1169 1600 mina
1195 1556 1267 1601 cui
1295 1555 1366 1601 XX
1394 1556 1553 1601 unciae
1580 1554 1845 1600 tribuuntur

323 1624 582 1684 explicanda
621 1638 678 1670 ne
719 1631 901 1685 praeter
936 1625 1250 1671 necessitatem
1295 1627 1587 1671 inmoremur.
1647 1624 1756 1671 Nam
1792 1637 1846 1672 ea

323 1709 396 1740 res
422 1695 606 1754 egregie
632 1710 656 1741 a
681 1691 948 1755 Boeek11i05)
973 1694 1199 1742 illustrata
1226 1701 1309 1742 est.
1340 1695 1559 1741 Nimirum
1583 1696 1844 1756 posteriore

323 1771 469 1811 aetate
497 1790 567 1799 --
593 1771 706 1825 puto
733 1766 938 1826 equidem
966 1781 990 1811 a
1020 1772 1182 1826 quarto
1209 1766 1313 1812 inde
1339 1766 1519 1813 saeculo
1551 1790 1611 1799 —
1641 1772 1844 1811 eentum-

322 1835 539 1895 pondium
569 1835 818 1882 Romanum
854 1837 987 1882 etiam
1016 1836 1175 1882 talenti
1207 1836 1343 1882 modo
1372 1836 1570 1883 dividere
1597 1849 1844 1883 consueve-

321 1913 443 1951 runt.
493 1905 566 1952 Sic
592 1907 766 1953 exstitit
791 1909 1069 1968 sexagesima
1094 1922 1199 1967 pars
1225 1907 1317 1953 sive
1344 1909 1482 1966 mina,
1511 1920 1624 1967 quae
1649 1905 1844 1953 habebat

320 1975 484 2023 libram
516 1976 760 2022 Romanam
791 1992 924 2022 unam
963 1992 1066 2023 eum
1102 1978 1233 2023 besse
1270 1979 1362 2022 sive
1389 1977 1544 2024 uncias
1578 1977 1667 2022 XX.
1721 1975 1843 2031 Quae

322 2052 374 2173 pst
397 2045 484 2091 hoe
507 2044 610 2176 1⁰03
635 2042 896 2107 Ῥωμαϊκή
912 2085 924 2107 ,
959 2047 1022 2093 ita
1049 2046 1104 2093 ab
1133 2048 1386 2108 Epiphanio
1415 2042 1629 2107 Ἰταλικὴ
1655 2053 1843 2093 vocatur

360 2130 395 2160 r.
422 2117 503 2175 82,
531 2119 587 2158 44
611 2151 620 2160 .

806 2254 872 2294 De
901 2255 1105 2294 mensuris
1134 2256 1351 2307 liquorum.

238 2344 301 2393 52
423 2339 482 2385 De
510 2342 733 2386 mensuris
761 2341 798 2386 is
826 2343 903 2401 qui
938 2341 1051 2387 hanc
1087 2342 1417 2402 expositionem
1447 2340 1632 2402 scripsit
1663 2339 1842 2388 duobus
1922 2378 1928 2384 .

322 2409 544 2470 capitibus
571 2409 642 2469 (IV
667 2418 713 2456 et
738 2410 789 2469 V)
815 2411 1014 2456 disserit.

427 2479 624 2525 Primum
650 2494 887 2528 mensuras
911 2482 1142 2542 liquorum
1168 2496 1358 2542 prorsus
1385 2496 1410 2528 e
1435 2481 1739 2527 Romanorum
1766 2494 1840 2526 ra·

325 2549 448 2593 tione
474 2550 703 2597 describit.
753 2552 862 2598 Nam
890 2547 952 2600 τὸ
977 2547 1225 2601 Ἰταλικὸν
1251 2547 1499 2612 κεράμιον
1526 2558 1596 2597 est
1622 2551 1840 2610 amphora

322 2617 545 2676 Romana,
580 2635 693 2679 quae
719 2621 808 2667 VIII
834 2617 967 2682 χόα(
1001 2624 1092 2668 sive
1126 2622 1316 2682 congios
1352 2622 1501 2667 habet.
1552 2621 1725 2681 Congio
1762 2634 1841 2666 au·

327 2693 412 2731 tem
435 2687 487 2731 VI
513 2691 694 2735 sextarii
734 2693 1019 2739 conveniunt.
1075 2693 1260 2738 Dimidia
1295 2693 1477 2738 sextarii
1515 2705 1619 2752 pars
1654 2690 1838 2750 vulgato

435 2851 480 2902 4)
513 2851 676 2905 Multip
679 2853 772 2893 lica
801 2854 965 2896 libram
997 2856 1051 2910 1315
1082 2869 1183 2898 eum
1212 2858 1288 2909 60,
1320 2859 1370 2897 ut
1401 2869 1425 2896 e
1456 2855 1581 2896 mina
1611 2855 1840 2896 talentum

324 2905 423 2946 fiat·
455 2907 600 2948 habes
631 2908 774 2948 libras
805 2910 1036 2952 Romanas
1066 2914 1139 2954 80.
1198 2912 1330 2953 Conf.
1363 2911 1540 2953 Metrol.
1571 2925 1614 2964 p.
1647 2913 1742 2952 147.

437 2963 577 3013 5.)M
614 2965 664 3006 [l.
694 2978 738 3017 p
772 2966 852 3005 299
886 2979 918 3006 s.
982 2967 1114 3011 Conf.
1146 2970 1285 3009 etiam
1319 2967 1576 3008 Christium.
1609 2981 1653 3021 p.
1687 2970 1739 3009 77
1771 2981 1808 3010 S.
