1946 3220
119 0 138 13 ν
235 0 468 24 νυ*
477 0 523 28 »ψ
532 0 724 25 ‹rr-*NJ
737 0 782 14 ⁷*-
870 0 958 18 w
982 0 1213 26 ‹ww-⁶⁶<
1226 0 1448 29 “rw-iar
1457 0 1598 40 ww
1645 21 1662 27 2

291 27 293 29 ’
310 23 313 30 “
338 33 343 38 ·
386 23 401 29 ””
416 40 427 45 ,,
563 30 566 34 ’
679 31 682 33 ·
967 30 970 35 ’
1219 25 1222 27 ’
1360 26 1363 29 ’
1391 30 1401 40 ¹>-
1426 40 1442 44 fv
1479 25 1502 33 χ’
1533 26 1567 43 ζ““’
1651 31 1666 47 1·
1700 46 1703 50 ,
1735 37 1743 43 ..

134 54 138 61 ”
1765 59 1770 69 ³

210 153 214 157 ’
283 170 286 171 ’
306 151 376 204 42
825 167 1210 203 PROLEGOMENA
1244 168 1298 204 m

307 276 686 342 παραπληείω(
717 288 800 327 cet.
831 276 876 340 (S
911 281 974 328 13
1000 298 1072 322 =
1095 281 1150 327 fr.
1178 282 1272 338 81,
1301 283 1332 329 3
1369 297 1430 328 vs.
1457 283 1521 342 9).
1585 284 1663 331 Hic
1697 287 1814 332 enim

307 355 352 398 in
378 352 669 397 Alexandrina
699 350 850 397 tabula
876 359 920 396 et
945 359 1160 411 corrupte
1184 359 1229 398 et
1256 352 1412 398 mutile
1435 353 1603 413 scripta
1633 348 1735 403 ἔετῑ
1758 351 1816 404 δὲ

306 417 336 469 ὁ
362 417 614 480 μετρητὴς
641 415 1108 481 ἐλαιρὸε.Ἶ’“δυνατὰ
1134 417 1274 482 ἔχων
1300 414 1376 476 ις’.
1425 419 1508 471 καὶ
1530 420 1759 472 καλεῖται
1782 420 1813 474 ὁ

304 504 370 551 μο
409 485 609 546 {meum
649 491 807 537 Calvus
842 498 989 538 autem
1020 492 1164 538 multo
1189 491 1320 553 plura
1347 494 1393 539 in
1421 493 1538 540 libro
1572 508 1654 540 suo
1681 495 1815 555 legit:

304 567 523 607 metr-eles
556 569 714 607 autem
741 564 954 608 olearias
979 564 1118 608 huius
1149 564 1322 623 duplus
1350 573 1443 622 est,
1483 572 1676 612 caetera
1701 579 1816 611 vero

306 633 622 679 concordant.
680 647 821 692 quam
847 638 972 679 enim
1003 639 1409 693 comparationem
1438 639 1732 681 rationemve
1758 637 1816 682 li-

304 703 420 748 brae
449 704 640 762 pondus
665 705 732 748 ad
769 718 926 750 mnam
962 705 1126 763 habet,
1162 705 1318 751 librae
1351 719 1578 752 mensura
1615 709 1816 754 eandem

303 774 369 818 ad
407 775 613 820 cotulam
644 773 809 832 habet,
849 779 1058 821 sextarii
1083 778 1273 822 scilicet
1295 785 1521 823 mestaeve
1548 777 1815 824 dimidium.

301 843 568 890 Medimnas
593 851 754 890 autem
779 844 968 891 Atticus
993 846 1177 891 modios
1201 860 1288 891 sex
1314 847 1512 893 Italicos
1539 852 1686 906 capit.
1713 860 1813 894 mo-

302 915 411 960 dius
445 922 604 961 autem
638 917 832 962 bectens
859 923 1088 962 vocatur.
1161 917 1208 962 In
1245 918 1315 963 his
1351 931 1464 978 quae
1497 917 1551 963 de
1590 918 1812 965 medimno

299 984 514 1045 leguntur
554 986 650 1032 sine
687 987 823 1032 dubio
862 1002 965 1033 vera
996 1002 1047 1033 ac
1081 988 1276 1047 genuina
1312 996 1439 1034 sunt:
1486 988 1602 1033 unde
1637 989 1813 1050 reliqua

300 1058 434 1102 ctiam
470 1071 583 1116 quae
610 1057 767 1102 Calvus
802 1058 922 1103 addit
962 1058 1140 1103 minime
1178 1058 1429 1118 spernenda
1465 1072 1566 1104 csse
1607 1068 1807 1119 apparet.

298 1127 413 1172 Dixit
451 1135 581 1172 antea
617 1129 812 1187 scriptor
836 1128 1160 1173 Alexandrinae
1192 1128 1369 1174 tabulae
1395 1129 1592 1188 itemque
1618 1131 1655 1174 is
1683 1142 1814 1189 quem

299 1196 457 1242 Calvus
483 1199 706 1257 expressit
731 1211 965 1244 mensuras
988 1198 1178 1244 olearias
1201 1213 1224 1244 a
1244 1199 1592 1259 centumpoudio
1615 1199 1813 1245 Romano

297 1268 571 1327 principium
607 1267 783 1313 habere.
841 1268 889 1314 Id
924 1269 1134 1329 equidem
1170 1283 1217 1314 re
1260 1269 1314 1315 ab
1361 1269 1567 1315 omnibus
1611 1269 1814 1329 partibus

299 1338 580 1384 considerata
607 1337 738 1384 aliter
763 1340 972 1399 expedire
998 1354 1087 1385 non
1114 1354 1300 1399 possum
1326 1340 1412 1386 nisi
1439 1341 1526 1386 hoc
1550 1340 1701 1398 modo,
1731 1339 1814 1385 sub

298 1408 602 1454 Romanorum
637 1409 824 1469 imperio
865 1410 908 1454 in
952 1410 1102 1470 aliqua
1147 1411 1375 1470 provincia
1420 1424 1516 1455 eam
1561 1423 1814 1456 mensuram

300 1478 511 1523 oleariam
544 1493 656 1538 quae
680 1480 830 1525 Attico
872 1487 1086 1526 metretae
1126 1480 1423 1540 responderet
1451 1479 1675 1525 definitam
1714 1493 1813 1526 esse

295 1548 324 1593 C
351 1547 478 1610 libris
505 1548 714 1594 Romanis
747 1564 829 1609 pro
860 1547 1052 1608 cvm-³),
1092 1550 1232 1609 ipsam
1259 1557 1405 1595 autern
1435 1549 1520 1595 olei
1553 1551 1812 1610 amphoram

298 1621 343 1664 in
365 1619 515 1664 eadem
541 1619 771 1678 provincia
799 1619 881 1666 hac
902 1635 1033 1680 quam
1061 1619 1149 1664 dixi
1171 1621 1424 1665 centenaria
1445 1634 1652 1665 mensura
1674 1620 1811 1680 duplo

298 1690 513 1735 maiorem
549 1689 703 1735 fuisse.
759 1688 873 1744 Quin
901 1691 1069 1735 multa?
1106 1692 1150 1734 in
1179 1691 1386 1750 Aegypto
1414 1689 1567 1736 artaba
1593 1692 1814 1736 vetustior

300 1755 433 1820 (prol.
461 1759 489 1817 S
520 1759 603 1817 39)
630 1759 828 1819 aequalis
858 1760 943 1805 suit
968 1762 1116 1806 Attico
1148 1767 1389 1819 metretae,
1425 1761 1536 1806 duae
1568 1767 1715 1806 autem
1741 1774 1809 1807 ar-

299 1829 426 1875 tabae
462 1829 731 1875 medimnum
761 1831 1030 1891 Aegyptium
1066 1830 1324 1876 effecerunt.
1378 1831 1466 1876 Iam
1503 1830 1811 1887 concludimus

298 1900 436 1946 fuisse
471 1901 515 1945 in
549 1900 701 1946 eadem
730 1908 848 1946 terra
879 1903 1105 1961 antiquam
1133 1901 1346 1947 oleariam
1378 1915 1632 1947 mensuram
1659 1902 1812 1947 eodem

298 1970 430 2016 modo
454 1985 504 2016 ac
530 1971 816 2029 medimnum,
841 1972 950 2017 hanc
976 1978 1122 2017 autem
1152 1978 1313 2032 postea
1337 1986 1361 2017 a
1380 1971 1588 2017 Romanis
1614 1971 1813 2031 pondere

298 2040 360 2085 CC
386 2040 601 2086 librarum
637 2041 863 2087 definitam
899 2055 1021 2099 esse,
1067 2042 1287 2101 euiusque
1314 2049 1488 2102 partem
1514 2041 1812 2086 CCLXXXVlll

298 2109 399 2168 (vol.
429 2111 445 2155 1
471 2126 514 2170 p.
547 2110 662 2169 124)
690 2111 831 2157 fuisse
861 2107 1114 2173 cotylam⁴).
1175 2112 1318 2170 Haec,
1339 2120 1404 2157 -ut
1430 2111 1702 2172 significavi,
1734 2110 1813 2156 eli-

296 2292 385 2330 tita
417 2293 521 2330 sunt
553 2303 607 2330 ex
638 2289 692 2330 fr.
717 2291 784 2342 78,
806 2292 876 2341 20,
907 2291 986 2331 ubi
1015 2287 1151 2341 ήνίον
1183 2290 1324 2330 habet
1355 2290 1512 2331 codex.
1553 2291 1812 2343 Tum'apud

298 2346 489 2387 Calvum
520 2347 543 2396 ἓ
578 2348 628 2387 15
666 2346 832 2386 vitiose
874 2347 1030 2387 addita
1068 2346 1209 2387 verba
1248 2359 1409 2400 seoeque
1448 2347 1611 2387 artabz's
1647 2352 1811 2388 constat

299 2407 345 2442 et
376 2402 540 2442 deinde
571 2406 676 2455 post
704 2404 932 2443 modiorum
964 2405 1084 2443 triam
1116 2403 1284 2443 omissa
1315 2403 1495 2443 trientis
1527 2407 1658 2443 nota:
1692 2404 1813 2443 inte-

297 2472 379 2512 gra
408 2458 552 2499 habes
583 2460 631 2498 in
650 2458 962 2500 Alexandrina
993 2458 1226 2512 tabula-p.
1249 2460 1344 2510 258,
1381 2460 1433 2499 18
1466 2463 1511 2500 et
1542 2461 1609 2500 20.
1669 2459 1808 2499 Porro

298 2515 416 2567 apud
458 2514 647 2555 Calvum
687 2515 711 2564 ξ
743 2515 794 2554 16
837 2519 948 2558 extr.
990 2516 1147 2556 addita
1187 2516 1479 2556 inveniuntur
1514 2521 1638 2556 satan
1676 2521 1810 2555 autem

296 2577 529 2611 satorumve
557 2584 723 2623 paucae
753 2577 849 2611 sunt
881 2573 1170 2625 differentiae.
1227 2572 1437 2624 Denique
1470 2571 1807 2611 Alexandrinae

297 2627 485 2668 tabulae
538 2627 877 2680 paragraphum
918 2629 1160 2681 septimam
1199 2629 1291 2668 iam
1340 2627 1586 2668 secundum
1622 2626 1810 2666 Calvum

299 2683 658 2733 emendavimus;
698 2685 796 2736 ipse
838 2688 992 2725 autem
1023 2684 1193 2726 Calvus
1223 2685 1386 2726 vitiose
1418 2683 1560 2724 habet
1595 2684 1679 2723 vini
1707 2697 1809 2735 qaa-

297 2743 394 2778 tuor
414 2744 455 2777 et
477 2740 616 2778 decem
638 2740 838 2779 librarum
860 2741 957 2792 (pro
980 2740 1137 2793 decem)
1164 2745 1209 2781 et
1230 2739 1366 2794 paulo
1388 2743 1490 2792 post
1511 2741 1535 2788 ἓ
1559 2740 1610 2780 18
1630 2741 1809 2792 granula

299 2795 530 2846 quinyenta
563 2795 660 2846 (pro
691 2796 1036 2849 qzcadrz'nyenta).

411 2848 453 2900 3)
488 2849 723 2891 Sextarius
755 2852 847 2891 olei
876 2853 1034 2905 pendit
1065 2852 1385 2904 sesquilibram
1417 2851 1489 2900 (fr.
1512 2851 1580 2901 64,
1605 2852 1658 2891 24
1681 2851 1805 2903 etc.),

298 2907 515 2944 metretes
548 2905 709 2956 igitur,
744 2908 819 2959 qui
851 2913 919 2948 est
949 2911 1001 2950 72
1034 2909 1354 2956 sextariorum,
1387 2907 1529 2947 libras
1563 2908 1657 2950 108.

408 2959 453 3012 4)
487 2959 619 3000 Hanc
662 2974 759 3001 esse
801 2963 951 3005 iudico
993 2964 1192 3017 cotylam
1229 2963 1586 3005 Alexandrinam
1617 2976 1731 3016 quae
1763 2964 1811 3004 in
