<?xml version="1.0" encoding="UTF-8"?>
<!DOCTYPE html PUBLIC "-//W3C//DTD XHTML 1.0 Transitional//EN"
    "http://www.w3.org/TR/xhtml1/DTD/xhtml1-transitional.dtd">
<html xmlns="http://www.w3.org/1999/xhtml" xml:lang="en" lang="en">
 <head>
  <title>
</title>
<meta http-equiv="Content-Type" content="text/html;charset=utf-8" />
  <meta name='ocr-system' content='tesseract 3.04.00' />
  <meta name='ocr-capabilities' content='ocr_page ocr_carea ocr_par ocr_line ocrx_word'/>
</head>
<body>
  <div class='ocr_page' id='page_1' title='image "./metrologicorumsc01hultuoft_0153.png"; bbox 0 0 1946 3220; ppageno 0'>
   <div class='ocr_carea' id='block_1_1' title="bbox 547 127 1608 182">
    <p class='ocr_par' dir='ltr' id='par_1_1' title="bbox 547 127 1608 182">
     <span class='ocr_line' id='line_1_1' title="bbox 547 127 1608 182; baseline 0 -1"><span class='ocrx_word' id='word_1_1' title='bbox 547 145 866 181; x_wconf 69' lang='lat' dir='ltr'><em>scmpronns</em></span> <span class='ocrx_word' id='word_1_2' title='bbox 894 144 1151 181; x_wconf 55' lang='lat' dir='ltr'><em>cuncos.</em></span> <span class='ocrx_word' id='word_1_3' title='bbox 1506 127 1608 182; x_wconf 83' lang='lat'><em>125</em></span> 
     </span>
    </p>
   </div>
   <div class='ocr_carea' id='block_1_2' title="bbox 83 251 1607 393">
    <p class='ocr_par' dir='ltr' id='par_1_2' title="bbox 83 251 1607 393">
     <span class='ocr_line' id='line_1_2' title="bbox 83 251 1607 323; baseline -0.001 -15"><span class='ocrx_word' id='word_1_4' title='bbox 83 261 208 323; x_wconf 90' lang='lat' dir='ltr'><em>quod</em></span> <span class='ocrx_word' id='word_1_5' title='bbox 228 276 253 308; x_wconf 83' lang='lat' dir='ltr'><em>a</em></span> <span class='ocrx_word' id='word_1_6' title='bbox 276 259 515 321; x_wconf 80' lang='lat' dir='ltr'>Cleopatra</span> <span class='ocrx_word' id='word_1_7' title='bbox 534 253 713 308; x_wconf 75' lang='grc' dir='ltr'>ξέετα(</span> <span class='ocrx_word' id='word_1_8' title='bbox 737 251 784 314; x_wconf 77' lang='grc' dir='ltr'><em>ς’</em></span> <span class='ocrx_word' id='word_1_9' title='bbox 806 258 972 306; x_wconf 86' lang='lat' dir='ltr'><em>habere</em></span> <span class='ocrx_word' id='word_1_10' title='bbox 994 258 1176 319; x_wconf 88' lang='lat' dir='ltr'><em>dicitur,</em></span> <span class='ocrx_word' id='word_1_11' title='bbox 1204 264 1434 305; x_wconf 82' lang='lat' dir='ltr'><strong>sextantes</strong></span> <span class='ocrx_word' id='word_1_12' title='bbox 1460 258 1607 320; x_wconf 91' lang='lat' dir='ltr'><em>ipsius</em></span> 
     </span>
     <span class='ocr_line' id='line_1_3' title="bbox 83 328 1448 393; baseline -0.002 -15"><span class='ocrx_word' id='word_1_13' title='bbox 83 332 239 393; x_wconf 84' lang='lat' dir='ltr'>Syriae</span> <span class='ocrx_word' id='word_1_14' title='bbox 270 331 513 392; x_wconf 86' lang='lat' dir='ltr'>amphorae</span> <span class='ocrx_word' id='word_1_15' title='bbox 538 328 898 391; x_wconf 80' lang='lat' dir='ltr'><em>intelleguntur,</em></span> <span class='ocrx_word' id='word_1_16' title='bbox 925 344 1015 377; x_wconf 85' lang='lat' dir='ltr'><em>non</em></span> <span class='ocrx_word' id='word_1_17' title='bbox 1042 330 1226 377; x_wconf 84' lang='lat' dir='ltr'><em>sextarii</em></span> <span class='ocrx_word' id='word_1_18' title='bbox 1245 329 1448 377; x_wconf 86' lang='lat' dir='ltr'><em>Romani.</em></span> 
     </span>
    </p>
   </div>
   <div class='ocr_carea' id='block_1_3' title="bbox 147 466 1545 522">
    <p class='ocr_par' dir='ltr' id='par_1_3' title="bbox 147 466 1545 522">
     <span class='ocr_line' id='line_1_4' title="bbox 147 466 1545 522; baseline -0.001 -12"><span class='ocrx_word' id='word_1_19' title='bbox 147 469 214 510; x_wconf 88' lang='lat' dir='ltr'><em>De</em></span> <span class='ocrx_word' id='word_1_20' title='bbox 239 469 478 522; x_wconf 75' lang='lat' dir='ltr'><em>ponderum</em></span> <span class='ocrx_word' id='word_1_21' title='bbox 507 467 776 520; x_wconf 76' lang='lat' dir='ltr'><em>expositione</em></span> <span class='ocrx_word' id='word_1_22' title='bbox 805 468 1031 508; x_wconf 77' lang='lat' dir='ltr'><em>seeundum</em></span> <span class='ocrx_word' id='word_1_23' title='bbox 1062 467 1317 521; x_wconf 82' lang='lat' dir='ltr'><em>Cleopatrae</em></span> <span class='ocrx_word' id='word_1_24' title='bbox 1346 466 1545 508; x_wconf 81' lang='lat' dir='ltr'><em>tabulam.</em></span> 
     </span>
    </p>
   </div>
   <div class='ocr_carea' id='block_1_4' title="bbox 77 548 1692 1733">
    <p class='ocr_par' dir='ltr' id='par_1_4' title="bbox 80 548 1692 955">
     <span class='ocr_line' id='line_1_5' title="bbox 191 548 1692 617; baseline -0.003 -16"><span class='ocrx_word' id='word_1_25' title='bbox 191 555 384 602; x_wconf 82' lang='lat' dir='ltr'><em>Tandem</em></span> <span class='ocrx_word' id='word_1_26' title='bbox 413 554 654 617; x_wconf 88' lang='lat' dir='ltr'><em>aliquando</em></span> <span class='ocrx_word' id='word_1_27' title='bbox 679 556 747 600; x_wconf 90' lang='lat' dir='ltr'><em>via</em></span> <span class='ocrx_word' id='word_1_28' title='bbox 773 555 827 601; x_wconf 88' lang='lat' dir='ltr'><em>ab</em></span> <span class='ocrx_word' id='word_1_29' title='bbox 854 555 1061 601; x_wconf 88' lang='lat' dir='ltr'><em>omnibus</em></span> <span class='ocrx_word' id='word_1_30' title='bbox 1093 555 1299 616; x_wconf 90' lang='lat' dir='ltr'><em>partibus</em></span> <span class='ocrx_word' id='word_1_31' title='bbox 1327 555 1458 616; x_wconf 89' lang='lat' dir='ltr'><em>quasi</em></span> <span class='ocrx_word' id='word_1_32' title='bbox 1483 561 1609 616; x_wconf 90' lang='lat' dir='ltr'><em>pate·</em></span> <span class='ocrx_word' id='word_1_33' title='bbox 1630 548 1692 599; x_wconf 79' lang='lat'><em>75</em></span> 
     </span>
     <span class='ocr_line' id='line_1_6' title="bbox 82 625 1610 687; baseline -0.001 -15"><span class='ocrx_word' id='word_1_34' title='bbox 82 627 201 673; x_wconf 84' lang='lat' dir='ltr'><em>facta</em></span> <span class='ocrx_word' id='word_1_35' title='bbox 230 633 276 672; x_wconf 80' lang='lat' dir='ltr'><em>et</em></span> <span class='ocrx_word' id='word_1_36' title='bbox 298 626 471 672; x_wconf 90' lang='lat' dir='ltr'><em>munita</em></span> <span class='ocrx_word' id='word_1_37' title='bbox 494 625 549 672; x_wconf 89' lang='lat' dir='ltr'><em>ad</em></span> <span class='ocrx_word' id='word_1_38' title='bbox 577 625 622 671; x_wconf 89' lang='lat' dir='ltr'><em>id</em></span> <span class='ocrx_word' id='word_1_39' title='bbox 648 625 767 686; x_wconf 90' lang='lat' dir='ltr'><em>quod</em></span> <span class='ocrx_word' id='word_1_40' title='bbox 795 626 851 672; x_wconf 90' lang='lat' dir='ltr'><em>ab</em></span> <span class='ocrx_word' id='word_1_41' title='bbox 878 626 1008 672; x_wconf 87' lang='lat' dir='ltr'><em>initio</em></span> <span class='ocrx_word' id='word_1_42' title='bbox 1034 626 1324 687; x_wconf 81' lang='lat' dir='ltr'><em>propositum</em></span> <span class='ocrx_word' id='word_1_43' title='bbox 1350 626 1436 671; x_wconf 86' lang='lat' dir='ltr'><em>suit</em></span> <span class='ocrx_word' id='word_1_44' title='bbox 1459 638 1610 671; x_wconf 89' lang='lat' dir='ltr'><em>rever-</em></span> 
     </span>
     <span class='ocr_line' id='line_1_7' title="bbox 83 695 1607 758; baseline -0.001 -16"><span class='ocrx_word' id='word_1_45' title='bbox 83 697 236 752; x_wconf 88' lang='lat' dir='ltr'><em>timur.</em></span> <span class='ocrx_word' id='word_1_46' title='bbox 280 696 329 742; x_wconf 91' lang='lat' dir='ltr'><em>ln</em></span> <span class='ocrx_word' id='word_1_47' title='bbox 354 696 618 758; x_wconf 83' lang='lat' dir='ltr'><em>Cleopatrae</em></span> <span class='ocrx_word' id='word_1_48' title='bbox 641 695 795 742; x_wconf 84' lang='lat' dir='ltr'><em>tabula</em></span> <span class='ocrx_word' id='word_1_49' title='bbox 820 697 1017 758; x_wconf 91' lang='lat' dir='ltr'><em>primum</em></span> <span class='ocrx_word' id='word_1_50' title='bbox 1039 696 1094 742; x_wconf 91' lang='lat' dir='ltr'><em>de</em></span> <span class='ocrx_word' id='word_1_51' title='bbox 1118 696 1398 757; x_wconf 85' lang='lat' dir='ltr'><em>ponderibus</em></span> <span class='ocrx_word' id='word_1_52' title='bbox 1425 696 1488 742; x_wconf 89' lang='lat' dir='ltr'><em>ita</em></span> <span class='ocrx_word' id='word_1_53' title='bbox 1511 695 1607 756; x_wconf 83' lang='lat' dir='ltr'><em>agi-</em></span> 
     </span>
     <span class='ocr_line' id='line_1_8' title="bbox 83 766 1609 826; baseline -0.001 -13"><span class='ocrx_word' id='word_1_54' title='bbox 83 775 186 826; x_wconf 81' lang='lat' dir='ltr'><em>tur,</em></span> <span class='ocrx_word' id='word_1_55' title='bbox 222 774 275 813; x_wconf 93' lang='lat' dir='ltr'><em>ut</em></span> <span class='ocrx_word' id='word_1_56' title='bbox 310 767 442 813; x_wconf 86' lang='lat' dir='ltr'><em>initio</em></span> <span class='ocrx_word' id='word_1_57' title='bbox 478 782 503 813; x_wconf 91' lang='lat' dir='ltr'><em>a</em></span> <span class='ocrx_word' id='word_1_58' title='bbox 537 767 656 812; x_wconf 90' lang='lat' dir='ltr'><em>mina</em></span> <span class='ocrx_word' id='word_1_59' title='bbox 692 767 813 812; x_wconf 80' lang='lat' dir='ltr'><em>sacto</em></span> <span class='ocrx_word' id='word_1_60' title='bbox 850 767 1050 813; x_wconf 90' lang='lat' dir='ltr'><em>omnium</em></span> <span class='ocrx_word' id='word_1_61' title='bbox 1091 766 1319 813; x_wconf 88' lang='lat' dir='ltr'><em>minorum</em></span> <span class='ocrx_word' id='word_1_62' title='bbox 1355 766 1609 826; x_wconf 87' lang='lat' dir='ltr'><em>ponderum</em></span> 
     </span>
     <span class='ocr_line' id='line_1_9' title="bbox 81 836 1608 895; baseline -0.002 -12"><span class='ocrx_word' id='word_1_63' title='bbox 81 838 307 895; x_wconf 84' lang='lat' dir='ltr'><em>rationes,</em></span> <span class='ocrx_word' id='word_1_64' title='bbox 336 837 543 883; x_wconf 87' lang='lat' dir='ltr'><em>similiter</em></span> <span class='ocrx_word' id='word_1_65' title='bbox 569 851 620 883; x_wconf 91' lang='lat' dir='ltr'><em>ac</em></span> <span class='ocrx_word' id='word_1_66' title='bbox 645 851 961 884; x_wconf 86' lang='lat' dir='ltr'><em>mensurarum</em></span> <span class='ocrx_word' id='word_1_67' title='bbox 992 840 1037 883; x_wconf 90' lang='lat' dir='ltr'><em>in</em></span> <span class='ocrx_word' id='word_1_68' title='bbox 1062 837 1218 884; x_wconf 86' lang='lat' dir='ltr'><em>tabula</em></span> <span class='ocrx_word' id='word_1_69' title='bbox 1240 837 1496 883; x_wconf 88' lang='lat' dir='ltr'><em>Heroniana</em></span> <span class='ocrx_word' id='word_1_70' title='bbox 1520 836 1608 894; x_wconf 85' lang='lat' dir='ltr'><em>Vll,</em></span> 
     </span>
     <span class='ocr_line' id='line_1_10' title="bbox 80 908 412 955; baseline -0.003 -1"><span class='ocrx_word' id='word_1_71' title='bbox 80 908 412 955; x_wconf 83' lang='lat' dir='ltr'><em>adscribantur.</em></span> 
     </span>
    </p>

    <p class='ocr_par' dir='ltr' id='par_1_5' title="bbox 79 973 1611 1325">
     <span class='ocr_line' id='line_1_11' title="bbox 183 973 1611 1040; baseline -0.001 -16"><span class='ocrx_word' id='word_1_72' title='bbox 183 979 328 1025; x_wconf 84' lang='lat' dir='ltr'><em>Minae</em></span> <span class='ocrx_word' id='word_1_73' title='bbox 361 986 456 1024; x_wconf 92' lang='lat' dir='ltr'><em>tres</em></span> <span class='ocrx_word' id='word_1_74' title='bbox 496 977 772 1037; x_wconf 81' lang='lat' dir='ltr'><em>afferuntur,</em></span> <span class='ocrx_word' id='word_1_75' title='bbox 806 978 1003 1039; x_wconf 92' lang='lat' dir='ltr'><em>primum</em></span> <span class='ocrx_word' id='word_1_76' title='bbox 1040 973 1074 1039; x_wconf 84' lang='grc' dir='ltr'>ἦ</span> <span class='ocrx_word' id='word_1_77' title='bbox 1112 975 1217 1040; x_wconf 84' lang='grc' dir='ltr'><em>μνᾶ</em></span> <span class='ocrx_word' id='word_1_78' title='bbox 1255 992 1339 1040; x_wconf 88' lang='lat' dir='ltr'><em>per</em></span> <span class='ocrx_word' id='word_1_79' title='bbox 1381 991 1455 1024; x_wconf 88' lang='lat' dir='ltr'><em>se:</em></span> <span class='ocrx_word' id='word_1_80' title='bbox 1498 977 1611 1023; x_wconf 88' lang='lat' dir='ltr'><em>haec</em></span> 
     </span>
     <span class='ocr_line' id='line_1_12' title="bbox 82 1044 1609 1111; baseline -0.003 -15"><span class='ocrx_word' id='word_1_81' title='bbox 82 1057 152 1097; x_wconf 91' lang='lat' dir='ltr'><em>est</em></span> <span class='ocrx_word' id='word_1_82' title='bbox 176 1049 366 1111; x_wconf 87' lang='lat' dir='ltr'><em>propria</em></span> <span class='ocrx_word' id='word_1_83' title='bbox 390 1050 648 1096; x_wconf 84' lang='lat' dir='ltr'><em>Atticorum</em></span> <span class='ocrx_word' id='word_1_84' title='bbox 672 1049 820 1109; x_wconf 80' lang='lat' dir='ltr'><em>mina,</em></span> <span class='ocrx_word' id='word_1_85' title='bbox 858 1064 947 1110; x_wconf 89' lang='lat' dir='ltr'><em>qua</em></span> <span class='ocrx_word' id='word_1_86' title='bbox 970 1050 1131 1096; x_wconf 90' lang='lat' dir='ltr'><em>medici</em></span> <span class='ocrx_word' id='word_1_87' title='bbox 1159 1044 1408 1096; x_wconf 89' lang='lat' dir='ltr'><em>utebantur</em></span> <span class='ocrx_word' id='word_1_88' title='bbox 1431 1047 1479 1108; x_wconf 71' lang='grc'><em>(3</em></span> <span class='ocrx_word' id='word_1_89' title='bbox 1509 1046 1609 1107; x_wconf 83' lang='grc'><strong>51);</strong></span> 
     </span>
     <span class='ocr_line' id='line_1_13' title="bbox 80 1115 1609 1180; baseline -0.003 -13"><span class='ocrx_word' id='word_1_90' title='bbox 80 1129 178 1167; x_wconf 82' lang='lat' dir='ltr'><em>tum</em></span> <span class='ocrx_word' id='word_1_91' title='bbox 201 1115 233 1180; x_wconf 85' lang='grc' dir='ltr'><strong>ἡ</strong></span> <span class='ocrx_word' id='word_1_92' title='bbox 261 1115 461 1180; x_wconf 85' lang='grc' dir='ltr'>Ἀττικὴ</span> <span class='ocrx_word' id='word_1_93' title='bbox 489 1117 593 1180; x_wconf 90' lang='grc' dir='ltr'><em>μνᾶ</em></span> <span class='ocrx_word' id='word_1_94' title='bbox 619 1121 855 1167; x_wconf 80' lang='lat' dir='ltr'><em>unciarum</em></span> <span class='ocrx_word' id='word_1_95' title='bbox 877 1120 952 1166; x_wconf 85' lang='lat' dir='ltr'><em>XII</em></span> <span class='ocrx_word' id='word_1_96' title='bbox 973 1125 1005 1168; x_wconf 76' lang='grc'>5</span> <span class='ocrx_word' id='word_1_97' title='bbox 1036 1127 1109 1167; x_wconf 88' lang='lat' dir='ltr'><em>est</em></span> <span class='ocrx_word' id='word_1_98' title='bbox 1136 1120 1409 1167; x_wconf 88' lang='lat' dir='ltr'><em>Ptolemaica</em></span> <span class='ocrx_word' id='word_1_99' title='bbox 1435 1118 1483 1178; x_wconf 77' lang='lat' dir='ltr'><em>(S</em></span> <span class='ocrx_word' id='word_1_100' title='bbox 1509 1117 1609 1176; x_wconf 87' lang='lat'>67);</span> 
     </span>
     <span class='ocr_line' id='line_1_14' title="bbox 80 1186 1610 1253; baseline -0.001 -15"><span class='ocrx_word' id='word_1_101' title='bbox 80 1191 277 1252; x_wconf 86' lang='lat' dir='ltr'><em>denique</em></span> <span class='ocrx_word' id='word_1_102' title='bbox 300 1186 333 1251; x_wconf 83' lang='grc' dir='ltr'>ἡ</span> <span class='ocrx_word' id='word_1_103' title='bbox 358 1186 698 1252; x_wconf 85' lang='grc' dir='ltr'>Πτολεμαϊκὴ</span> <span class='ocrx_word' id='word_1_104' title='bbox 725 1188 830 1251; x_wconf 88' lang='grc' dir='ltr'><em>μνᾶ</em></span> <span class='ocrx_word' id='word_1_105' title='bbox 857 1193 1092 1238; x_wconf 85' lang='lat' dir='ltr'><em>unciarum</em></span> <span class='ocrx_word' id='word_1_106' title='bbox 1115 1191 1244 1237; x_wconf 86' lang='lat' dir='ltr'>XVIII</span> <span class='ocrx_word' id='word_1_107' title='bbox 1270 1190 1378 1253; x_wconf 86' lang='lat' dir='ltr'><em>quid</em></span> <span class='ocrx_word' id='word_1_108' title='bbox 1409 1191 1496 1249; x_wconf 81' lang='lat' dir='ltr'><em>sit,</em></span> <span class='ocrx_word' id='word_1_109' title='bbox 1534 1203 1610 1236; x_wconf 91' lang='lat' dir='ltr'><em>su-</em></span> 
     </span>
     <span class='ocr_line' id='line_1_15' title="bbox 79 1258 943 1325; baseline 0.002 -17"><span class='ocrx_word' id='word_1_110' title='bbox 79 1276 162 1323; x_wconf 90' lang='lat' dir='ltr'><em>pra</em></span> <span class='ocrx_word' id='word_1_111' title='bbox 186 1268 394 1308; x_wconf 86' lang='lat' dir='ltr'><em>accurate</em></span> <span class='ocrx_word' id='word_1_112' title='bbox 420 1262 754 1322; x_wconf 81' lang='lat' dir='ltr'><em>explanavimus</em></span> <span class='ocrx_word' id='word_1_113' title='bbox 782 1259 828 1325; x_wconf 70' lang='lat' dir='ltr'><em>(S</em></span> <span class='ocrx_word' id='word_1_114' title='bbox 852 1258 943 1324; x_wconf 85' lang='grc'><strong>65).</strong></span> 
     </span>
    </p>

    <p class='ocr_par' dir='ltr' id='par_1_6' title="bbox 77 1325 1612 1733">
     <span class='ocr_line' id='line_1_16' title="bbox 188 1325 1607 1393; baseline 0.001 -15"><span class='ocrx_word' id='word_1_115' title='bbox 188 1333 300 1378; x_wconf 91' lang='lat' dir='ltr'><em>Tum</em></span> <span class='ocrx_word' id='word_1_116' title='bbox 338 1331 483 1378; x_wconf 86' lang='lat' dir='ltr'><em>librae</em></span> <span class='ocrx_word' id='word_1_117' title='bbox 531 1339 686 1393; x_wconf 92' lang='lat' dir='ltr'><em>partes</em></span> <span class='ocrx_word' id='word_1_118' title='bbox 723 1327 943 1392; x_wconf 82' lang='grc' dir='ltr'>οὐγγία,</span> <span class='ocrx_word' id='word_1_119' title='bbox 986 1327 1193 1393; x_wconf 82' lang='grc' dir='ltr'>δραχμή</span> <span class='ocrx_word' id='word_1_120' title='bbox 1228 1332 1322 1378; x_wconf 91' lang='lat' dir='ltr'><em>sive</em></span> <span class='ocrx_word' id='word_1_121' title='bbox 1355 1325 1607 1380; x_wconf 85' lang='grc' dir='ltr'>Ἰταλικὸν</span> 
     </span>
     <span class='ocr_line' id='line_1_17' title="bbox 79 1396 1612 1464; baseline -0.003 -13"><span class='ocrx_word' id='word_1_122' title='bbox 79 1396 368 1463; x_wconf 80' lang='grc' dir='ltr'>δηνάριον,</span> <span class='ocrx_word' id='word_1_123' title='bbox 391 1397 630 1463; x_wconf 83' lang='grc' dir='ltr'>γράμμα,</span> <span class='ocrx_word' id='word_1_124' title='bbox 660 1397 887 1464; x_wconf 71' lang='grc' dir='ltr'>ὀβολός,</span> <span class='ocrx_word' id='word_1_125' title='bbox 919 1398 1167 1464; x_wconf 87' lang='grc' dir='ltr'>κεράτιον</span> <span class='ocrx_word' id='word_1_126' title='bbox 1204 1417 1398 1464; x_wconf 88' lang='lat' dir='ltr'><em>prorsus</em></span> <span class='ocrx_word' id='word_1_127' title='bbox 1433 1415 1487 1448; x_wconf 81' lang='lat' dir='ltr'><em>ex</em></span> <span class='ocrx_word' id='word_1_128' title='bbox 1522 1400 1612 1447; x_wconf 90' lang='lat' dir='ltr'><em>Ro-</em></span> 
     </span>
     <span class='ocr_line' id='line_1_18' title="bbox 79 1472 1612 1533; baseline -0.002 -13"><span class='ocrx_word' id='word_1_129' title='bbox 79 1487 209 1520; x_wconf 89' lang='lat' dir='ltr'><em>mana</em></span> <span class='ocrx_word' id='word_1_130' title='bbox 251 1474 428 1520; x_wconf 87' lang='lat' dir='ltr'><em>ratione</em></span> <span class='ocrx_word' id='word_1_131' title='bbox 470 1472 518 1533; x_wconf 66' lang='lat' dir='ltr'><em>(S</em></span> <span class='ocrx_word' id='word_1_132' title='bbox 554 1473 628 1533; x_wconf 88' lang='lat'><em>51)</em></span> <span class='ocrx_word' id='word_1_133' title='bbox 670 1481 1008 1521; x_wconf 84' lang='lat' dir='ltr'><em>enumerantur.</em></span> <span class='ocrx_word' id='word_1_134' title='bbox 1070 1474 1150 1519; x_wconf 93' lang='lat' dir='ltr'><em>His</em></span> <span class='ocrx_word' id='word_1_135' title='bbox 1194 1480 1345 1520; x_wconf 91' lang='lat' dir='ltr'><em>autem</em></span> <span class='ocrx_word' id='word_1_136' title='bbox 1382 1472 1612 1520; x_wconf 87' lang='lat' dir='ltr'><em>adduntur</em></span> 
     </span>
     <span class='ocr_line' id='line_1_19' title="bbox 77 1539 1609 1605; baseline -0.002 -13"><span class='ocrx_word' id='word_1_137' title='bbox 77 1539 291 1605; x_wconf 70' lang='grc' dir='ltr'>θέρμος,</span> <span class='ocrx_word' id='word_1_138' title='bbox 316 1544 453 1590; x_wconf 89' lang='lat' dir='ltr'><em>tertia</em></span> <span class='ocrx_word' id='word_1_139' title='bbox 478 1558 583 1605; x_wconf 88' lang='lat' dir='ltr'><em>pars</em></span> <span class='ocrx_word' id='word_1_140' title='bbox 611 1544 817 1605; x_wconf 79' lang='lat' dir='ltr'><em>scripuli,</em></span> <span class='ocrx_word' id='word_1_141' title='bbox 844 1552 890 1591; x_wconf 94' lang='lat' dir='ltr'><em>et</em></span> <span class='ocrx_word' id='word_1_142' title='bbox 913 1559 966 1591; x_wconf 83' lang='lat' dir='ltr'><em>ex</em></span> <span class='ocrx_word' id='word_1_143' title='bbox 985 1545 1134 1591; x_wconf 88' lang='lat' dir='ltr'><em>Attica</em></span> <span class='ocrx_word' id='word_1_144' title='bbox 1157 1543 1335 1590; x_wconf 88' lang='lat' dir='ltr'><em>ratione</em></span> <span class='ocrx_word' id='word_1_145' title='bbox 1359 1539 1609 1604; x_wconf 74' lang='grc' dir='ltr'>χαλκοῦς,</span> 
     </span>
     <span class='ocr_line' id='line_1_20' title="bbox 79 1613 1609 1678; baseline -0.002 -17"><span class='ocrx_word' id='word_1_146' title='bbox 79 1622 236 1662; x_wconf 89' lang='lat' dir='ltr'><em>octava</em></span> <span class='ocrx_word' id='word_1_147' title='bbox 273 1614 396 1661; x_wconf 88' lang='lat' dir='ltr'><em>oboli</em></span> <span class='ocrx_word' id='word_1_148' title='bbox 431 1629 552 1677; x_wconf 89' lang='lat' dir='ltr'><em>pars.</em></span> <span class='ocrx_word' id='word_1_149' title='bbox 605 1615 710 1661; x_wconf 90' lang='lat' dir='ltr'><em>Inde</em></span> <span class='ocrx_word' id='word_1_150' title='bbox 747 1615 858 1662; x_wconf 86' lang='lat' dir='ltr'><em>haec</em></span> <span class='ocrx_word' id='word_1_151' title='bbox 891 1615 1217 1678; x_wconf 89' lang='lat' dir='ltr'><em>Cleopatranae</em></span> <span class='ocrx_word' id='word_1_152' title='bbox 1253 1614 1433 1662; x_wconf 85' lang='lat' dir='ltr'><em>tabulae</em></span> <span class='ocrx_word' id='word_1_153' title='bbox 1463 1613 1609 1659; x_wconf 88' lang='lat' dir='ltr'><em>forma</em></span> 
     </span>
     <span class='ocr_line' id='line_1_21' title="bbox 78 1685 340 1733; baseline -0.004 -1"><span class='ocrx_word' id='word_1_154' title='bbox 78 1685 340 1733; x_wconf 86' lang='lat' dir='ltr'><em>conficitur:</em></span> 
     </span>
    </p>
   </div>
   <div class='ocr_carea' id='block_1_5' title="bbox 79 1789 596 2791">
    <p class='ocr_par' dir='ltr' id='par_1_7' title="bbox 79 1789 596 2791">
     <span class='ocr_line' id='line_1_22' title="bbox 79 1789 594 2047; baseline 0 -147"><span class='ocrx_word' id='word_1_155' title='bbox 79 1789 594 2047; x_wconf 95' lang='lat' dir='ltr'><em>    </em></span> <span class='ocrx_word' id='word_1_156' title='bbox 367 1795 594 1956; x_wconf 95' lang='lat' dir='ltr'><em>  </em></span> 
     </span>
     <span class='ocr_line' id='line_1_23' title="bbox 79 2047 594 2209; baseline 0 -54"><span class='ocrx_word' id='word_1_157' title='bbox 79 2047 115 2209; x_wconf 95' lang='lat' dir='ltr'><em>  </em></span> <span class='ocrx_word' id='word_1_158' title='bbox 417 2047 594 2209; x_wconf 95' lang='lat' dir='ltr'><em>  </em></span> 
     </span>
     <span class='ocr_line' id='line_1_24' title="bbox 81 2209 596 2511; baseline 0 -201"><span class='ocrx_word' id='word_1_159' title='bbox 81 2209 596 2511; x_wconf 95' lang='lat' dir='ltr'><em>    </em></span> <span class='ocrx_word' id='word_1_160' title='bbox 337 2209 596 2403; x_wconf 95' lang='lat' dir='ltr'><em>  </em></span> 
     </span>
     <span class='ocr_line' id='line_1_25' title="bbox 82 2511 596 2791; baseline 0 -182"><span class='ocrx_word' id='word_1_161' title='bbox 82 2511 100 2791; x_wconf 95' lang='lat' dir='ltr'><em>   </em></span> <span class='ocrx_word' id='word_1_162' title='bbox 584 2600 596 2609; x_wconf 95' lang='lat' dir='ltr'><em> </em></span> 
     </span>
    </p>
   </div>
   <div class='ocr_carea' id='block_1_6' title="bbox 127 1821 400 1930">
    <p class='ocr_par' dir='ltr' id='par_1_8' title="bbox 127 1821 400 1930">
     <span class='ocr_line' id='line_1_26' title="bbox 127 1821 400 1874; baseline -0.004 -10"><span class='ocrx_word' id='word_1_163' title='bbox 127 1823 218 1874; x_wconf 86' lang='grc' dir='ltr'><em>μνᾶ</em></span> <span class='ocrx_word' id='word_1_164' title='bbox 250 1821 400 1873; x_wconf 85' lang='grc' dir='ltr'>ὄνομα</span> 
     </span>
     <span class='ocr_line' id='line_1_27' title="bbox 162 1878 367 1930; baseline -0.005 -10"><span class='ocrx_word' id='word_1_165' title='bbox 162 1878 367 1930; x_wconf 79' lang='grc' dir='ltr'>εταθμοῦ</span> 
     </span>
    </p>
   </div>
   <div class='ocr_carea' id='block_1_7' title="bbox 97 1948 432 1955">
    <p class='ocr_par' dir='ltr' id='par_1_9' title="bbox 97 1948 432 1955">
     <span class='ocr_line' id='line_1_28' title="bbox 97 1948 432 1955; baseline 0 1265"><span class='ocrx_word' id='word_1_166' title='bbox 97 1948 432 1955; x_wconf 95' lang='lat' dir='ltr'><em> </em></span> 
     </span>
    </p>
   </div>
   <div class='ocr_carea' id='block_1_8' title="bbox 97 2049 432 2055">
    <p class='ocr_par' dir='ltr' id='par_1_10' title="bbox 97 2049 432 2055">
     <span class='ocr_line' id='line_1_29' title="bbox 97 2049 432 2055; baseline 0 0"><span class='ocrx_word' id='word_1_167' title='bbox 97 2049 432 2055; x_wconf 95' lang='lat' dir='ltr'><em> </em></span> 
     </span>
    </p>
   </div>
   <div class='ocr_carea' id='block_1_9' title="bbox 115 2074 417 2184">
    <p class='ocr_par' dir='ltr' id='par_1_11' title="bbox 115 2074 417 2184">
     <span class='ocr_line' id='line_1_30' title="bbox 115 2074 417 2128; baseline -0.003 -10"><span class='ocrx_word' id='word_1_168' title='bbox 115 2074 417 2128; x_wconf 83' lang='grc' dir='ltr'>Πτολεμαϊκὴ</span> 
     </span>
     <span class='ocr_line' id='line_1_31' title="bbox 232 2134 323 2184; baseline 0 -10"><span class='ocrx_word' id='word_1_169' title='bbox 232 2134 323 2184; x_wconf 82' lang='grc' dir='ltr'><em>μνᾶ</em></span> 
     </span>
    </p>
   </div>
   <div class='ocr_carea' id='block_1_10' title="bbox 102 2198 431 2211">
    <p class='ocr_par' dir='ltr' id='par_1_12' title="bbox 102 2198 431 2211">
     <span class='ocr_line' id='line_1_32' title="bbox 102 2198 431 2211; baseline 0 1009"><span class='ocrx_word' id='word_1_170' title='bbox 102 2198 431 2211; x_wconf 95' lang='lat' dir='ltr'><em> </em></span> 
     </span>
    </p>
   </div>
   <div class='ocr_carea' id='block_1_11' title="bbox 203 2229 337 2284">
    <p class='ocr_par' dir='ltr' id='par_1_13' title="bbox 203 2229 337 2284">
     <span class='ocr_line' id='line_1_33' title="bbox 203 2229 337 2284; baseline 0.007 -11"><span class='ocrx_word' id='word_1_171' title='bbox 203 2229 337 2284; x_wconf 85' lang='grc' dir='ltr'>λίτρα</span> 
     </span>
    </p>
   </div>
   <div class='ocr_carea' id='block_1_12' title="bbox 185 2330 964 2388">
    <p class='ocr_par' dir='ltr' id='par_1_14' title="bbox 185 2330 964 2388">
     <span class='ocr_line' id='line_1_34' title="bbox 185 2330 964 2388; baseline 0.001 -15"><span class='ocrx_word' id='word_1_172' title='bbox 185 2330 352 2383; x_wconf 80' lang='grc' dir='ltr'>οὐγγία</span> <span class='ocrx_word' id='word_1_173' title='bbox 512 2335 565 2376; x_wconf 90' lang='grc'><strong>16</strong></span> <span class='ocrx_word' id='word_1_174' title='bbox 628 2331 708 2388; x_wconf 48' lang='grc'><em>124</em></span> <span class='ocrx_word' id='word_1_175' title='bbox 783 2339 835 2380; x_wconf 86' lang='lat'><em>18</em></span> <span class='ocrx_word' id='word_1_176' title='bbox 913 2334 964 2374; x_wconf 98' lang='grc'><em>12</em></span> 
     </span>
    </p>
   </div>
   <div class='ocr_carea' id='block_1_13' title="bbox 596 2405 966 2418">
    <p class='ocr_par' dir='ltr' id='par_1_15' title="bbox 596 2405 966 2418">
     <span class='ocr_line' id='line_1_35' title="bbox 596 2405 966 2418; baseline -0.008 -4"><span class='ocrx_word' id='word_1_177' title='bbox 596 2407 816 2418; x_wconf 72' lang='lat'>——,-</span> <span class='ocrx_word' id='word_1_178' title='bbox 854 2405 966 2412; x_wconf 69' lang='grc'><em>.-</em></span> 
     </span>
    </p>
   </div>
   <div class='ocr_carea' id='block_1_14' title="bbox 182 2429 966 2484">
    <p class='ocr_par' dir='ltr' id='par_1_16' title="bbox 182 2429 966 2484">
     <span class='ocr_line' id='line_1_36' title="bbox 182 2429 966 2484; baseline 0.001 -12"><span class='ocrx_word' id='word_1_179' title='bbox 182 2429 361 2484; x_wconf 89' lang='grc' dir='ltr'>δραχμή</span> <span class='ocrx_word' id='word_1_180' title='bbox 485 2434 566 2475; x_wconf 90' lang='grc'><em>128</em></span> <span class='ocrx_word' id='word_1_181' title='bbox 627 2435 709 2475; x_wconf 91' lang='grc'><em>100</em></span> <span class='ocrx_word' id='word_1_182' title='bbox 755 2439 838 2479; x_wconf 90' lang='grc'><em>144</em></span> <span class='ocrx_word' id='word_1_183' title='bbox 911 2434 966 2475; x_wconf 86' lang='grc'><em>96</em></span> 
     </span>
    </p>
   </div>
   <div class='ocr_carea' id='block_1_15' title="bbox 178 2528 966 2582">
    <p class='ocr_par' dir='ltr' id='par_1_17' title="bbox 178 2528 966 2582">
     <span class='ocr_line' id='line_1_37' title="bbox 178 2528 966 2582; baseline 0.003 -11"><span class='ocrx_word' id='word_1_184' title='bbox 178 2528 365 2582; x_wconf 87' lang='grc' dir='ltr'>γράμμα</span> <span class='ocrx_word' id='word_1_185' title='bbox 485 2535 569 2575; x_wconf 89' lang='grc'><em>384</em></span> <span class='ocrx_word' id='word_1_186' title='bbox 628 2535 710 2573; x_wconf 88' lang='grc'><em>300</em></span> <span class='ocrx_word' id='word_1_187' title='bbox 753 2538 837 2578; x_wconf 87' lang='grc'><em>432</em></span> <span class='ocrx_word' id='word_1_188' title='bbox 883 2533 966 2574; x_wconf 88' lang='grc'><em>288</em></span> 
     </span>
    </p>
   </div>
   <div class='ocr_carea' id='block_1_16' title="bbox 598 2602 966 2615">
    <p class='ocr_par' dir='ltr' id='par_1_18' title="bbox 598 2602 966 2615">
     <span class='ocr_line' id='line_1_38' title="bbox 598 2602 966 2615; baseline -0.003 -5"><span class='ocrx_word' id='word_1_189' title='bbox 598 2602 966 2615; x_wconf 63' lang='lat'>⁴———-.———</span> 
     </span>
    </p>
   </div>
   <div class='ocr_carea' id='block_1_17' title="bbox 187 2627 967 2741">
    <p class='ocr_par' dir='ltr' id='par_1_19' title="bbox 187 2627 967 2741">
     <span class='ocr_line' id='line_1_39' title="bbox 187 2627 967 2741; baseline 0.004 -72"><span class='ocrx_word' id='word_1_190' title='bbox 187 2627 354 2679; x_wconf 73' lang='grc' dir='ltr'>ὀβολός</span> <span class='ocrx_word' id='word_1_191' title='bbox 486 2633 567 2674; x_wconf 82' lang='grc'><em>768</em></span> <span class='ocrx_word' id='word_1_192' title='bbox 628 2633 838 2741; x_wconf 65' lang='grc'><em>6001864</em></span> <span class='ocrx_word' id='word_1_193' title='bbox 884 2633 967 2673; x_wconf 83' lang='grc'><em>576</em></span> 
     </span>
    </p>
   </div>
   <div class='ocr_carea' id='block_1_18' title="bbox 599 2703 710 2711">
    <p class='ocr_par' dir='ltr' id='par_1_20' title="bbox 599 2703 710 2711">
     <span class='ocr_line' id='line_1_40' title="bbox 599 2703 710 2711; baseline 0 -1"><span class='ocrx_word' id='word_1_194' title='bbox 599 2703 710 2711; x_wconf 75' lang='lat'><em>.—</em></span> 
     </span>
    </p>
   </div>
   <div class='ocr_carea' id='block_1_19' title="bbox 1109 2399 1313 2811">
    <p class='ocr_par' dir='ltr' id='par_1_21' title="bbox 1109 2399 1313 2811">
     <span class='ocr_line' id='line_1_41' title="bbox 1109 2399 1313 2511; baseline 0 -102"><span class='ocrx_word' id='word_1_195' title='bbox 1109 2399 1313 2511; x_wconf 95' lang='lat' dir='ltr'><em>   </em></span> 
     </span>
     <span class='ocr_line' id='line_1_42' title="bbox 1197 2511 1313 2610; baseline 0 -11"><span class='ocrx_word' id='word_1_196' title='bbox 1197 2511 1313 2610; x_wconf 95' lang='lat' dir='ltr'><em>  </em></span> 
     </span>
     <span class='ocr_line' id='line_1_43' title="bbox 1198 2698 1306 2811; baseline 0 409"><span class='ocrx_word' id='word_1_197' title='bbox 1198 2698 1306 2811; x_wconf 95' lang='lat' dir='ltr'><em> </em></span> 
     </span>
    </p>
   </div>
   <div class='ocr_carea' id='block_1_20' title="bbox 99 2402 438 2411">
    <p class='ocr_par' dir='ltr' id='par_1_22' title="bbox 99 2402 438 2411">
     <span class='ocr_line' id='line_1_44' title="bbox 99 2402 438 2411; baseline 0 809"><span class='ocrx_word' id='word_1_198' title='bbox 99 2402 438 2411; x_wconf 95' lang='lat' dir='ltr'><em> </em></span> 
     </span>
    </p>
   </div>
   <div class='ocr_carea' id='block_1_21' title="bbox 581 2403 596 2511">
    <p class='ocr_par' dir='ltr' id='par_1_23' title="bbox 581 2403 596 2511">
     <span class='ocr_line' id='line_1_45' title="bbox 581 2403 596 2412; baseline 0 808"><span class='ocrx_word' id='word_1_199' title='bbox 581 2403 596 2412; x_wconf 95' lang='lat' dir='ltr'><em> </em></span> 
     </span>
     <span class='ocr_line' id='line_1_46' title="bbox 583 2501 595 2511; baseline 0 709"><span class='ocrx_word' id='word_1_200' title='bbox 583 2501 595 2511; x_wconf 95' lang='lat' dir='ltr'><em> </em></span> 
     </span>
    </p>
   </div>
   <div class='ocr_carea' id='block_1_22' title="bbox 982 2409 1095 2416">
    <p class='ocr_par' dir='ltr' id='par_1_24' title="bbox 982 2409 1095 2416">
     <span class='ocr_line' id='line_1_47' title="bbox 982 2409 1095 2416; baseline -0.018 0"><span class='ocrx_word' id='word_1_201' title='bbox 982 2409 1095 2416; x_wconf 79' lang='lat'><em>——</em></span> 
     </span>
    </p>
   </div>
   <div class='ocr_carea' id='block_1_23' title="bbox 1055 2432 1179 2479">
    <p class='ocr_par' dir='ltr' id='par_1_25' title="bbox 1055 2432 1179 2479">
     <span class='ocr_line' id='line_1_48' title="bbox 1055 2432 1179 2479; baseline 0 -8"><span class='ocrx_word' id='word_1_202' title='bbox 1055 2439 1082 2479; x_wconf 89' lang='grc'><strong>8</strong></span> <span class='ocrx_word' id='word_1_203' title='bbox 1158 2432 1179 2471; x_wconf 89' lang='grc'><strong>1</strong></span> 
     </span>
    </p>
   </div>
   <div class='ocr_carea' id='block_1_24' title="bbox 1024 2533 1366 2676">
    <p class='ocr_par' dir='ltr' id='par_1_26' title="bbox 1024 2533 1366 2676">
     <span class='ocr_line' id='line_1_49' title="bbox 1027 2533 1281 2577; baseline -0.024 0"><span class='ocrx_word' id='word_1_204' title='bbox 1027 2533 1281 2577; x_wconf 87' lang='grc'><strong>2431</strong></span> 
     </span>
     <span class='ocr_line' id='line_1_50' title="bbox 1024 2632 1366 2676; baseline -0.003 0"><span class='ocrx_word' id='word_1_205' title='bbox 1024 2632 1366 2676; x_wconf 82' lang='lat'>48621</span> 
     </span>
    </p>
   </div>
   <div class='ocr_carea' id='block_1_25' title="bbox 1027 2732 1464 2787">
    <p class='ocr_par' dir='ltr' id='par_1_27' title="bbox 1027 2732 1464 2787">
     <span class='ocr_line' id='line_1_51' title="bbox 1027 2732 1464 2787; baseline -0.005 -11.972"><span class='ocrx_word' id='word_1_206' title='bbox 1027 2732 1464 2787; x_wconf 56' lang='lat'>7293141</span> 
     </span>
    </p>
   </div>
   <div class='ocr_carea' id='block_1_26' title="bbox 854 2804 1492 2999">
    <p class='ocr_par' dir='ltr' id='par_1_28' title="bbox 854 2804 1492 2999">
     <span class='ocr_line' id='line_1_52' title="bbox 858 2804 1492 2874; baseline -0.002 -1"><span class='ocrx_word' id='word_1_207' title='bbox 858 2804 1492 2874; x_wconf 54' lang='lat' dir='ltr'><em>msffiff—GY‘?</em></span> 
     </span>
     <span class='ocr_line' id='line_1_53' title="bbox 854 2860 1492 2999; baseline 0.002 -26"><span class='ocrx_word' id='word_1_208' title='bbox 854 2860 1492 2999; x_wconf 51' lang='grc' dir='ltr'><em>ῶΙῑὸῖῖιῑῖεῖῖῖ</em></span> 
     </span>
    </p>
   </div>
   <div class='ocr_carea' id='block_1_27' title="bbox 970 2215 977 2539">
    <p class='ocr_par' dir='ltr' id='par_1_29' title="bbox 970 2215 977 2539">
     <span class='ocr_line' id='line_1_54' title="bbox 970 2215 977 2539; baseline 0 681"><span class='ocrx_word' id='word_1_209' title='bbox 970 2215 977 2539; x_wconf 95' lang='lat' dir='ltr'><em> </em></span> 
     </span>
    </p>
   </div>
   <div class='ocr_carea' id='block_1_28' title="bbox 100 2502 435 2509">
    <p class='ocr_par' dir='ltr' id='par_1_30' title="bbox 100 2502 435 2509">
     <span class='ocr_line' id='line_1_55' title="bbox 100 2502 435 2509; baseline 0 711"><span class='ocrx_word' id='word_1_210' title='bbox 100 2502 435 2509; x_wconf 95' lang='lat' dir='ltr'><em> </em></span> 
     </span>
    </p>
   </div>
   <div class='ocr_carea' id='block_1_29' title="bbox 103 2602 438 2609">
    <p class='ocr_par' dir='ltr' id='par_1_31' title="bbox 103 2602 438 2609">
     <span class='ocr_line' id='line_1_56' title="bbox 103 2602 438 2609; baseline 0 611"><span class='ocrx_word' id='word_1_211' title='bbox 103 2602 438 2609; x_wconf 95' lang='lat' dir='ltr'><em> </em></span> 
     </span>
    </p>
   </div>
   <div class='ocr_carea' id='block_1_30' title="bbox 583 2694 596 2705">
    <p class='ocr_par' dir='ltr' id='par_1_32' title="bbox 583 2694 596 2705">
     <span class='ocr_line' id='line_1_57' title="bbox 583 2694 596 2705; baseline 0 515"><span class='ocrx_word' id='word_1_212' title='bbox 583 2694 596 2705; x_wconf 95' lang='lat' dir='ltr'><em> </em></span> 
     </span>
    </p>
   </div>
   <div class='ocr_carea' id='block_1_31' title="bbox 102 2698 438 2707">
    <p class='ocr_par' dir='ltr' id='par_1_33' title="bbox 102 2698 438 2707">
     <span class='ocr_line' id='line_1_58' title="bbox 102 2698 438 2707; baseline 0 0"><span class='ocrx_word' id='word_1_213' title='bbox 102 2698 438 2707; x_wconf 95' lang='lat' dir='ltr'><em> </em></span> 
     </span>
    </p>
   </div>
   <div class='ocr_carea' id='block_1_32' title="bbox 85 2807 174 3005">
    <p class='ocr_par' dir='ltr' id='par_1_34' title="bbox 85 2807 174 3005">
     <span class='ocr_line' id='line_1_59' title="bbox 85 2807 174 3005; baseline 0 0"><span class='ocrx_word' id='word_1_214' title='bbox 85 2807 174 3005; x_wconf 95' lang='lat' dir='ltr'><em>  </em></span> 
     </span>
    </p>
   </div>
   <div class='ocr_carea' id='block_1_33' title="bbox 166 2728 967 2999">
    <p class='ocr_par' dir='ltr' id='par_1_35' title="bbox 166 2728 967 2999">
     <span class='ocr_line' id='line_1_60' title="bbox 187 2728 967 2799; baseline 0 -28"><span class='ocrx_word' id='word_1_215' title='bbox 187 2728 355 2781; x_wconf 77' lang='grc' dir='ltr'>θέρμος</span> <span class='ocrx_word' id='word_1_216' title='bbox 467 2734 573 2774; x_wconf 85' lang='grc'><strong>1152</strong></span> <span class='ocrx_word' id='word_1_217' title='bbox 628 2732 719 2799; x_wconf 89' lang='lat'><em>900</em></span> <span class='ocrx_word' id='word_1_218' title='bbox 729 2732 837 2774; x_wconf 88' lang='grc'><strong>1296</strong></span> <span class='ocrx_word' id='word_1_219' title='bbox 883 2731 967 2772; x_wconf 89' lang='grc'><strong>864</strong></span> 
     </span>
     <span class='ocr_line' id='line_1_61' title="bbox 166 2803 966 2881; baseline 0.005 -12"><span class='ocrx_word' id='word_1_220' title='bbox 166 2826 383 2881; x_wconf 87' lang='grc' dir='ltr'>κεράτιον</span> <span class='ocrx_word' id='word_1_221' title='bbox 463 2833 574 2874; x_wconf 87' lang='grc'><strong>2304</strong></span> <span class='ocrx_word' id='word_1_222' title='bbox 589 2833 710 2872; x_wconf 47' lang='grc' dir='ltr'><em>ι1800</em></span> <span class='ocrx_word' id='word_1_223' title='bbox 726 2833 836 2873; x_wconf 83' lang='grc'><strong>2592</strong></span> <span class='ocrx_word' id='word_1_224' title='bbox 856 2803 966 2809; x_wconf 60' lang='grc'><strong>-</strong></span> 
     </span>
     <span class='ocr_line' id='line_1_62' title="bbox 174 2869 836 2999; baseline 0.006 -29"><span class='ocrx_word' id='word_1_225' title='bbox 174 2929 375 2980; x_wconf 79' lang='grc' dir='ltr'>χαλκοῦ(</span> <span class='ocrx_word' id='word_1_226' title='bbox 463 2933 574 2973; x_wconf 86' lang='grc'><strong>6144</strong></span> <span class='ocrx_word' id='word_1_227' title='bbox 453 2869 719 2999; x_wconf 22' lang='lat' dir='ltr'><em>&amp;iffi</em></span> <span class='ocrx_word' id='word_1_228' title='bbox 727 2903 836 2973; x_wconf 50' lang='lat'><em>631}</em></span> 
     </span>
    </p>
   </div>
   <div class='ocr_carea' id='block_1_34' title="bbox 971 2541 977 2852">
    <p class='ocr_par' dir='ltr' id='par_1_36' title="bbox 971 2541 977 2852">
     <span class='ocr_line' id='line_1_63' title="bbox 971 2541 977 2852; baseline 0 368"><span class='ocrx_word' id='word_1_229' title='bbox 971 2541 977 2852; x_wconf 95' lang='lat' dir='ltr'><em> </em></span> 
     </span>
    </p>
   </div>
   <div class='ocr_carea' id='block_1_35' title="bbox 88 2908 587 3016">
    <p class='ocr_par' dir='ltr' id='par_1_37' title="bbox 88 2908 587 3016">
     <span class='ocr_line' id='line_1_64' title="bbox 88 2908 587 3016; baseline 0 -11"><span class='ocrx_word' id='word_1_230' title='bbox 88 2908 587 3016; x_wconf 95' lang='lat' dir='ltr'><em>  </em></span> 
     </span>
    </p>
   </div>
   <div class='ocr_carea' id='block_1_36' title="bbox 1512 2799 1612 2807">
    <p class='ocr_par' dir='ltr' id='par_1_38' title="bbox 1512 2799 1612 2807">
     <span class='ocr_line' id='line_1_65' title="bbox 1512 2799 1612 2807; baseline 0 413"><span class='ocrx_word' id='word_1_231' title='bbox 1512 2799 1612 2807; x_wconf 95' lang='lat' dir='ltr'><em> </em></span> 
     </span>
    </p>
   </div>
   <div class='ocr_carea' id='block_1_37' title="bbox 103 2802 436 2811">
    <p class='ocr_par' dir='ltr' id='par_1_39' title="bbox 103 2802 436 2811">
     <span class='ocr_line' id='line_1_66' title="bbox 103 2802 436 2811; baseline 0 409"><span class='ocrx_word' id='word_1_232' title='bbox 103 2802 436 2811; x_wconf 95' lang='lat' dir='ltr'><em> </em></span> 
     </span>
    </p>
   </div>
   <div class='ocr_carea' id='block_1_38' title="bbox 1474 2807 1613 3016">
    <p class='ocr_par' dir='ltr' id='par_1_40' title="bbox 1474 2807 1613 3016">
     <span class='ocr_line' id='line_1_67' title="bbox 1512 2807 1613 2894; baseline 0 0"><span class='ocrx_word' id='word_1_233' title='bbox 1512 2807 1613 2894; x_wconf 95' lang='lat' dir='ltr'><em>  </em></span> 
     </span>
     <span class='ocr_line' id='line_1_68' title="bbox 1474 2994 1529 3016; baseline 0 0"><span class='ocrx_word' id='word_1_234' title='bbox 1474 2994 1529 3016; x_wconf 95' lang='lat' dir='ltr'><em>  </em></span> 
     </span>
    </p>
   </div>
   <div class='ocr_carea' id='block_1_39' title="bbox 1543 2837 1564 2875">
    <p class='ocr_par' dir='ltr' id='par_1_41' title="bbox 1543 2837 1564 2875">
     <span class='ocr_line' id='line_1_69' title="bbox 1543 2837 1564 2875; baseline 0 0"><span class='ocrx_word' id='word_1_235' title='bbox 1543 2837 1564 2875; x_wconf 93' lang='lat'><strong>1</strong></span> 
     </span>
    </p>
   </div>
   <div class='ocr_carea' id='block_1_40' title="bbox 1529 2931 1582 2988">
    <p class='ocr_par' dir='ltr' id='par_1_42' title="bbox 1529 2931 1582 2988">
     <span class='ocr_line' id='line_1_70' title="bbox 1529 2931 1582 2988; baseline 0 0"><span class='ocrx_word' id='word_1_236' title='bbox 1529 2931 1582 2988; x_wconf 72' lang='lat'><em>23</em></span> 
     </span>
    </p>
   </div>
   <div class='ocr_carea' id='block_1_41' title="bbox 600 2818 1613 3016">
    <p class='ocr_par' dir='ltr' id='par_1_43' title="bbox 600 2818 1613 3016">
     <span class='ocr_line' id='line_1_71' title="bbox 600 2818 1613 3016; baseline -0.001 -22"><span class='ocrx_word' id='word_1_237' title='bbox 600 2912 854 2994; x_wconf 95' lang='lat' dir='ltr'><em>  </em></span> <span class='ocrx_word' id='word_1_238' title='bbox 1564 2818 1613 3016; x_wconf 95' lang='lat' dir='ltr'><em>       </em></span> 
     </span>
    </p>
   </div>
   <div class='ocr_carea' id='block_1_42' title="bbox 103 2902 438 2910">
    <p class='ocr_par' dir='ltr' id='par_1_44' title="bbox 103 2902 438 2910">
     <span class='ocr_line' id='line_1_72' title="bbox 103 2902 438 2910; baseline 0 310"><span class='ocrx_word' id='word_1_239' title='bbox 103 2902 438 2910; x_wconf 95' lang='lat' dir='ltr'><em> </em></span> 
     </span>
    </p>
   </div>
   <div class='ocr_carea' id='block_1_43' title="bbox 1495 2713 1505 3001">
    <p class='ocr_par' dir='ltr' id='par_1_45' title="bbox 1495 2713 1505 3001">
     <span class='ocr_line' id='line_1_73' title="bbox 1495 2713 1505 3001; baseline 0 219"><span class='ocrx_word' id='word_1_240' title='bbox 1495 2713 1505 3001; x_wconf 95' lang='lat' dir='ltr'><em> </em></span> 
     </span>
    </p>
   </div>
   <div class='ocr_carea' id='block_1_44' title="bbox 841 2789 848 2995">
    <p class='ocr_par' dir='ltr' id='par_1_46' title="bbox 841 2789 848 2995">
     <span class='ocr_line' id='line_1_74' title="bbox 841 2789 848 2995; baseline 0 225"><span class='ocrx_word' id='word_1_241' title='bbox 841 2789 848 2995; x_wconf 95' lang='lat' dir='ltr'><em> </em></span> 
     </span>
    </p>
   </div>
   <div class='ocr_carea' id='block_1_45' title="bbox 592 2994 995 3016">
    <p class='ocr_par' dir='ltr' id='par_1_47' title="bbox 592 2994 995 3016">
     <span class='ocr_line' id='line_1_75' title="bbox 592 2994 995 3005; baseline 0 215"><span class='ocrx_word' id='word_1_242' title='bbox 592 2994 995 3005; x_wconf 95' lang='lat' dir='ltr'><em> </em></span> 
     </span>
     <span class='ocr_line' id='line_1_76' title="bbox 592 3005 995 3016; baseline 0 204"><span class='ocrx_word' id='word_1_243' title='bbox 592 3005 995 3016; x_wconf 95' lang='lat' dir='ltr'><em> </em></span> 
     </span>
    </p>
   </div>
  </div>
 </body>
</html>
