1946 3220
1573 13 1582 20 ,
1598 2 1647 19 *κη-
1700 6 1749 22 ff

275 132 339 171 VI
879 132 1193 168 paam-xmo.
1599 120 1615 127 ”
1639 112 1645 114 ’

279 251 366 307 sit,
395 255 446 294 ut
471 247 739 293 infinitivum
764 245 1048 291 intercidisse
1075 245 1221 300 dicat;
1258 260 1412 292 verum
1442 235 1630 307 apparet
1653 259 1837 310 ipsum

274 331 527 379 possumus
570 317 766 362 alienum
810 330 910 362 esse
955 314 1010 362 ab
1059 315 1147 362 hoc
1187 316 1290 362 loco
1339 322 1386 362 et
1429 319 1723 376 posuimus,
1743 322 1843 371 ‘su

277 389 443 448 vulgo,
485 386 730 446 legendum
768 399 885 432 esse.
921 409 992 420 -—
1024 385 1073 431 P.
1101 385 1195 445 55,
1225 380 1255 432 2
1294 393 1403 433 nota
1427 392 1464 446 Q
1491 401 1576 447 pro
1602 387 1657 433 vl
1683 389 1786 439 εις·
1788 391 1839 455 {34

277 456 622 517 Petropolitano
651 456 804 502 codice
831 458 1013 518 saepius
1033 463 1080 502 et
1103 457 1149 501 in
1167 457 1476 503 vetustissimo
1500 457 1661 504 Isidori
1685 457 1806 505 lib(
1787 464 1851 548 4
1923 462 1927 513 ζ

277 530 333 573 iis
368 527 482 572 locis
520 528 599 586 qui
635 526 752 587 apud
789 540 874 573 nos
903 533 1011 573 sunt
1041 541 1085 588 p.
1116 526 1242 586 109,
1273 526 1336 574 13
1365 533 1480 588 etp.
1509 526 1639 586 121,
1666 527 1698 575 8
1737 518 1822 602 itii}
1918 518 1928 531 ’

275 598 1855 646 venitur..

388 666 504 712 112.
539 666 647 712 Vide
670 666 952 713 Gromaticos
971 674 1146 712 veteres
1173 680 1226 712 ex
1244 667 1515 713 recensione
1531 616 1864 732 Lachmann&
1936 712 1938 725 ,

278 753 322 798 p.
350 738 431 784 30.
485 736 668 782 Codices
704 744 812 783 sunt
837 737 876 782 A
908 736 1610 796 Arcerianus,EE1furtensis;
1649 738 1720 784 La
1747 738 1817 784 si·
1851 745 1862 757 ”
1938 726 1942 775 ἶ

280 806 466 868 gnificat
496 807 768 867 scripturam
795 822 820 853 a
847 807 1133 854 Lachmanno
1163 808 1355 864 editam,
1394 822 1419 853 a
1453 822 1543 868 qua
1575 822 1662 868 ego
1693 821 1808 854 non-

277 878 414 923 nullis
451 877 564 922 locis
601 878 664 922 ita
700 880 896 936 recessi,
932 885 984 924 ut
1012 884 1214 924 veterum
1241 878 1464 924 librorum
1489 879 1808 925 auctoritatem
1835 864 1874 941 3³42*

277 947 570 1008 praeferrem.
622 947 812 1008 Figuras
841 954 1079 1008 corruptas
1106 949 1152 992 in
1177 947 1218 992 A
1243 949 1441 994 restitui.
1843 944 1866 993 τ’

388 1017 505 1065 113.
543 1018 651 1062 Vide
677 1018 784 1064 ibid.
811 1033 854 1078 p.
878 1017 962 1075 94,
992 1017 1180 1075 9—95,
1205 1019 1271 1065 10
1297 1025 1342 1064 et
1368 1018 1452 1075 96,
1482 1017 1806 1076 21—97,13.

278 1088 387 1133 Nam
430 1087 580 1132 locum
627 1088 954 1148 interpolatum
992 1089 1069 1148 qui
1105 1103 1149 1148 p.
1179 1087 1244 1134 95
1273 1103 1310 1134 s.
1348 1088 1518 1147 legitur
1563 1086 1871 1150 separatim}

279 1158 395 1203 edidi
422 1155 492 1214 (fr.
525 1157 660 1216 128).
1796 1154 1871 1202 -ἑῗ
1900 1182 1902 1184 -

389 1226 504 1272 114.
542 1227 650 1272 Vide
675 1227 781 1273 1de
813 1243 858 1288 p.
886 1228 1005 1285 121,
1032 1226 1328 1285 25-123,
1360 1228 1440 1274 10.
1484 1227 1671 1274 Codices
1702 1233 1811 1272 sunt
1839 1218 1883 1277 §T

278 1297 512 1343 Arceriani
538 1311 644 1356 pars
674 1298 816 1343 altera
842 1298 879 1342 B
907 1304 952 1344 et
978 1298 1204 1343 Gudianus
1232 1300 1283 1343 G.
1337 1298 1521 1344 Duobus
1555 1298 1670 1344 locis
1699 1302 1810 1343 nota
1856 1322 1870 1331 ι
1918 1310 1942 1330 -’

282 1366 461 1412 trientis
489 1368 535 1412 in
565 1367 691 1413 libris
715 1375 930 1429 corrupta
956 1374 1027 1413 est
1057 1375 1135 1413 aut
1158 1369 1205 1413 in
1231 1369 1260 1414 Ι.
1287 1369 1335 1414 L.
1364 1367 1418 1427 (B
1442 1383 1487 1428 p.
1515 1367 1599 1425 59,
1622 1366 1706 1426 24)
1733 1368 1812 1412 aut
1838 1363 1872 1420 :³3⁶

281 1440 326 1482 in
351 1437 383 1482 L
411 1436 467 1495 (G
493 1436 621 1496 ibid.)
663 1444 741 1483 aut
775 1439 822 1482 in
857 1439 892 1483 11
933 1437 1028 1497 (BG
1054 1453 1100 1498 p.
1131 1439 1225 1497 61,
1253 1438 1318 1497 1).
1378 1438 1459 1484 Ubi
1495 1437 1811 1483 Lachmannus
1854 1452 1879 1502 j

282 1507 510 1566 expressit
535 1507 809 1567 duplicatam
836 1509 957 1553 illam
984 1510 1201 1553 sextantis
1229 1515 1383 1554 notam
1416 1521 1530 1568 quae
1554 1507 1713 1552 similis
1742 1512 1812 1552 est
1845 1511 1887 1565 {a

281 1578 463 1622 litterae
489 1572 521 1623 S
550 1591 574 1621 e
603 1579 831 1622 contrario
857 1578 1058 1638 positae;
1088 1591 1172 1624 nos
1197 1578 1403 1623 dedimus
1428 1576 1503 1635 ΖΖ,
1531 1578 1586 1622 de
1617 1591 1706 1637 qua
1729 1590 1812 1622 no·

285 1646 455 1692 tatione
482 1647 598 1692 infra
623 1647 677 1692 ad
703 1648 758 1692 sr.
791 1648 888 1694 133
918 1655 964 1693 et
991 1654 1188 1693 extrema
1217 1649 1300 1693 hac
1328 1647 1610 1708 praefatione
1642 1646 1812 1692 dictum

283 1724 364 1762 est.
396 1741 456 1748 —
486 1717 652 1762 Ibidem
677 1732 720 1777 p.
753 1718 818 1764 60
844 1732 905 1763 vs.
935 1719 964 1764 6
1000 1721 1128 1763 sicut
1160 1718 1382 1763 librorum
1420 1717 1693 1778 scripturam
1719 1729 1834 1763 ser·.
1883 1747 1890 1757 -.

282 1788 378 1850 vavi
415 1801 467 1831 ac
496 1794 658 1846 postea
704 1791 831 1832 sicut
867 1790 1062 1833 videtur
1104 1788 1365 1844 interclusi,
1407 1802 1496 1847 quo
1534 1787 1653 1833 facto
1690 1785 1814 1831 nulla

287 1857 479 1902 offensio
506 1857 796 1917 relinquitur.
823 1883 892 1890 —
921 1859 1032 1904 Tum
1060 1873 1105 1918 p.
1133 1859 1215 1914 60,
1244 1858 1309 1904 25
1336 1858 1486 1904 locum
1520 1858 1574 1903 de
1602 1871 1692 1917 quo
1725 1855 1813 1901 iam
1861 1891 1888 1912 4,

283 1941 427 1987 paene
467 1927 808 1987 desperaveram
844 1928 1072 1974 levissima
1106 1930 1360 1974 mutatione
1399 1929 1547 1974 sanari
1580 1941 1719 1988 posse
1746 1927 1815 1971 in·

285 1997 451 2042 tellexi.
499 1996 608 2042 Nam
646 2012 747 2043 cum
782 1999 821 2042 B
857 1999 1020 2045 habeat
1053 2004 1354 2057 ῙΤναηὶαενο,
1397 1999 1441 2043 id
1475 1997 1590 2044 solvi
1625 2001 1671 2043 in
1695 1998 1814 2055 pro-

286 2068 438 2113 deum
459 2081 592 2124 vero,
613 2068 835 2128 reliquam
866 2076 1016 2114 autem
1041 2071 1272 2115 Arceriani
1302 2070 1573 2128 scripturam
1598 2069 1810 2112 intactam
1877 2104 1895 2132 .-·

208 2155 214 2160 ’
284 2136 464 2197 reliqui.
493 2162 563 2171 —-
588 2138 787 2198 Denique
809 2154 854 2199 p.
884 2140 967 2197 61,
993 2138 1025 2184 4
1060 2139 1274 2184 medimni
1306 2138 1561 2184 aestimatio
1594 2135 1813 2182 monetali
1860 2168 1863 2169 ν
1928 2161 1931 2164 <

238 2260 241 2261 ⁷
286 2220 522 2263 mensura,
554 2214 604 2252 ut
633 2215 758 2253 recte
787 2208 1098 2254 Lachmannus
1125 2209 1335 2265 adnotat,
1372 2207 1504 2252 debet
1540 2220 1640 2252 esse
1678 2211 1813 2266 iuqe-

231 2265 241 2275 ‘
285 2292 390 2322 rum
417 2292 583 2334 unum,
610 2281 826 2337 unciam,
857 2279 1109 2324 dimidium
1135 2279 1398 2336 scripulum
1425 2275 1511 2336 (Ξ
1536 2273 1715 2340 Ιξπῆῴ
1749 2282 1815 2322 at·
1861 2275 1864 2277 ’

288 2361 375 2407 que
403 2348 447 2393 id
475 2349 623 2407 ipsum
662 2349 913 2408 exprimere
941 2349 1084 2394 voluit
1109 2349 1447 2403 Lachmannus·,
1477 2348 1633 2407 posuit
1663 2352 1813 2392 autem

286 2431 368 2476 pro
396 2418 581 2463 dimidio
610 2419 811 2478 scripulo
838 2419 1112 2464 dimidiae
1144 2417 1434 2474 sextulae,
1466 2417 1510 2462 h.
1537 2431 1576 2462 e.
1602 2417 1814 2462 binorum
1847 2411 1850 2414 ’
1875 2431 1877 2433 ·

288 2487 618 2547 scripulorum,
669 2496 821 2534 notam
840 2524 852 2545 ,
899 2489 1018 2548 quod
1066 2489 1249 2549 probari
1292 2503 1385 2534 non
1432 2501 1570 2547 posse
1612 2491 1813 2546 apparet.
1874 2490 1889 2506 ³*

290 2557 478 2602 Omnino
521 2565 671 2603 autem
706 2559 901 2604 alienum
946 2573 1047 2604 esse
1085 2559 1200 2604 duco
1236 2558 1373 2603 ullam
1408 2557 1579 2602 dimidii
1627 2554 1815 2616 scripuli
1857 2588 1870 2612 ζ
1892 2552 1904 2585 Τ
1928 2559 1939 2607 ζ

288 2632 442 2670 notam
483 2628 743 2674 coniectura
789 2628 1033 2689 effingere,
1084 2642 1215 2688 quam
1257 2641 1479 2687 nusquam
1514 2626 1704 2671 inveniri
1740 2638 1815 2671 ex·

290 2697 461 2753 pressis
489 2697 637 2742 verbis
675 2698 834 2743 scribit
866 2699 1118 2744 Maecianus
1144 2698 1191 2756 (ss
1221 2697 1333 2756 39),
1370 2710 1455 2742 nec
1493 2709 1597 2741 vero
1624 2710 1710 2755 ego
1737 2708 1814 2740 us·

293 2778 425 2823 quam
453 2769 648 2825 repperi.
698 2768 805 2813 Nam
831 2769 885 2813 de
912 2767 1192 2828 ponderibus
1221 2767 1397 2828 quidem
1423 2768 1459 2811 si
1487 2767 1654 2825 agitur,
1685 2764 1814 2809 dimi·
1856 2763 1903 2824 35:

292 2834 414 2877 dium
442 2836 691 2894 scripulum
721 2845 790 2883 est
817 2838 1004 2883 obolus:
1043 2845 1088 2883 at
1123 2838 1224 2898 quis
1261 2851 1367 2882 sana
1404 2837 1580 2881 ratione
1615 2835 1704 2880 hoc
1726 2833 1814 2893 Hye·

290 2904 384 2961 gini
421 2903 523 2949 loco
562 2904 683 2949 oboli
724 2914 876 2952 notam
913 2907 1139 2954 inculcare
1177 2906 1364 2952 audeat?
1414 2904 1499 2950 Sed
1543 2911 1691 2951 tamen
1731 2914 1816 2964 per
