1946 3220
521 19 534 29 .
574 0 576 2 ’
614 2 644 15 ν·
683 0 1425 30 >““7Ψ·’**ι-··*“νᾱ“*“*“ψ
1463 0 1467 2 ·
1500 0 1529 3 ff
1564 0 1568 4 ’

602 149 935 187 scium-ones
962 144 1236 187 RouAnos.
1591 166 1594 170 -
1613 135 1676 187 13

85 325 91 330 ὁ
261 264 382 322 Quae
417 277 520 311 cum
554 266 618 311 ita
656 265 775 322 sint,
808 264 945 312 facile
980 265 1319 313 demonstratur
1343 266 1410 311 via
1438 278 1463 310 a
1498 267 1677 311 nemine

71 344 76 349 '
151 335 300 382 adhuc
326 335 503 381 inventa
530 334 585 380 ad
609 334 914 395 explicandam
949 342 1218 382 sextantem
1244 347 1368 396 quae
1395 335 1563 380 eadem
1589 336 1675 380 do-

67 411 70 414 ’
99 431 105 435 ·
156 407 310 451 draus
351 405 627 464 appellatur
661 403 744 465 (6).
818 405 994 451 Etenim
1041 420 1173 466 quam
1219 405 1374 451 Graeci
1418 418 1675 452 mensuram

160 471 418 534 επιθαμήν
446 475 682 531 vocabant,
710 488 759 520 ea
786 477 1035 535 antiquitus
1054 476 1200 522 aliena
1220 483 1317 521 erat
1336 476 1675 522 aRomanorum

157 559 267 602 usu,
294 545 413 590 unde
438 559 495 590 ne
523 558 671 590 sermo
699 545 877 605 quidem
904 546 1090 592 Latinus
1117 548 1352 607 proprium
1379 547 1473 592 eius
1499 560 1678 592 mensu-

154 629 232 662 rae
256 615 522 661 vocabulum
550 614 765 668 habebat;
807 616 884 661 sed
910 617 1131 680 vocabant
1156 630 1254 662 eam
1281 630 1332 661 ex
1358 618 1472 662 assis
1501 618 1676 663 ratione

155 686 448 742 dodrantem,
485 686 573 732 hoc
597 691 668 730 est
693 685 824 745 pedis
864 694 1048 745 quartas
1074 693 1226 747 partes
1254 693 1362 731 tres.
1423 687 1511 731 Iam
1539 686 1577 731 si
1605 701 1677 732 ea-

155 756 255 802 dem
283 770 308 801 a
332 755 469 801 Balbo
498 762 735 801 sextans
761 763 917 801 vocata
945 764 1042 815 est,
1079 757 1221 802 fuisse
1249 762 1432 817 oportet
1458 757 1676 803 maiorem

155 824 349 886 aliquam
377 839 662 881 mensuram,
702 827 833 872 cuius
869 834 993 872 sexta
1018 841 1123 887 pars
1150 828 1250 887 ipsa
1277 827 1499 886 spithama
1525 826 1678 872 habita

154 895 230 944 sit.
275 896 540 956 Ubicunque
564 909 770 956 quaeres,
798 896 909 941 nihil
935 898 1135 942 invenies
1163 896 1287 957 quod
1312 897 1550 942 conveniat
1575 897 1678 942 huic
1734 900 1736 902 ’

156 967 351 1012 sextanti
378 965 464 1010 nisi
491 967 820 1026 Aegyptiorum
847 961 1010 1014 Ξύλον
1027 1003 1040 1025 ,
1067 968 1138 1012 oui
1165 974 1258 1012 tres
1285 966 1426 1012 cubiti
1453 966 1499 1011 in
1527 967 1678 1012 tabula

153 1036 407 1082 Heroniana
433 1037 750 1097 antiquissima
779 1037 1034 1082 tribuunter
1061 1036 1134 1095 (fr.
1167 1031 1344 1098 4,’14).
1419 1037 1543 1082 Unde
1570 1038 1679 1083 haec

154 1106 435 1166 iurercolligi
462 1120 599 1166 posse
626 1106 848 1152 arbitror:
887 1102 1067 1166 ξύλον,
1094 1108 1328 1167 antiquam
1346 1107 1678 1167 Aegyptiorum

154 1190 432 1233 mensuram,
462 1191 547 1236 qua
567 1178 774 1222 itinerum
802 1178 946 1238 spatia
965 1173 1387 1239 metirentur,(prol.
1403 1177 1431 1236 S
1447 1177 1511 1224 17.
1526 1175 1678 1239 extu),

155 1247 299 1292 fuisse
333 1248 551 1307 perticam
587 1247 779 1307 ligneam
814 1273 876 1279 —
906 1254 951 1292 et
986 1248 1030 1293 id
1061 1248 1240 1308 quidem
1266 1250 1368 1307 ipso
1394 1249 1576 1293 nomine
1603 1248 1679 1293 de·

155 1323 442 1362 monstratur
471 1342 532 1352 -
561 1317 745 1362 divisam
777 1319 821 1362 in
852 1324 943 1363 tres
968 1317 1147 1363 cubitos
1172 1317 1396 1378 binosque
1422 1317 1679 1364 cubitorum

157 1388 397 1443 semisses,
438 1388 523 1432 hoc
556 1393 626 1432 est
661 1400 738 1432 sex
766 1388 1036 1447 spithamas:
1074 1388 1202 1433 cuius
1230 1388 1320 1448 xyli
1347 1402 1478 1433 usum
1507 1388 1561 1434 ad
1584 1390 1677 1449 pri·

155 1469 278 1502 mum
317 1470 463 1516 usque
490 1471 533 1516 p.
562 1456 663 1502 Chr.
693 1471 741 1501 n.
776 1457 1005 1503 saeculum
1042 1459 1315 1518 pertinuisse
1336 1482 1406 1490 —
1431 1472 1523 1503 non
1560 1459 1677 1504 enim

155 1533 284 1572 antea
322 1528 539 1586 scriptam
576 1540 676 1572 esse
711 1526 901 1572 vidimus
938 1527 1136 1573 tabulam
1174 1528 1472 1574 Heronianam
1499 1529 1513 1572 Ι
1544 1528 1678 1589 (prol.

155 1596 185 1655 S
225 1594 305 1658 12)
341 1622 411 1630 —
446 1604 582 1657 atque
620 1597 722 1642 inde
760 1597 987 1643 Romanos
1029 1598 1363 1656 agrimensores
1403 1593 1676 1657 επιθαμήν,

154 1673 317 1727 utpote
361 1667 548 1712 alienam
586 1682 610 1712 a
654 1682 738 1712 suo
785 1681 995 1713 sermone
1013 1704 1027 1725 ,
1074 1682 1364 1728 nuncupasse
1403 1675 1678 1721 sextantem;

156 1738 261 1782 hinc
301 1737 497 1796 denique
530 1736 740 1794 Balbum,
775 1751 876 1782 cum
912 1739 1134 1783 Romanas
1171 1750 1408 1784 mensuras
1447 1739 1501 1784 ad
1535 1739 1681 1799 Aegy-

155 1805 358 1868 ptiarum
396 1807 649 1852 tabularum
685 1807 1025 1852 similitudinem
1063 1807 1368 1865 describeret,
1406 1810 1554 1868 ipsum
1582 1809 1679 1868 qui·

155 1877 256 1922 dem
285 1877 464 1937 xyIum,
503 1879 738 1938 proprium
766 1878 1122 1938 Aegyptiorum,
1160 1884 1284 1923 recte
1310 1877 1546 1935 omisisse,
1586 1892 1681 1923 ser-

155 1953 476 1999 vassetamen
528 1950 746 1993 sextantis
787 1947 1138 2008 appellationem
1176 1948 1390 1994 usitatam
1432 1949 1485 1993 iis
1520 1948 1681 1994 Roma-

157 2031 320 2062 norum
357 2018 619 2077 gromaticis
657 2018 731 2078 qui
766 2020 811 2062 in
838 2019 1044 2079 Aegypto
1073 2020 1301 2078 provincia
1330 2019 1452 2077 agris
1480 2025 1524 2064 et
1550 2018 1681 2063 itine-

155 2087 286 2133 ribus
323 2088 606 2134 dimetiendis
643 2088 856 2148 praesecti
887 2096 1040 2145 erant,
1082 2089 1356 2149 eandemque
1388 2103 1411 2134 a
1439 2089 1679 2149 spithama,

155 2159 366 2218 Aegyptii
406 2159 546 2204 cubiti
583 2158 796 2217 semisse,
834 2158 1123 2204 transtulisse
1151 2159 1205 2204 ad
1232 2159 1359 2219 pedis
1387 2159 1574 2204 Romani
1603 2159 1682 2204 do-

156 2227 378 2274 drantem.

158 2447 475 2475 mensurarum
513 2435 854 2488 appellationes
897 2440 1234 2476 enumerantur.
1295 2435 1410 2474 Tum
1450 2434 1507 2474 ad
1545 2434 1679 2478 Balb.

159 2491 184 2540 ἓ
215 2493 240 2532 3
274 2491 396 2532 conf.
428 2492 538 2532 Her.
571 2493 632 2541 11,
665 2494 704 2542 2,
737 2492 867 2532 Eucl.
901 2495 940 2543 2,
974 2497 1220 2545 praeterea
1255 2492 1392 2531 etiam
1424 2491 1537 2531 Her.
1569 2492 1606 2542 Ι,
1639 2492 1680 2532 5.

159 2546 285 2599 V‚2;
319 2570 373 2575 -—
405 2547 463 2587 ad
493 2549 518 2598 ξ
547 2549 575 2588 4
604 2549 715 2588 Her.
747 2549 808 2601 11,
832 2552 880 2597 33
906 2570 961 2576 .-
1000 2548 1057 2587 ad
1087 2549 1110 2597 ξ
1141 2549 1166 2587 5
1190 2548 1299 2587 Her.
1322 2549 1363 2597 4,
1395 2547 1526 2588 Eucl.
1560 2549 1683 2597 3;—

161 2603 221 2643 ad
250 2603 274 2652 ξ
305 2604 331 2642 6
363 2603 472 2643 Her.
506 2606 551 2651 5,
602 2604 735 2644 Eucl.
767 2606 816 2655 43
870 2618 926 2644 ac
966 2604 1032 2643 sic
1064 2603 1249 2655 'reliqua
1281 2603 1523 2656 deinceps,
1564 2615 1682 2656 quae

161 2659 434 2712 singillatim
468 2660 630 2700 afferre
662 2661 776 2700 nihil
800 2661 984 2702 attinet.
1027 2659 1116 2699 Sed
1137 2659 1223 2699 hoc
1245 2672 1336 2699 non
1367 2659 1680 2711 omittendum,

161 2715 369 2768 iugerum
402 2728 430 2755 a
459 2716 606 2757 Balbo
648 2718 863 2757 omissum
903 2728 1002 2756 esse
1047 2729 1101 2755 ex
1144 2716 1391 2756 earundem
1421 2715 1682 2756 tabularum

163 2772 453 2813 auctoritate.
514 2773 724 2825 Denique
759 2773 907 2812 altera
938 2784 1045 2823 pars
1079 2771 1265 2811 tabulae
1297 2771 1458 2822 Balbi,
1507 2785 1595 2824 qua
1626 2771 1682 2811 de

162 2827 396 2879 quadratis
437 2831 483 2868 et
522 2829 698 2868 cubicis
738 2828 962 2868 mensuris
1007 2827 1180 2880 agitur,
1231 2828 1424 2869 liberius
1463 2840 1681 2881 expressa

164 2887 255 2978 eptd
273 2883 330 2923 ad
366 2883 714 2925 similitudinem
751 2884 1046 2924 Heronianae
1085 2884 1132 2924 II
1171 2884 1276 2924 inde
1308 2899 1334 2924 a.
1365 2885 1390 2934 ἓ
1422 2886 1475 2925 15
1515 2889 1559 2925 et
1590 2885 1681 2924 Eu-

164 2938 225 2978 ei
260 2951 341 2978 eae
374 2940 398 2988 ἓ
431 2941 495 2980 13.
