1946 3220
548 163 868 199 sommium
895 164 1154 199 amcos.
1513 146 1615 200 143

0 331 1 339 ἵ
30 293 36 299 ·
86 292 189 326 cum
216 280 263 324 in
292 277 392 325 aliis
422 275 711 325 bibliothecis
740 284 838 323 tum
873 278 920 324 in
955 277 1162 324 Parisina
1198 283 1270 324 tot
1297 277 1395 324 eius
1430 280 1614 340 generis

0 358 1 363 ’
84 348 340 410 fragmenta
383 347 527 396 latere
572 349 810 409 suspicor,
853 356 906 395 ut
940 350 979 394 si
1014 350 1116 410 quis
1161 349 1311 394 omnia
1357 349 1613 410 collegerit,

0 433 1 467 1
83 419 217 466 facile
242 419 401 480 viginti
428 419 670 479 trigintave
702 419 848 464 varias
883 418 1008 465 illius
1039 425 1264 466 >tractatus
1292 419 1463 467 formas
1490 420 1616 467 exhi·

81 490 191 537 bere
224 490 390 552 possit.
453 489 548 550 Ego
585 488 632 535 in
665 495 791 535 tanta
830 491 989 550 copia,
1032 504 1134 536 cum
1174 490 1384 536 omnibus
1419 493 1487 537 uti
1521 505 1614 537 non

81 559 268 620 liceret,
298 573 349 606 ea
374 560 493 621 elegi
521 573 636 621 quae
663 560 774 606 satis
803 573 904 606 esse
932 560 1195 607 viderentur
1221 561 1274 606 ad
1300 561 1615 608 demonstran-

82 631 183 678 dam
209 633 370 677 miram
396 632 444 677 in
468 645 524 677 eo
553 643 721 691 genere
751 631 1030 677 varietatem.
1080 629 1203 686 Quae
1228 645 1349 679 nunc
1376 646 1429 678 ex
1456 633 1613 678 ordine

81 708 409 762 persecuturus
440 714 557 748 sum.

190 786 399 833 Secundo
428 785 532 832 loeo
559 792 669 846 post
700 799 803 831 eum
833 792 1078 833 tractatum
1106 787 1185 846 qui
1211 786 1347 832 modo
1374 786 1613 833 adumbra-

80 863 156 903 tus
181 863 252 903 est
278 882 343 889 —
372 869 507 918 quem
544 856 834 902 Petavianum
867 856 1066 903 breviter
1099 856 1428 917 appellabimus
1457 883 1518 891 —
1550 857 1614 902 af-

79 927 181 974 fero
215 926 534 974 collectionem
570 927 795 987 quandam
834 927 1224 988 copiosissimam,
1272 941 1325 972 ex
1359 927 1611 988 Epiphanio

77 999 268 1044 maxime
294 998 564 1056 derivatam,
599 1012 688 1059 qua
715 998 827 1044 haec
849 998 1145 1044 continentur
1157 993 1220 1058 ³):

148 1097 181 1143 I.
219 1091 331 1145 Τοῦ
357 1091 512 1154 ἁγίου
529 1091 844 1158 Ἐπιφανίου
870 1092 992 1156 περὶ
1014 1091 1222 1157 μέτρων
1243 1092 1327 1144 καὶ
1353 1094 1611 1156 εταθμῶν.

76 1166 159 1214 Hic
192 1168 375 1215 brevius
414 1167 700 1228 explicantur
733 1162 923 1227 κόρος,
963 1162 1142 1227 θεκέλ,
1182 1162 1394 1227 μνάειε,
1431 1163 1612 1227 (ἀτον,

76 1233 279 1299 γομόρ,
315 1232 484 1298 χοίνιξ
512 1234 598 1285 καὶ
623 1232 734 1299 ὑφή
761 1244 845 1285 cet.
892 1238 1072 1284 Nummi
1107 1238 1253 1299 magis
1289 1238 1425 1284 etiam
1457 1239 1614 1286 incon·

77 1309 170 1355 dite
195 1310 443 1355 intermixti
469 1316 577 1355 sunt
599 1311 827 1355 mensuris
854 1323 989 1370 quam
1013 1309 1057 1354 in
1088 1315 1283 1356 tractatu
1307 1309 1566 1356 Petaviano.

146 1393 197 1438 Π.
237 1388 372 1454 Περὶ
395 1387 608 1453 μέτρων
634 1388 852 1454 ἑτέρων.
915 1392 995 1439 Est
1020 1395 1131 1440 haec
1156 1408 1320 1440 rursus
1351 1393 1438 1439 alia
1464 1393 1613 1440 forma

78 1464 280 1511 eiusdem
303 1469 554 1522 tractatus,
581 1478 696 1526 quae
722 1466 867 1525 magis
894 1478 1030 1525 quam
1055 1466 1184 1525 prior
1210 1465 1383 1511 accedit
1408 1463 1464 1510 ad
1490 1465 1613 1510 simi-

73 1533 315 1581 litudinem
348 1534 525 1581 formae
558 1535 851 1593 Petavianae,
894 1535 975 1581 sed
999 1537 1099 1596 ipsa
1125 1548 1308 1596 quoque
1331 1534 1515 1581 brevior
1544 1541 1614 1580 est

76 1619 212 1667 quam
238 1605 329 1652 illa.
386 1605 449 1651 Ea
471 1620 580 1666 pars
610 1605 689 1652 ubi
715 1606 770 1652 de
795 1607 992 1652 nummis
1016 1608 1170 1667 agitur
1197 1608 1260 1652 sic
1285 1606 1470 1666 incipit:
1508 1600 1610 1653 Τά-

74 1672 275 1725 λαντόν
315 1671 419 1724 ἑετι
451 1671 516 1724 τὸ
551 1671 895 1738 ὑπερβάλλον
927 1674 1036 1726 πᾶν
1074 1671 1487 1737 εταθμιζόμενον
1524 1672 1611 1735 με’-

74 1759 221 1806 τρον.
279 1742 414 1796 κατὰ
450 1743 509 1795 δὲ
544 1743 642 1795 τὸν
679 1743 946 1808 λιτριεμόν
990 1742 1098 1808 ρκε’
1134 1744 1331 1807 λιτρῶν
1369 1742 1610 1807 ὑπάρχει.

36 1864 40 1867 ⁴
73 1831 122 1882 ,ς
161 1814 330 1866 λεπτὰ
370 1815 470 1865 τοῦ
509 1813 810 1878 ταλάντου,
844 1813 879 1866 ἃ
914 1814 1028 1880 (eod.
1058 1815 1114 1880 ἇ)
1160 1814 1328 1866 λεπτὰ
1375 1815 1612 1866 καλεῖται

75 1883 305 1948 ἀεεάρια.
359 1883 399 1939 ξ’
434 1884 495 1938 δὲ
530 1883 750 1949 ἀεεάρια
783 1883 1012 1949 ὑπάρχει
1046 1885 1110 1936 τὸ
1147 1883 1419 1949 δηνάριον.
1472 1880 1519 1948 ρ’
1552 1885 1612 1936 δὲ

77 2067 348 2110 coniectura.
380 2073 622 2110 assecutus
654 2073 748 2122 est,
787 2073 838 2109 ut
867 2070 966 2124 ipse
998 2070 1168 2120 iactat,
1210 2068 1293 2110 sed
1332 2040 1555 2110 desumsit
1586 2081 1610 2110 e

77 2123 240 2166 codice
270 2125 378 2166 Par.
410 2126 546 2178 2665,
581 2126 700 2179 quod
731 2125 874 2167 facile
904 2126 1185 2180 perspicitur
1216 2124 1388 2167 collato
1420 2137 1475 2167 eo
1505 2124 1609 2166 loco

75 2193 207 2233 quem
238 2193 378 2235 supra.
406 2181 514 2223 inde
546 2182 684 2223 attuli
716 2182 758 2234 (ἕ
780 2182 848 2234 88,
872 2183 950 2235 ΙΙ).
983 2205 1039 2211 -
1067 2183 1244 2223 Ibidem
1275 2196 1319 2235 p.
1342 2184 1396 2224 92
1429 2181 1607 2222 Salma-

6 2243 10 2246 “
73 2238 169 2278 sius
201 2237 336 2279 affert
366 2238 391 2288 ἓ
421 2236 494 2292 40,
524 2239 606 2280 ubi
634 2237 869 2291 τέταρτον
902 2240 1079 2280 addidit
1107 2239 1172 2291 (v.
1196 2239 1350 2280 adnot.
1385 2237 1527 2290 crit.);
1563 2241 1611 2278 at

75 2293 237 2334 debuit
265 2287 323 2347 η”
345 2294 565 2336 scribere.
598 2317 652 2324 —
683 2296 826 2337 Porro
858 2296 1013 2338 Refut.
1045 2310 1087 2350 p.
1112 2297 1167 2341 24
1188 2308 1226 2336 s.
1257 2296 1306 2336 in
1337 2296 1360 2345 ἓ
1391 2296 1447 2335 42
1479 2307 1609 2347 egre-

73 2351 150 2402 gie
183 2350 315 2391 addit
347 2349 517 2401 ὄγδοον
549 2355 657 2392 ante
687 2353 775 2405 τῆς
806 2350 998 2404 oon-{otc
1031 2350 1092 2405 (v.
1122 2352 1272 2406 praef.
1307 2350 1444 2403 crit.).
1482 2352 1608 2390 Eun-

73 2406 177 2447 dem
205 2405 358 2447 locum
388 2421 431 2460 p.
462 2410 516 2448 37
546 2409 696 2449 minus
728 2414 947 2450 accurate
978 2410 1164 2462 repetit.
1194 2429 1253 2438 —
1281 2408 1459 2448 Ibidem
1488 2420 1531 2460 p.
1556 2407 1609 2447 77

73 2463 191 2504 citat
220 2464 245 2513 ξ
276 2464 333 2503 44
369 2463 457 2504 hoc
496 2464 651 2505 modo:
706 2466 797 2515 μνᾶ
834 2464 940 2506 ἀντὶ
977 2467 1064 2506 τοῦ
1107 2463 1243 2516 μανή.
1303 2466 1363 2516 τῇ
1406 2461 1489 2513 μὲν
1518 2461 1608 2515 γὰρ

71 2516 270 2572 Ἑβραῖοι
309 2519 430 2571 μανὴ
465 2518 491 2560 ὁ
523 2518 754 2572 ἀργυροῦς
791 2522 1021 2563 καλεῖται·
1071 2519 1099 2572 ἡ
1134 2519 1184 2560 δὲ
1223 2521 1314 2571 μνᾶ
1344 2518 1373 2570 ἡ
1410 2519 1606 2570 Ἰταλικὴ

71 2574 418 2628 τεεεαράκοντα
448 2575 702 2628 ετατήρων
732 2575 842 2629 ἑετί,
873 2576 1116 2619 τουτέετιν
1147 2575 1354 2626 οὐγκιῶν
1386 2570 1427 2616 κ’
1446 2573 1607 2627 λίτρας

74 2629 178 2682 μίας
218 2632 323 2684 (sic)
363 2632 439 2674 καὶ
476 2630 699 2685 διμοίρου.
766 2634 900 2674 Haec
952 2647 1007 2674 ex
1054 2634 1172 2674 libro
1224 2633 1420 2686 quodam
1468 2645 1608 2672 manu

73 2690 247 2742 scripto
292 2691 443 2742 petita
484 2703 585 2730 esse
625 2693 820 2744 apparet
857 2703 949 2730 non
990 2690 1127 2730 aliter
1167 2693 1304 2743 atque
1344 2689 1449 2730 illos
1479 2688 1606 2729 locos

74 2744 129 2784 de
171 2758 361 2799 argyro,
403 2746 640 2800 dichryso‚
684 2746 818 2798 folle,
862 2746 917 2786 de
960 2747 1122 2799 quibus
1159 2747 1317 2787 statim
1356 2746 1606 2799 separatim

74 2800 227 2842 dicam
259 2800 382 2854 (adn.
412 2802 477 2854 4).

188 2857 235 2910 3)
269 2859 573 2900 Inveniuntur
602 2859 719 2900 haee
753 2863 801 2899 in
833 2859 991 2900 codiee
1023 2860 1168 2903 Paris.
1203 2860 1328 2909 2665,
1363 2871 1418 2899 ac
1450 2859 1472 2898 I
1506 2858 1602 2911 qui—

76 2912 178 2954 dem
208 2928 316 2968 pars
347 2916 452 2956 inde
485 2929 514 2956 a
545 2916 624 2957 fol.
658 2918 780 2965 204³,
816 2917 861 2956 II
893 2915 971 2958 fol.
1005 2915 1133 2969 2051»,
1166 2917 1235 2957 III
1267 2916 1346 2957 fol.
1381 2917 1462 2957 207
1476 2913 1510 2966 ¹³,
1542 2914 1606 2954 IV

75 2973 121 3010 et
150 2971 191 3012 V
223 2971 302 3016 fol.
334 2973 455 3023 208³,
488 2973 553 3013 V1
584 2972 663 3014 fol.
695 2971 824 3021 208b‚
857 2973 943 3013 VII
975 2972 1053 3014 fol.
1087 2975 1211 3015 209³.
