1946 3220
85 165 187 235 [84]
529 181 681 217 0Av1s
719 182 787 218 Ac
822 182 1172 219 Pommnmus.
1319 192 1322 194 ·
1513 165 1621 219 271

87 291 400 344 διοικεῖςθαι.
461 290 719 357 ἀργύριον
750 294 1016 358 καλοῦμεν
1057 292 1143 346 διὰ
1180 291 1243 345 τὸ
1288 291 1344 347 ἐξ
1378 291 1618 359 ἀργύρου

85 375 353 440 τετύφθαι.
401 376 536 441 μέγα
563 376 622 429 δέ
647 376 804 440 ἐςτιν,
837 376 897 430 ὃς
923 377 1114 442 ἐκλήθη
1142 377 1430 443 ἀργυροῦς,
1457 380 1617 443 δηνα-

16 500 27 510 .-
84 457 230 524 ρίων
247 457 303 524 ρ’.
357 460 578 513 ἕκαςτον
607 462 666 515 δὲ
692 461 949 526 δηνάριον
977 461 1241 527 ἀςςαρίων
1272 461 1411 517 ἐςτὶν
1437 457 1493 516 ξ’.

30 550 60 564 “·
151 542 236 595 24.
274 544 334 597 Ὅ
362 545 421 597 δὲ
447 543 717 609 ἀργυροῦς
743 547 882 610 μανὴ
913 547 1044 611 παρ’
1070 546 1327 611 Ἑβραίοις
1357 546 1580 610 λέγεται.

153 627 237 680 25.
276 626 478 693 Ξέςτης
504 628 804 694 Ἑλληνικὸς
831 630 941 683 ἀπὸ
966 632 1064 684 τοῦ
1092 631 1293 686 ξέεςθαι
1324 631 1390 684 τὰ
1415 631 1618 696 μεγάλα
1648 645 1675 685 5

15 688 33 725 3
82 712 246 778 μέτρα
271 712 342 766 εἰς
369 713 680 779 λεπτότητα.

593 894 674 948 84.
721 896 856 961 Περὶ
886 897 1110 962 μέτρων.

188 1007 233 1059 1.
275 1007 446 1072 Κόρος
462 1007 637 1072 μόδιοι
657 1007 716 1061 λ’·
744 1009 876 1073 παρ’
903 1008 1158 1075 Ἑβραίοις
1185 1009 1244 1062 δὲ
1268 1009 1370 1074 χόρ
1397 1009 1616 1072 λέγεται.

187 1090 234 1143 2.
274 1092 438 1145 Λεθὲκ
462 1092 638 1158 μόδιοι
664 1092 736 1147 ιε’.
1132 1155 1135 1158 ‚

187 1175 235 1228 3.
277 1177 310 1229 Γ
314 1177 450 1241 όμορ
476 1177 678 1242 ὁμοίως
703 1177 878 1242 μόδιοι
906 1172 978 1230 ιε’.
1291 1166 1295 1174 ’
1536 1219 1540 1222 .
1650 1193 1704 1233 10

189 1260 237 1313 4.
280 1260 452 1315 Βάτον
482 1262 676 1326 μέτρον
703 1264 901 1316 ξεςτῶν
927 1255 988 1315 ν’.

186 1344 234 1397 5.
276 1345 479 1398 Μναςὶς
503 1346 630 1398 δέκα
654 1346 829 1410 μόδιοι
855 1345 1000 1399 ςίτου
1024 1346 1057 1410 ἢ
1083 1348 1262 1411 κριθῆς
1289 1345 1530 1411 εἴληπται
1559 1346 1618 1399 ἐκ

79 1431 177 1484 τοῦ
204 1429 425 1494 μεδιοὺμ
450 1429 741 1495 Ῥωμαίου,
772 1429 803 1481 ὅ
830 1429 933 1483 ἐςτι
957 1430 1133 1494 μέςον.

186 1512 232 1565 6.
276 1513 570 1579 Μέδιμνος·
600 1514 883 1578 Εαλαμινοὶ
902 1514 1123 1579 μοδίους
1143 1513 1200 1578 ε’,
1220 1513 1422 1567 Εικελοὶ
1441 1515 1500 1567 δὲ
1518 1512 1616 1567 δἘ.

189 1598 234 1650 7.
273 1597 443 1652 (ἀι-ον
486 1598 676 1663 μόδιον
734 1599 1130 1663 κουμουλάτον·
1184 1598 1321 1664 παρ’
1359 1598 1618 1664 Ἑβραίοις
1649 1611 1702 1653 15

6 1706 21 1755 3
80 1684 348 1748 θηλυκῶς,
397 1683 532 1748 παρ’
566 1683 777 1747 Ἕλληςι
810 1683 870 1735 δὲ
910 1682 1221 1748 οὐδετέρως.
1282 1682 1387 1749 ’έςτι
1428 1683 1487 1735 δὲ
1523 1682 1616 1747 μό-

78 1770 196 1820 διος
233 1766 603 1831 κουμουλάτος
637 1767 773 1831 παρ’
809 1766 1091 1833 Ἑβραίοις,
1127 1766 1211 1820 καὶ
1238 1767 1325 1820 διὰ
1359 1769 1458 1820 τοῦ
1491 1783 1616 1819 κου-

12 1865 43 1889 ·-·
77 1850 353 1916 μουλάτου
376 1851 439 1904 τὸ
466 1850 526 1904 δ”
540 1853 639 1903 τοῦ
668 1850 856 1915 μοδίου
874 1852 937 1903 τὸ
957 1851 1236 1916 ὑπέρχυμα
1261 1850 1460 1916 εἴρηται
1486 1851 1616 1914 ςαώ,

9 1980 15 2003 ¹.
80 1935 253 2000 ἤγουν
283 1937 443 2000 λῆψις
468 1935 501 2000 ἢ
530 1934 698 2000 ἄρςις·
739 1935 926 1999 μόδιον
962 1936 1097 2000 παρ’
1121 1934 1377 2001 Ἑβραίοις
1416 1938 1615 1990 ξεςτῶν

4 2041 11 2067 1
78 2018 170 2085 κβ’.
1646 2033 1702 2075 20

189 2103 235 2156 8.
279 2104 450 2169 Κάβος
478 2108 551 2173 πῇ
570 2105 679 2168 ’μὲν
717 2104 780 2157 τὸ
806 2102 866 2156 δ”
891 2106 989 2156 τοῦ
1017 2104 1233 2168 μοδίου,
1263 2107 1337 2172 πῇ
1370 2103 1429 2156 δὲ
1453 2103 1516 2156 τὸ
1543 2102 1616 2168 ε”,

6 2191 22 2247 ἶ.
80 2193 154 2258 πῇ
187 2189 246 2242 δὲ
282 2189 344 2241 τὸ
374 2187 454 2248 ς”·
493 2188 630 2254 καβὰ
666 2188 725 2241 δέ
762 2188 898 2242 ἐςτιν
934 2188 1160 2254 ἑβραῑςτὶ
1192 2188 1255 2241 τὸ
1291 2187 1500 2253 ἔτεμεν,
1542 2187 1617 2239 ῶς

196 2417 236 2455 1.
269 2412 320 2457 δὲ
346 2419 451 2468 post
481 2412 705 2466 ἀργύριον
737 2414 838 2456 add.
862 2413 925 2455 Sa
1040 2416 1081 2458 2.
1111 2418 1216 2468 post
1245 2412 1370 2455 ἐςτιν
1402 2411 1506 2454 add.
1537 2410 1616 2464 ἀρ-

77 2483 245 2538 γύριον
276 2484 338 2526 Sa
454 2481 541 2536 ὃς]
570 2482 596 2524 ὃ
638 2483 822 2527 Gronov.
863 2483 918 2524 de
961 2487 1070 2525 sest.
1109 2497 1153 2536 p.
1197 2484 1278 2524 198
1392 2479 1616 2534 διναρίων

79 2553 131 2596 Pi
246 2558 287 2597 3.
320 2551 537 2607 ἕκαςτον]
572 2551 744 2595 ἑκατὸν
774 2550 824 2594 Ρι
939 2550 1146 2605 δινάριον
1175 2550 1225 2594 Pi
1340 2552 1382 2595 4.
1414 2549 1615 2604 ἄργυρος

0 2603 22 2654 ts*
79 2624 131 2667 Pi
219 2622 422 2677 λέγεται]
457 2624 666 2665 καλεῖται
696 2622 759 2663 Sa
873 2623 913 2664 5.
945 2618 1209 2675 Ἑλληνίδος
1239 2620 1347 2663 libri
1432 2619 1494 2662 τὰ
1525 2633 1614 2664 om.

8 2693 14 2699 “
79 2692 130 2738 P¹
219 2696 259 2736 7.
293 2693 446 2748 μέτρω
479 2692 531 2736 Pl
646 2694 687 2737 8.
720 2692 853 2745 κόροι
882 2689 933 2733 Pl
1021 2685 1080 2745 λ’]
1114 2684 1156 2733 ν’
1175 2690 1226 2733 Pi
1345 2693 1412 2734 10.
1443 2701 1614 2744 γομορ-

15 2791 18 2794 -
80 2763 202 2819 ομοί,
233 2761 285 2806 Pl
403 2768 469 2809 11.
502 2763 647 2816 βατὸν
667 2762 734 2817 ps,
769 2761 941 2814 βούτον
971 2760 1021 2803 Ρι
1116 2760 1207 2812 Ῐ12.
1241 2762 1357 2814 μνᾶς
1386 2760 1496 2802 libri
1581 2760 1612 2813 ἢ

6 2887 14 2891 1
83 2847 170 2877 om.
201 2835 313 2877 libri
431 2838 497 2878 13.
529 2831 759 2885 Ῥωμαίος
788 2831 839 2876 Pi
928 2830 954 2874 ὅ
985 2844 1071 2874 om.
1092 2830 1142 2875 Pi
1260 2832 1327 2876 16.
1358 2829 1614 2883 οὐδετέραν

81 2903 135 2947 Ρι
223 2908 290 2948 17.
324 2905 443 2959 παρ’
472 2902 691 2959 Ἑβραίοις
723 2903 798 2945 καὶ
828 2904 1123 2957 interpuncta
1141 2902 1191 2944 in
1210 2900 1262 2944 Pi
1350 2904 1416 2945 19.
1440 2898 1611 2954 ἤγουν]

82 2972 114 3026 ἢ
143 2973 234 3028 γὰρ
263 2974 314 3017 Pl
431 2978 498 3021 20.
530 2969 617 3029 κβ’]
651 2975 713 3026 ’RF
741 2972 793 3016 Pl
911 2975 980 3017 22.
1012 2970 1098 3027 ὼς]
1131 2971 1189 3016 τὸ
1209 2971 1260 3015 Pi
