1946 3220
10 1762 30 1931 *esras-tvm>
7 1324 26 1741 —v-:r-,upmzaemv-wumvvr-u-,y
4 1287 21 1303 .·
11 1265 15 1267 =
5 1221 19 1241 -λ
4 1176 26 1190 ³.
11 1083 21 1090 ι

20 2568 35 2613 ⁷¹*-
20 2482 35 2565 »Ψ
17 2409 42 2475 Qvo-v*-
20 2368 32 2404 ἰ,
20 2348 42 2361 1

25 2823 49 3075 λεια-σφω.
23 2735 41 2788 ’ν’-Δ·
26 2715 35 2721 ¹
24 2623 40 2662 aet.

4 872 14 886 2
1 845 14 860 ἐ
0 768 18 834 »υ
0 415 48 759 mmm*
0 331 37 405 ⁹1⁵⁹*ss
0 266 42 321 '532
25 227 37 236 2

136 152 266 225 [106]
632 174 664 206 E
703 173 865 209 sumA
900 158 1188 210 micmRPTA.
1557 155 1661 210 333

137 283 326 347 χαλκοῖ
363 282 486 335 δύο·
522 283 605 335 καὶ
645 283 747 348 γὰρ
793 283 823 336 ὁ
865 284 960 348 μὲν
1003 284 1203 350 ὀβολὸς
1247 283 1388 336 ὀκτὼ
1430 285 1663 349 χαλκοῦς

243 452 673 518 Τριοβολιμαῖος,
702 456 863 518 τριῶν
891 452 1137 518 ὀβολῶν,
1167 454 1387 506 εὔωνος.

243 537 486 602 Τριτεύς,
514 537 577 589 τό
605 538 784 602 τρίτον
812 541 909 591 τοῦ
935 538 1201 603 μεδίμνου.

245 620 613 687 Τριτημόριον.
664 622 792 675 τοὺς
821 622 874 676 ἓξ
906 624 1139 687 χαλκοῦς
1178 622 1384 688 εἴρηκεν
1411 622 1664 688 Φιλήμων
1696 629 1722 670 5

139 708 238 760 τοῦ
274 705 478 771 ὀβολοῦ
505 707 857 774 τριτημόριον.
905 707 1153 772 θαυμάζω
1178 706 1279 762 οῦν
1305 708 1412 770 ἐγὼ
1440 710 1556 760 πῶς
1583 724 1665 762 τε-

135 790 490 856 ταρτημόριόν
527 790 619 844 εἰςι
652 790 751 844 δύο
788 793 1005 857 χαλκοῖ,
1043 791 1380 858 τριτημόριον
1417 793 1476 845 δὲ
1511 792 1588 846 ἕξ·
1624 791 1667 845 εἰ

134 876 204 940 μὴ
232 874 337 940 ἄρα
366 875 541 929 ἐκεῖνο
568 876 663 940 μὲν
690 875 884 941 κυρίως
916 876 1195 941 ῶνομάςθη
1224 877 1478 941 τέταρτον
1509 877 1668 940 μέρος

139 961 238 1012 τοῦ
276 959 507 1025 ὀβολοῦ,
543 961 606 1012 τό
644 961 703 1013 δὲ
741 960 1076 1026 τριτημόριον
1123 961 1198 1013 ῶς
1243 960 1352 1014 ἀπὸ
1400 960 1666 1025 τεςςάρων

138 1046 318 1109 μερῶν
361 1042 539 1097 ὄντων
581 1043 687 1098 ἀνὰ
724 1044 823 1098 δύο
861 1047 1092 1110 χαλκοῦς
1135 1046 1251 1110 τρία
1290 1045 1417 1110 ἕχον
1455 1045 1583 1110 μέρη
1614 1045 1668 1098 ἓξ
1701 1050 1754 1090 10

138 1129 372 1193 χαλκοῦς
399 1127 622 1190 ςυνάγει.

243 1220 608 1286 Τριτημόριον.
659 1217 964 1286 Δείναρχος
990 1222 1121 1274 κατὰ
1157 1221 1550 1274 Καλλιςθένους.
1589 1219 1669 1273 ὅτι

137 1304 199 1358 δὲ
222 1304 558 1370 τριτημόριόν
584 1305 722 1359 ἐςτιν
750 1305 804 1359 ἓξ
829 1307 1045 1370 χαλκοῖ,
1081 1306 1332 1369 Φιλήμων
1360 1305 1598 1358 διδάςκει.

245 1402 439 1468 Τρίτον
476 1402 823 1470 ἡμίδραχμον.
869 1405 962 1457 τὰς
994 1404 1094 1456 δύο
1128 1404 1277 1468 ἥμιςυ
1315 1404 1552 1469 δραχμὰς
1580 1401 1670 1457 οὕ-

139 1502 248 1540 τως
273 1487 515 1542 εἰώθαςιν
542 1486 827 1553 ὀνομάζειν
855 1488 906 1541 οἱ
931 1487 1159 1540 παλαιοί.
1703 1482 1756 1525 15

247 1585 440 1652 Τρίτον
467 1585 823 1652 ἡμίδραχμον,
859 1586 959 1639 δύο
990 1586 1215 1651 δραχμαὶ
1252 1587 1336 1638 καὶ
1373 1588 1466 1650 τῆς
1499 1587 1673 1651 τρίτης

140 1669 317 1735 ἥμιςυ·
357 1669 431 1723 ῶς
465 1667 603 1725 εἶναι
628 1670 728 1723 δύο
756 1670 992 1736 δραχμὰς
1022 1671 1105 1723 καὶ
1134 1671 1446 1736 τριώβολον.

604 1852 717 1904 106.
792 1852 922 1904 Loci
958 1869 985 1902 e
1022 1853 1207 1903 Suida.

249 1951 494 2013 Ἄκαινα,
535 1951 730 2016 μέτρον
771 1950 1055 2004 δεκάπουν.
1105 1951 1208 2005 ἔςτι
1244 1952 1302 2004 δὲ
1341 1950 1567 2016 ῥάβδος,
1600 1949 1674 2001 δι’

143 2034 207 2101 ἧς
233 2037 473 2089 κεντοῦςι
498 2035 625 2089 τοὺς
653 2034 807 2101 βόας,
838 2035 912 2088 ῶς
937 2037 1047 2088 τῶν
1075 2035 1372 2097 Πελαςγῶν
1399 2036 1563 2087 τοῦτο
1591 2031 1674 2086 εὑ·
1705 2044 1760 2085 20

143 2119 372 2188 ρόντων.

251 2203 730 2272 Ἀλαβαςτοθήκας]
770 2224 794 2254 *
820 2203 1228 2270 Ἀριετοφάνης·
1280 2203 1365 2256 εἐς
1410 2203 1505 2257 τὸν
1548 2201 1674 2254 ἀλά-

150 2291 347 2355 βαςτον
384 2287 586 2342 κύαθον
624 2287 833 2353 εἰρήνης
860 2288 990 2341 ἕνα.’
1044 2286 1340 2349 ῶςεὶέλεγε
1367 2287 1673 2353 κοχλιάριον

144 2372 221 2428 ἕν.

253 2455 555 2523 Ἀμφορεὺς
591 2455 692 2512 οὖν
730 2456 977 2519 ἀγγεῖον,
1016 2456 1242 2522 μέτρον,
1275 2454 1537 2519 κεράμιον.
1590 2471 1676 2519 ςη-
1707 2463 1762 2504 25

149 2542 320 2609 μαίνει
344 2541 430 2595 καὶ
463 2540 640 2597 ἀςκόν.
705 2541 809 2595 ἔςτι
836 2540 918 2593 καὶ
947 2539 1121 2606 ὄνομα
1147 2539 1344 2604 κύριον.
1395 2540 1478 2591 καὶ
1502 2538 1676 2605 ἀμφο-

152 2626 285 2692 ρεῖς,
328 2626 560 2692 κέραμοι.
633 2627 716 2679 καὶ
752 2625 917 2679 Θάςια
962 2623 1306 2689 ἀμφορείδια,
1346 2623 1411 2678 τὰ
1446 2622 1676 2689 κεράμια.

265 2825 304 2866 2.
337 2822 483 2876 δῆλον
514 2822 587 2866 ὅτι
618 2825 659 2864 Ρ
772 2825 811 2864 7.
847 2819 929 2863 eici
961 2823 1002 2861 P
1113 2823 1153 2864 8.
1185 2818 1366 2864 ἐκείνου
1397 2821 1495 2865 cod.
1613 2822 1678 2863 10.

153 2891 377 2947 χαλκοῦς]
412 2894 598 2948 χαλκοις
631 2892 730 2936 cod.
819 2890 944 2945 ἔχων
975 2890 1074 2934 cod.
1132 2945 1137 2948 μ
1194 2892 1261 2937 17.
1291 2889 1539 2946 τριόβολον
1572 2890 1672 2934 cod.

152 2973 210 3005 m.
241 2974 308 3016 pr.
