1946 3220
302 145 366 197 16
814 157 1219 192 PROLEGOMENA
1244 150 1300 192 ΙΝ

297 275 464 337 quibus
490 274 588 319 addi
618 279 812 333 possunt
841 271 925 315 alia
953 269 1420 330 vocabula‘permulta
1449 285 1563 330 quae
1588 256 1815 331 posterio·
1847 299 1849 302 >
1883 237 1946 300 {5²3

253 361 258 366 ·
300 350 363 392 ris
386 345 565 405 quidem
593 344 750 387 aetatis
772 341 1004 401 scriptori,
1033 339 1216 385 minime
1241 355 1347 386 vero
1370 341 1504 386 Balbo
1531 341 1815 398 conveniant,

301 424 350 462 ut
378 417 611 460 minutiae
638 410 702 470 (1.
737 410 836 470 10),
866 412 1126 456 character
1157 407 1257 468 (12,
1283 425 1366 471 pro
1394 409 1556 469 nota),
1585 411 1816 470 medietas
1887 404 1942 465 74⁴

303 485 432 546 (15),
464 482 549 528 alia
576 482 619 527 id
645 495 802 540 genus.
1266 530 1271 555 ,

407 553 536 608 Quod
563 552 600 598 si
628 551 731 612 quis
756 551 915 612 utique
951 551 1116 596 librum
1152 551 1206 597 de
1244 565 1345 597 asse
1371 551 1506 596 Balbo
1542 550 1649 595 velit
1677 547 1820 594 vindi-

300 636 420 682 care,
455 623 492 667 is
518 622 679 668 dixerit
705 622 898 667 forsitan
924 635 1019 667 eam
1049 620 1155 667 libri
1181 621 1372 666 formam
1402 634 1516 681 quae
1543 620 1586 665 in
1616 619 1821 666 manibus

301 701 371 739 est
393 694 593 753 spuriam
623 705 722 737 esse
750 699 794 736 et
819 692 1105 752 depravatam
1133 705 1185 736 ex
1210 690 1359 751 aliqua
1384 698 1514 751 parte
1534 690 1658 735 Balbi
1686 701 1822 749 expo-

301 764 481 809 sitionis
507 777 626 808 nunc
650 762 842 822 perdita.
888 763 946 807 At
973 762 1010 807 si
1035 761 1335 823 probabiliter
1362 775 1499 821 supra
1526 761 1580 805 de
1601 755 1678 806 illo
1699 758 1822 804 Balbi

301 846 441 894 opere
472 833 697 893 disputavi
729 831 775 890 (S
806 831 950 891 112),
988 845 1206 892 quaenam
1243 845 1350 891 pars
1385 832 1483 877 eius
1525 829 1824 890 expositionis

302 903 451 949 afferri
479 917 613 963 posse
642 902 845 961 videtur,
874 903 949 948 ubi
974 902 1136 948 Balbus
1165 908 1243 947 aut
1270 915 1320 946 ea
1349 914 1462 962 quae
1488 915 1607 947 nunc
1633 903 1677 946 in
1697 899 1822 945 libro

301 974 355 1019 de
392 987 493 1019 asse
519 973 712 1031 legimus
739 980 816 1018 aut
841 979 965 1018 certe
996 973 1158 1018 similia
1189 971 1449 1030 tradiderit,
1489 984 1602 1031 quae
1628 985 1718 1017 non
1743 971 1825 1015 mi-

303 1058 387 1089 nus
426 1058 450 1088 a
482 1037 872 1088 demonstratione
905 1043 1179 1101 geometrica
1206 1056 1337 1102 quam
1371 1042 1424 1088 ab
1450 1049 1546 1087 arte
1575 1041 1824 1101 gromatica

303 1113 446 1159 aliena
487 1113 605 1158 sint?
667 1113 828 1158 Verum
864 1127 919 1158 ne
958 1115 1002 1157 in
1036 1113 1106 1158 his
1143 1112 1263 1157 ultra
1299 1113 1481 1157 modum
1517 1113 1825 1168 immoremur,

302 1197 404 1229 cum
432 1183 713 1243 exploratum
741 1183 801 1228 sit
825 1189 870 1228 et
898 1197 994 1228 eam
1026 1182 1215 1228 formam
1243 1181 1348 1227 libri
1377 1196 1491 1242 quae
1519 1188 1664 1226 exstat
1688 1179 1825 1226 Balbo

305 1253 443 1298 tribui
472 1267 562 1298 non
589 1267 752 1314 posse,
787 1260 831 1298 et
856 1267 996 1298 unum
1025 1255 1122 1298 eius
1149 1253 1216 1298 rei
1243 1266 1342 1298 6556
1368 1259 1600 1298 auctorem
1627 1251 1826 1308 Calvum,

304 1325 381 1383 qui
411 1337 521 1368 usus
549 1337 648 1368 esse
676 1323 854 1369 videtur
892 1323 970 1369 illo
1010 1323 1164 1374 codice
1199 1326 1445 1369 Arceriano
1477 1322 1760 1368 nobilissimo
1773 1317 1826 1380 ⁹),

302 1393 422 1438 unde
456 1399 501 1438 et
537 1393 660 1439 Balbi
701 1395 996 1454 expositionis
1035 1394 1212 1439 initium
1255 1401 1300 1438 et
1338 1392 1423 1438 alia
1468 1393 1826 1452 gromaticorum

303 1464 472 1523 scripta
509 1463 626 1509 edita
664 1471 771 1508 sunt
808 1478 830 1508 a
857 1464 1165 1509 Lachmanno:
1210 1464 1312 1508 inde
1352 1463 1572 1522 suspicari
1599 1461 1706 1507 licet
1731 1461 1827 1507 Cal-

304 1547 406 1578 vum
434 1534 478 1578 in
506 1534 662 1578 eodem
689 1533 860 1591 codice,
888 1530 1021 1593 quem
1050 1533 1157 1578 olim
1184 1527 1432 1592 pleniorem
1461 1533 1601 1577 fuisse
1628 1538 1825 1588 constat,

304 1604 531 1648 invenisse
559 1603 724 1648 librum
752 1603 804 1648 de
833 1617 934 1648 asse
960 1602 1085 1648 nullo
1111 1604 1311 1649 auctoris
1340 1602 1475 1648 titulo
1499 1601 1679 1647 affixum
1701 1601 1829 1646 Balbi

305 1674 604 1732 expositionis
647 1672 880 1733 reliquiis,
925 1688 976 1719 ac
1022 1688 1123 1719 cum
1165 1674 1308 1733 ipsam
1354 1673 1684 1731 expositionem
1731 1678 1828 1716 tum

306 1743 438 1788 edere
467 1757 557 1788 non
586 1751 766 1802 posset,
808 1745 852 1787 in
888 1743 1141 1803 praesentia
1168 1743 1427 1788 exhibuisse
1453 1743 1828 1788 commentarium

305 1813 359 1858 de
395 1826 523 1870 asse,
562 1826 693 1873 quem
731 1828 831 1858 cum
867 1813 1162 1874 expositionis
1198 1820 1374 1872 partein
1411 1827 1513 1858 esse
1545 1813 1829 1874 opinaretur,

306 1883 407 1928 inde
443 1884 643 1929 auctoris
679 1885 860 1929 nomine
895 1884 1092 1944 repetito
1131 1883 1400 1929 inscriberet
1429 1883 1604 1928 Balbus
1632 1883 1698 1928 ad
1724 1883 1829 1927 Cel·

306 1967 409 1998 sam
438 1954 497 1997 de
527 1966 634 1998 asse
662 1961 745 1998 661.

403 2037 567 2082 Verum
601 2037 724 2096 quod
753 2037 889 2084 Balbo
928 2037 1272 2083 abiudicandum
1313 2050 1412 2082 esse
1439 2051 1678 2083 censemus
1707 2037 1828 2082 hunc

306 2107 359 2151 (16
398 2121 498 2152 asse
533 2106 725 2165 librum,
763 2108 945 2153 minime
981 2108 1179 2153 eiusdem
1216 2106 1321 2152 libri
1358 2104 1675 2153 auctoritatem
1703 2105 1829 2151 volu-

306 2190 405 2221 mus
426 2176 689 2234 infringere.
745 2178 852 2222 Nam
879 2178 1055 2222 maximi
1082 2184 1151 2222 est
1182 2177 1397 2223 momenti
1427 2177 1480 2222 ad
1507 2191 1599 2222 rem
1625 2191 1829 2222 numma-

306 2247 415 2291 riam
443 2246 606 2292 saeculi
633 2249 784 2306 tertii,
822 2248 940 2293 sicut
977 2262 1114 2307 supra
1147 2244 1506 2293 demonstratum
1543 2253 1626 2292 est.
1681 2248 1828 2306 Atque

307 2316 465 2361 eodem
501 2317 680 2362 saeculo
716 2324 793 2362 aut
834 2319 982 2378 ipsum
1012 2319 1132 2363 hunc
1166 2317 1334 2363 librum
1372 2317 1591 2378 scriptum
1625 2331 1723 2362 esse
1753 2330 1831 2362 ne-

309 2399 432 2431 cesse
469 2394 538 2431 est
568 2394 645 2432 aut
677 2387 943 2447 ampliorem
974 2387 1217 2447 quendam,
1257 2388 1374 2432 unde
1410 2389 1483 2434 hic
1517 2394 1676 2447 postea
1710 2401 1832 2433 com-

308 2457 557 2502 mentarius
596 2457 640 2501 in
676 2458 856 2503 brevius
895 2464 1158 2504 contractus
1194 2460 1279 2503 sit:
1317 2472 1417 2503 nam
1456 2464 1617 2518 quarto
1649 2457 1830 2503 saeculo

310 2533 551 2585 postquam
578 2526 899 2573 Constantinus
941 2543 1055 2573 nova
1093 2528 1291 2573 omnium
1334 2542 1622 2573 nummorum
1666 2540 1830 2587 genera

310 2609 359 2638 ac
386 2597 585 2642 rationes
612 2597 824 2656 instituit,
852 2612 981 2644 nemo
1010 2613 1060 2644 ea
1087 2598 1380 2644 commentari
1405 2598 1559 2659 potuit
1582 2610 1695 2657 quae
1716 2596 1832 2656 legi-

312 2678 407 2708 mus
436 2667 478 2709 in
505 2668 590 2712 hoc
616 2667 671 2713 de
699 2682 797 2714 asse
826 2668 996 2714 libello.

315 2937 408 2978 ‘bu
425 2882 468 2932 9)
501 2883 558 2980 Vt}
594 2884 853 2927 Mommsen.
894 2889 942 2928 in
984 2888 1183 2929 Gromat.
1217 2887 1262 2928 11
1301 2901 1340 2940 p.
1385 2888 1462 2927 151
1504 2886 1605 2927 coll.
1647 2886 1824 2927 Blumio

312 2951 327 2976 1
367 2952 377 2976 1
419 2973 426 2981 .
459 2951 500 2989 p,
591 2952 647 2979 ss.
