1946 3220
538 150 870 186 SCRIPTORES
899 151 1160 186 GRAECOS.
1537 135 1606 188 59

78 268 262 314 Exstant
305 280 411 312 vero
453 267 587 312 etiam
631 268 999 313 stereometricae
1037 266 1357 326 collectiones,
1412 267 1606 313 Hei-onis

38 384 53 391 „
77 337 213 384 titulo
243 338 488 398 inscriptae
515 343 651 397 atque
682 337 882 383 eiusdem
917 351 941 383 e
969 338 1284 384 stereometria
1318 339 1503 399 petitae.
1557 339 1605 383 111

20 447 23 451 .
78 409 148 455 his
183 407 400 454 nonnulla
434 406 713 468 problemata
746 409 1063 466 inveniuntur,
1102 408 1266 468 quibus
1291 422 1605 454 mensurarum

7 490 11 494 ·
42 535 45 538 ¹
79 493 190 540 quas
219 493 347 524 cavas
375 479 530 524 dicunt
567 479 767 524 rationes
793 477 862 523 vel
893 479 947 524 ad
978 479 1138 539 pedem
1162 478 1230 525 vel
1259 479 1462 525 cubitum
1495 479 1605 525 soli-

77 550 180 596 dum
208 548 495 595 definiuntur.
540 547 661 604 Quae
688 563 772 594 nos
800 549 958 595 eodem
985 550 1142 596 ordine
1163 551 1486 610 exscripsimus
1513 565 1603 611 quo

76 622 198 682 ipsas
225 621 586 666 stereometricas
611 619 906 666 collectiones
933 635 957 666 a
983 620 1114 666 nobis
1141 634 1164 666 e
1185 620 1414 666 codicibus
1435 621 1604 666 Parisi-

76 692 147 736 nis
177 704 360 750 unoque
381 689 637 736 Monacensi
670 684 922 751 descriptas
953 704 1147 750 moxque
1175 690 1368 736 edendas
1404 691 1604 738 colloca-

0 807 3 814 ,
75 762 233 806 vimus.
283 761 481 806 Primum
509 763 651 820 igitur
678 775 935 807 mensuram
961 762 1084 806 navis
1112 774 1165 806 ex
1191 773 1243 806 eo
1268 760 1387 806 libro
1418 763 1495 822 qui
1534 763 1603 806 in-

77 831 292 878 scribitur
317 826 606 890 Εἰεαγωγαὶ
630 830 741 880 τῶν
768 827 1327 891 ετερεομετρουμένων
1354 827 1605 891 Ἣρωνοε

0 963 2 966 y
76 902 358 949 exhibuimus
385 901 458 961 (fr.
481 901 566 961 18),
594 909 688 948 tum
720 904 805 948 tria
831 901 1114 962 problemata
1142 902 1195 948 de
1222 915 1433 948 mensura
1459 902 1606 948 dolio·

76 987 175 1018 rum
202 987 255 1018 ex
286 972 429 1019 altera
453 973 723 1019 collectione
743 975 1100 1030 stereometrica,
1130 986 1244 1032 quae
1271 972 1430 1033 incipit
1456 973 1604 1019 verbis

75 1039 324 1102 Ἣρωνοε
349 1039 586 1104 μέτρηειε
609 1039 956 1103 τετραετέγου
982 1042 1057 1102 (fr.
1079 1042 1294 1102 19—21),
1320 1057 1461 1103 porro
1493 1044 1603 1089 duas

70 1128 310 1160 mensuras
348 1115 525 1160 navium
567 1121 612 1159 et
647 1128 904 1160 mensuram
936 1114 1091 1160 foveae
1127 1127 1179 1159 ex
1206 1113 1404 1160 eo‘libro
1432 1128 1605 1166 assum-

75 1186 248 1246 psimus
287 1186 365 1246 qui
403 1184 669 1230 inscribitur
694 1191 772 1230 aut
794 1180 929 1245 Περὶ
961 1180 1170 1244 μέτρων
1210 1191 1288 1230 aut
1325 1179 1604 1244 (τερεομε-

3 1280 6 1284 ·
74 1250 222 1314 τρικὰ
249 1254 322 1314 (fr.
345 1252 560 1317 22—24),
593 1262 728 1315 atque
759 1256 954 1317 indidem
977 1255 1280 1315 fragmentum
1305 1255 1360 1300 de
1386 1255 1498 1315 pede
1532 1270 1605 1301 so-

74 1326 166 1371 lido
213 1339 236 1370 e
271 1325 551 1386 problemate
590 1326 713 1386 quod
748 1321 1074 1386 Οὐγκιαεμὸ(
1109 1319 1304 1372 ὕδατος
1349 1325 1604 1386 appellatur

75 1397 380 1456 excerpsimus
417 1395 490 1455 (fr.
528 1396 615 1455 25).
685 1397 887 1456 Denique
920 1410 943 1441 e
980 1395 1133 1442 tabula
1169 1394 1379 1442 Euclidea
1416 1394 1488 1453 (fr.
1536 1394 1601 1457 14)

75 1474 272 1513 extrema
310 1467 470 1525 verba,
513 1480 627 1527 quac
658 1467 746 1514 huc
770 1469 959 1513 maxime
995 1469 1253 1527 pertinent,
1295 1468 1602 1526 repetivimus,

76 1545 121 1583 et
155 1538 457 1598 fragmentum
494 1537 719 1598 quoddam
764 1537 975 1583 mutilum
1018 1539 1276 1598 misereque
1318 1544 1602 1597 corruptum,

77 1608 197 1669 quod
224 1610 268 1653 in
293 1608 548 1669 Geeponico
585 1608 703 1654 libro
740 1609 950 1669 sequitur
982 1608 1182 1654 tabulam
1208 1607 1507 1655 Heronianam
1533 1607 1602 1665 IV,

76 1679 343 1725 addidimus.

180 1751 274 1796 Duo
317 1751 416 1795 eius
466 1751 646 1811 generis
689 1749 942 1810 fragmenta
980 1749 1246 1810 iampridem
1283 1749 1541 1796 Pauctonus
1580 1763 1603 1795 e

0 1842 4 1847 ·
76 1820 309 1868 codicibus
333 1820 551 1866 Parisinis
578 1821 818 1878 citaverat,
848 1835 1043 1880 quorum
1069 1819 1258 1866 alterum
1287 1818 1418 1879 plane
1444 1833 1604 1866 conve-

77 1891 142 1936 nit
168 1906 269 1936 cum
295 1905 386 1936 uno
413 1905 465 1936 ex
491 1891 691 1948 nostris,
719 1890 910 1936 alterum
944 1893 989 1935 in
1017 1904 1105 1936 una
1131 1904 1179 1935 re
1204 1885 1414 1948 differt¹).

184 1963 273 2008 lam
293 1961 338 2007 id
359 1962 481 2022 quod
502 1963 817 2022 gravissimum
839 1968 910 2007 est
935 1967 1103 2019 restat,
1139 1968 1190 2006 ut
1213 1961 1268 2006 de
1289 1974 1603 2006 mensurarum

78 2033 330 2079 rationibus
369 2047 484 2092 quae
526 2033 570 2077 in
607 2032 679 2078 his
715 2032 981 2091 fragmentis
1025 2032 1266 2077 traduntur
1312 2045 1604 2091 exponamus,

78 2102 198 2157 Quae
227 2105 391 2164 partim
428 2103 638 2149 facillime
673 2103 983 2163 explicantur,
1024 2104 1186 2163 partim
1224 2108 1315 2147 tam
1342 2103 1535 2148 obscura
1561 2108 1607 2148 et

78 2174 213 2220 dubia
246 2180 382 2232 sunt,
418 2180 469 2219 ut
508 2173 634 2219 nullo
664 2173 799 2219 modo
837 2173 1058 2220 illustrari
1091 2187 1227 2234 posse
1261 2173 1508 2218 videantur.
1560 2172 1605 2216 ln

79 2244 309 2304 plerisque
348 2244 445 2304 ipsa
471 2245 778 2290 Romanorum
811 2258 1125 2290 mensurarum
1164 2244 1280 2290 valet
1312 2245 1445 2289 ratio.
1496 2242 1604 2288 Nam

80 2314 247 2360 dicitur
1118 2335 1119 2339 ¹

152 2378 182 2431 ὁ
221 2379 431 2444 ετερεόε
465 2380 624 2442 ποὺς,
664 2385 706 2430 b.
736 2398 772 2430 c.
802 2399 883 2445 pes
919 2384 1093 2431 solidus
1119 2384 1373 2443 Romanus,
1410 2396 1605 2443 aequare

198 2576 236 2628 1)
271 2577 445 2618 Me'trol.
477 2591 520 2630 p.
543 2578 625 2639 266
655 2577 847 2641 primum
878 2577 995 2618 haec
1029 2589 1085 2618 ex
1114 2577 1299 2617 Herone
1333 2575 1602 2616 afferuntur:

84 2623 108 2674 ὁ
138 2629 324 2684 στερεὸς
353 2627 473 2681 ποὺς
502 2626 623 2674 κατὰ
656 2626 744 2686 τὴν
773 2630 866 2674 τῶν
903 2632 1181 2687 μηχανικῶν
1212 2627 1493 2675 διατύπωσιν
1523 2630 1604 2674 και

83 2686 351 2741 παράδοσιν
390 2686 580 2743 δέχεται
619 2688 820 2742 μοδίους
859 2692 1006 2741 τρεῖς,
1054 2703 1170 2742 quae
1209 2690 1307 2731 fere
1349 2693 1606 2743 congruunt

87 2757 186 2785 cum
227 2749 381 2786 nostro
402 2747 582 2810 fragm.
603 2748 691 2810 25,
737 2750 831 2785 tum
864 2746 1035 2810 citatur
1064 2747 1188 2786 Hero
1222 2760 1244 2787 e
1276 2746 1422 2787 tribus
1452 2745 1603 2786 MSS.-

116 2814 224 2854 ωρει
265 2796 370 2867 μὲν
391 2794 415 2843 ὁ
457 2797 642 2868 στερεὸς
686 2795 804 2849 ποὺς
831 2796 1072 2867 κεράμιον
1111 2816 1183 2853 εν,
1225 2800 1434 2870 μοδίους
1465 2804 1604 2853 τρεῖς.

87 2805 280 2907 ἕκαστος
309 2851 476 2925 μόδιος
507 2851 600 2900 ἀπὸ
634 2856 806 2923 ξεστῶν
831 2851 1069 2900 Ἰταλικῶν
1100 2834 1291 2912 ἀριθμῷ
1314 2869 1387 2909 ις,
1411 2855 1606 2904 ἕκαστος

87 2908 140 2954 δὲ
173 2909 334 2968 ξέστης
364 2907 458 2957 απὸ
491 2909 693 2968 οὖγκιῶν
724 2929 778 2955 κ
840 2915 954 2956 Vide
986 2920 1189 2956 nostrum
1222 2916 1385 2969 fragm.
1419 2917 1493 2966 26,
1525 2914 1607 2954 ubi

89 2969 247 3010 eadem
279 2972 457 3013 omissis
488 2972 639 3013 unciis
669 2971 900 3025 leguntur.
