1946 3220
320 176 391 229 84
851 186 1240 223 PROLEGOMENA
1263 186 1320 220 m

320 307 538 366 Nimirum
564 312 608 350 et
633 306 679 349 in
704 304 839 349 tertia
868 300 1018 347 tabula
1043 298 1116 359 (fr.
1142 301 1212 358 69,
1226 299 1268 359 4)
1296 299 1394 360 ipse
1421 299 1653 346 Oribasius
1681 305 1842 346 auctor

323 379 506 434 citatur,
530 389 613 421 nec
637 388 719 434 per
738 372 914 419 dicendi
936 385 1082 432 genus
1103 369 1196 416 ulla
1223 384 1247 415 e
1271 369 1460 431 reliquis
1484 370 1652 416 tabulis
1677 370 1732 417 ab
1744 369 1843 416 Ori-

322 447 449 494 basio
488 446 658 505 scripta
696 456 794 488 esse
830 447 1000 502 potest.
1050 439 1165 495 Quid
1199 440 1369 486 multa?
1424 441 1662 486 Pertinent
1687 454 1842 487 omnes

322 517 377 563 ad
403 515 718 563 collectionem
746 512 1009 570 Galeneam,
1045 526 1070 557 a
1105 526 1192 572 qua
1218 511 1305 557 nisi
1339 510 1588 557 levioribus
1624 513 1670 557 in
1706 511 1841 557 rebus

319 601 413 633 non
440 584 728 631 dissentiunt.
775 583 925 628 Prima
960 583 1077 628 enim
1118 581 1379 628 Oribasiana
1407 581 1557 628 tabula
1585 580 1743 627 similis
1773 588 1843 628 est

320 656 458 717 capiti
487 654 706 701 Galeneae
732 652 1016 701 collectionis
1041 660 1215 711 octavo,
1246 659 1339 698 tum
1372 653 1566 699 secunda
1595 652 1747 698 tabula
1772 666 1843 699 re-

321 726 516 788 spondet
541 725 679 786 capiti
705 725 758 783 V,
785 725 922 770 tertia
948 723 1087 784 capiti
1108 723 1179 782 IV,
1206 723 1400 783 denique
1429 729 1588 783 quarta
1615 723 1750 783 capiti
1773 722 1840 768 ΙΙΙ.

321 795 639 857 Quaecumque
673 795 814 855 igitur
851 795 969 840 infra
1003 794 1057 840 de
1083 793 1175 840 illis
1207 793 1410 840 Galeneis
1438 793 1664 854 capitibus
1689 794 1843 854 dispu-

321 868 548 926 tabimus,
595 867 748 912 eadem
792 865 847 911 ad
882 866 961 911 has
996 865 1282 911 Oribasianas
1318 863 1494 910 tabulas
1534 863 1839 924 pertinebunt.

318 938 557 984 Praeterea
597 937 705 997 quid
744 936 1015 982 discriminis
1052 937 1099 981 in
1131 942 1324 996 utraque
1361 934 1632 981 collectione
1674 934 1844 981 edenda

318 1008 584 1066 fecerimus,
609 1006 864 1068 expositum
891 1014 960 1052 est
986 1008 1030 1052 in
1054 1006 1350 1067 praefatione.

427 1078 553 1124 Addo
591 1078 679 1123 hoc
718 1079 870 1123 statim
901 1077 1001 1123 loco
1027 1077 1280 1123 Adamantii
1307 1076 1598 1123 mentionem.
1650 1075 1845 1137 Scripsit

320 1150 359 1195 is
385 1142 814 1208 Φυεῑογνωμικά,
853 1161 968 1208 quae
993 1147 1214 1194 dedicavit
1240 1147 1532 1205 Constantio,
1559 1146 1844 1193 Constantini

319 1219 470 1280 Magni
493 1218 587 1266 filio
599 1215 649 1277 5).
703 1218 826 1264 Unde
851 1217 1109 1278 colligimus
1135 1231 1238 1264 eum
1266 1218 1313 1263 in
1342 1218 1519 1264 honore
1553 1218 1696 1263 fuisse
1726 1217 1844 1278 apud

318 1289 449 1336 illum
473 1280 809 1350 imperatorem,
838 1290 915 1349 qui
939 1302 1040 1334 cum
1067 1289 1275 1335 inimicus
1303 1288 1443 1334 fuerit
1466 1287 1667 1347 Iuliano,
1691 1287 1843 1334 admo-

1724 6 1734 11 Ι

1932 478 1946 487 i
1931 450 1946 456 ,ι
1864 0 1946 412 massam

322 1359 427 1406 dum
447 1357 690 1406 verisimile
710 1359 886 1405 videtur
899 1358 1169 1418 Oribasium,
1183 1359 1343 1406 Iuliani
1364 1359 1656 1418 archiatrum,
1676 1357 1843 1404 librum
1912 1415 1914 1417 Ι

321 1430 542 1491 quendam
579 1429 894 1490 composuisse
921 1430 1135 1476 adversus
1160 1431 1498 1487 Adamantium,
1531 1425 1664 1477 κατὰ
1694 1425 1842 1477 Ἀδα-

293 1495 571 1562 ,μαντίου,
624 1514 757 1560 quam
792 1499 1064 1560 scripturam
1107 1501 1153 1545 in
1192 1500 1321 1546 libris
1365 1507 1629 1562 corruptam
1664 1499 1841 1547 duobus

320 1570 436 1617 locis
477 1566 818 1630 restituimus⁶).
882 1570 1088 1616 Ceterum
1133 1571 1351 1617 nonnulla
1394 1571 1449 1617 de
1482 1570 1760 1632 ponderibus
1797 1578 1843 1617 et

318 1643 543 1687 mensuris
589 1642 758 1701 scripta
794 1641 847 1687 ab
889 1640 1153 1687 Adamantio
1199 1643 1467 1689 invenerunt
1513 1642 1755 1688 Salmasius
1797 1648 1843 1688 et

319 1711 604 1772 Du-Cangius
616 1708 678 1771 ⁷),
720 1725 835 1772 quae
863 1712 900 1757 si
927 1714 1030 1772 quis
1056 1712 1241 1758 Parisiis
1268 1713 1425 1760 sedulo
1459 1720 1673 1774 quaerat,
1711 1711 1841 1759 facile

433 1919 476 1971 5)
508 1920 590 1960 De·
613 1919 797 1973 scriptis
817 1918 1083 1961 Adamantii
1111 1933 1158 1962 v.
1180 1918 1446 1961 Fabricium
1475 1921 1523 1961 in
1542 1920 1664 1965 Bibl.
1685 1920 1774 1963 vol.
1795 1921 1841 1962 II

318 1989 363 2029 p.
397 1977 494 2018 171.
554 1975 646 2016 Sed
674 1975 796 2016 idem
825 1976 874 2016 in
905 1989 958 2018 eo
992 1989 1146 2018 errare
1176 1977 1380 2028 videtur,
1421 1978 1541 2031 quod
1572 1977 1841 2019 Constantio

318 2031 414 2084 illi,
457 2032 532 2085 qui
572 2032 654 2072 sub
695 2032 901 2073 Honorio
940 2033 1028 2073 fuit
1060 2034 1247 2086 eiusque
1279 2046 1482 2075 sororem
1514 2032 1623 2086 (non
1651 2047 1840 2083 uxorem,

322 2087 438 2141 quod
459 2087 602 2128 habet
621 2087 881 2142 Fabricius)
911 2089 961 2129 in
991 2090 1329 2131 matrimonium
1360 2090 1488 2130 duxit
1517 2090 1564 2141 (a
1584 2092 1701 2142 417),
1731 2090 1841 2144 phy-

322 2144 609 2197 siognomica
649 2144 706 2184 ab
745 2144 1020 2187 Adamantio
1059 2145 1275 2187 dedicata
1305 2158 1406 2187 esse
1438 2148 1664 2200 opinatur.
1724 2148 1842 2188 Nam

324 2213 381 2242 ex
417 2199 497 2241 illo
538 2197 815 2251 Ὀρειβάειοε
861 2200 981 2243 κατὰ
1021 2199 1329 2253 Ἀδαμαντίου
1369 2201 1431 2255 (v.
1465 2203 1568 2247 adn.
1600 2203 1643 2255 6)
1682 2204 1840 2257 utique

322 2259 515 2310 apparet
543 2269 635 2296 non
664 2260 789 2309 post
819 2256 1083 2299 Oribasium
1111 2259 1317 2300 floruisse
1347 2259 1690 2312 Adamantium',
1720 2259 1840 2300 unde

321 2326 452 2366 porro
482 2312 723 2366 probabile
764 2316 833 2354 est
872 2327 974 2354 eum
1013 2314 1282 2356 Constantio
1319 2316 1605 2370 imperatori,
1647 2317 1723 2369 qui
1762 2316 1842 2356 de-

321 2370 463 2410 cessit
484 2381 603 2410 anno
625 2371 723 2423 361,
753 2369 1134 2425 physiognomica
1155 2371 1395 2413 dedicasse
1419 2376 1555 2426 atque
1579 2373 1700 2426 apud
1731 2385 1841 2414 eun-

321 2425 423 2466 dem
454 2426 502 2465 in
530 2425 701 2467 honore
733 2426 892 2468 fuisse.
1164 2427 1166 2430 '

434 2481 477 2532 6)
508 2483 584 2525 Fr.
606 2484 675 2536 54,
698 2484 751 2524 15
778 2482 887 2524 libri
917 2497 1071 2526 omnes
1104 2482 1353 2536 Ὀριβάειοε
1384 2484 1502 2527 κατὰ
1535 2483 1840 2536 Ἀδαμάντιον

322 2536 494 2577 habere
524 2538 759 2592 videntur,
801 2538 945 2582 altero
986 2545 1137 2581 autem
1177 2541 1278 2582 loco
1321 2541 1393 2593 (fr.
1426 2544 1503 2596 69,
1533 2541 1580 2595 4)
1613 2540 1841 2593 ἀδάμαντι

321 2592 370 2631 in
411 2593 570 2634 codice
608 2594 793 2648 legitur.
860 2596 960 2637 Iam
998 2595 1118 2639 κατὰ
1158 2596 1463 2649 Ἀδαμάντιον
1512 2600 1580 2639 ita
1621 2598 1838 2652 quodam-

323 2648 455 2689 modo
485 2653 636 2701 potest
666 2651 875 2706 defendi,
914 2660 964 2694 ut
1003 2667 1059 2695 ea
1097 2667 1205 2707 pars
1236 2654 1445 2696 Oribasii
1480 2654 1723 2707 librorum,
1760 2655 1840 2696 ubi

321 2703 622 2744 Adamantius
661 2708 831 2749 citatur
871 2708 993 2761 (nam
1031 2711 1164 2752 huius
1205 2712 1344 2752 etiam
1382 2711 1721 2752 medicamenta
1763 2725 1839 2752 ex-

322 2760 507 2813 scripsit
528 2759 803 2816 Oribasius)‚
834 2766 1134 2820 significetur.
1193 2767 1295 2808 Hoc
1326 2768 1366 2808 si
1396 2769 1470 2808 cui
1500 2768 1715 2820 arrideat,
1748 2780 1838 2808 non

322 2827 548 2881 repugno:
591 2818 703 2858 mihi
733 2819 808 2859 diu
840 2834 894 2862 ac
924 2823 1112 2865 multum
1146 2837 1201 2864 ea
1231 2837 1280 2865 re
1314 2825 1607 2865 considerata
1637 2837 1727 2865 non
1757 2825 1838 2864 du-

321 2870 569 2937 bium-est,
610 2875 717 2926 quin
755 2875 871 2917 κατὰ
912 2876 1219 2930 Ἀδαμαντίου
1259 2893 1311 2922 eo
1351 2893 1437 2933 quo
1478 2893 1614 2935 supra
1653 2881 1838 2922 demon-

322 2931 467 2969 stravi
498 2940 634 2969 sensu
664 2931 951 2973 scribendum
982 2937 1054 2976 sit.

435 2983 478 3038 7)
512 2984 728 3027 Salmasii
755 2987 903 3029 locum
934 2991 1037 3032 vide
1069 3005 1206 3046 supra
1227 2995 1251 3044 ξ
1272 2995 1341 3036 47.
1391 2993 1690 3047 Du—Cangius
1714 2992 1835 3046 (tom.
