1946 3220
288 156 394 210 302
897 171 1214 207 FRAGMENTA
1711 157 1817 227 [96]

288 286 483 348 λιτρῶν
513 281 636 347 ξβέ
662 280 721 334 ἐν
754 278 1037 344 νομίςματι.
1080 280 1142 333 τὸ
1183 281 1241 333 δὲ
1277 281 1487 336 ξυλικὸν
1521 281 1580 336 ἐν
1616 283 1812 338 Ἀντιο-

287 366 402 433 χείᾳ
427 364 692 419 τάλαντόν
722 363 826 417 ἐςτι
851 366 1046 428 λιτρῶν
1071 358 1191 418 τοε’.

393 464 440 516 8.
477 463 772 528 Διαιρεῖται
808 462 867 515 δὲ
907 461 965 515 ἐκ
1001 463 1304 528 περιουςίας
1340 464 1423 517 καὶ
1458 463 1520 518 τὸ
1557 465 1811 531 δηνάριον

285 548 416 601 κατὰ
451 546 745 612 Ῥωμαίους
781 546 852 601 εἰς
885 546 1013 612 μέρη
1047 546 1237 618 Ιαρνβ’·
1271 548 1379 614 ἔχει
1411 549 1514 614 γὰρ
1550 551 1813 614 τροπαϊκὰ

229 651 253 690 5
286 631 346 697 β’,
383 631 653 697 νούμμους
680 629 743 696 δ’,
782 631 1000 697 ἀςςάρια
1029 629 1105 691 ις’.
1158 632 1189 686 6
1226 634 1284 687 δὲ
1315 635 1551 699 νοῦμμος
1590 633 1811 697 οὐγγίαν

203 733 206 736 ·
285 715 393 782 ἔχει
425 721 501 786 τῷ
530 719 754 784 ςταθμῷ.
809 716 885 769 Τὸ
912 716 1161 782 ἀςςάριον
1190 719 1462 783 διαιρεῖται
1487 716 1562 771 εἴς
1587 735 1645 772 τε
1670 727 1703 771 5
1730 719 1814 770 καὶ

281 797 344 863 γ”
369 800 452 853 καὶ
477 796 537 854 δ”
559 800 643 853 καὶ
668 796 729 859 ς”
752 801 835 854 καὶ
859 799 921 866 η”
945 802 1029 855 καὶ
1051 799 1109 854 θ”
1135 802 1217 854 καὶ
1243 798 1290 854 ι”
1314 802 1398 854 καὶ
1423 801 1504 854 ια”
1517 802 1601 855 καὶ
1626 801 1705 868 ιβ”
1729 803 1814 855 καὶ

285 883 364 944 ις”
393 885 478 938 καὶ
504 882 582 950 ιη”
613 886 698 937 καὶ
727 878 819 937 κδ”
852 885 935 938 καὶ
961 882 1055 944 λςμ
1078 886 1161 938 καὶ
1187 885 1251 951 μ”
1278 887 1361 939 καὶ
1386 885 1447 940 ν”
1479 886 1563 939 καὶ
1589 881 1696 952 οβ”.
1746 888 1812 940 τά

284 970 342 1022 δὲ
375 970 503 1035 μέρη
533 972 700 1022 ταῦτα
733 968 864 1023 ἰδίας
897 969 1183 1034 ὀνομαςίας
1222 970 1329 1036 ἔχει
1364 971 1511 1037 παρὰ
1545 973 1656 1024 τοῖς
1682 971 1811 1024 Ῥω-

200 1073 252 1113 10
281 1052 452 1118 μαίοις
482 1054 759 1115 λογιςταῑς.

559 1247 640 1302 96.
698 1249 1064 1317 Fraqmentum
1089 1250 1276 1302 Sancti
1303 1250 1540 1302 Maximi.

801 1349 935 1400 (Vide
967 1350 1082 1404 prol.
1115 1353 1139 1402 ξ
1172 1350 1287 1403 100.)

280 1447 393 1500 Τοῦ
422 1447 578 1510 ἁγίου
606 1446 847 1512 Μαξίμου
872 1448 995 1512 περὶ
1027 1451 1119 1512 τῆς
1155 1450 1302 1512 τιμῆς
1335 1450 1445 1502 τῶν
1473 1442 1519 1499 λ’
1542 1447 1810 1515 ἀργυρίων

354 1530 434 1585 ὧν
461 1531 652 1597 ἔλαβεν
681 1531 881 1585 Ἰούδας
903 1531 1038 1596 ὑπὲρ
1066 1531 1356 1596 προδοςίας
1378 1535 1475 1585 τοῦ
1504 1533 1738 1598 Χριςτοῦ.

196 1651 249 1692 15
389 1630 569 1684 Λεπτὰ
602 1632 891 1684 καλοῦνται
925 1631 991 1685 τὰ
1017 1629 1233 1696 ἀςςάρια
1262 1630 1430 1695 ἤγουν
1468 1631 1532 1684 τὰ
1566 1633 1807 1698 νουμμία.

280 1714 533 1780 ἑξήκοντα
558 1715 617 1768 δὲ
643 1714 904 1780 ἀςςαρίων
930 1714 1136 1780 ὑπῆρχε
1160 1714 1281 1769 τότε
1306 1715 1368 1767 τὸ
1394 1716 1664 1781 δηνάριον.
1692 1717 1808 1770 ἑκα-

277 1800 375 1853 τὸν
402 1800 462 1853 δὲ
489 1798 758 1864 δηναρίων
786 1798 817 1851 6
852 1798 1101 1865 ἄργυρος.
1149 1799 1235 1852 καὶ
1262 1799 1529 1864 πέπραται
1562 1801 1594 1855 6
1629 1800 1809 1867 κύριος

279 1883 351 1938 εἰς
388 1883 674 1950 τριάκοντα
713 1884 961 1949 ἀργύρια,
1007 1883 1162 1938 ἅτινα
1206 1883 1523 1953 ςυνάγονται
1556 1885 1809 1952 τριςχίλια

277 1967 521 2033 δηνάρια,
547 1967 803 2032 γινόμενα
829 1968 889 2022 ἐν
915 1973 1092 2038 χρυςῷ
1119 1968 1408 2033 νομίςματα
1428 1965 1487 2034 ρ’.
1514 1969 1598 2022 καὶ
1621 1970 1687 2023 τὰ
1712 1972 1807 2036 μὲν

193 2070 248 2112 20
278 2049 325 2117 p'
359 2051 647 2117 νομίςματα
685 2052 863 2118 ἕχουςι
888 2070 934 2123 γ
962 2052 1208 2119 δηνάρια
1256 2053 1319 2105 τὸ
1352 2052 1455 2119 γὰρ
1493 2053 1552 2108 ἓν
1586 2053 1808 2120 νόμιςμα

277 2135 501 2200 δηνάρια
529 2134 586 2187 λ’.
640 2136 669 2189 6
706 2138 764 2190 δὲ
804 2137 878 2191 εἷς
911 2136 1147 2201 ἄργυρος
1176 2136 1284 2200 ἔχει
1316 2136 1539 2200 δηνάρια
1565 2134 1627 2201 ρ’,
1662 2139 1805 2201 γινό-

392 2364 430 2403 1.
464 2360 624 2415 λίτρας
654 2361 765 2405 PbM
879 2365 921 2405 4.
954 2356 1097 2421 ,αρνβ’
1128 2362 1255 2404 Salm.
1287 2361 1446 2405 Refut.
1467 2376 1511 2416 p.
1535 2365 1587 2405 19
1621 2362 1695 2416 (ex
1715 2378 1806 2406 ver-

275 2434 392 2474 sione
422 2431 545 2486 Lat.)
575 2428 713 2491 ,αςνβ’
742 2434 852 2476 libri
946 2424 1180 2486 τροπαϊκὰ
1213 2427 1268 2486 β’]
1306 2430 1416 2485 μέρη
1449 2426 1503 2482 ιβ’
1534 2432 1657 2487 libri,
1690 2447 1805 2476 corr.

277 2501 339 2542 Sa
433 2505 472 2546 5.
505 2501 697 2555 οὐγγίας
728 2504 859 2558 libri,
893 2518 1008 2547 corr.
1032 2504 1093 2546 Sa
1210 2505 1251 2544 7.
1281 2495 1339 2556 η”
1367 2500 1463 2555 καὶ]
1498 2495 1576 2545 αἲ”
1595 2504 1637 2546 N
1666 2501 1805 2558 (teste

277 2572 416 2625 Maio)
532 2575 575 2617 8.
607 2574 682 2617 καὶ
712 2569 791 2626 οβ”
822 2589 907 2619 om.
928 2574 988 2617 Pb
1104 2572 1164 2615 τὰ
1195 2570 1264 2626 δὲ]
1298 2571 1373 2614 καὶ
1403 2571 1464 2614 τὰ
1493 2570 1553 2614 Pb

392 2645 458 2685 13.
490 2643 587 2686 Τοῦ
619 2659 706 2687 om.
738 2646 775 2687 B
893 2645 1000 2698 περὶ
1037 2646 1123 2698 τῆς
1161 2644 1296 2695 τιμῆς
1335 2654 1479 2696 usque
1520 2643 1579 2685 ad
1607 2642 1803 2697 Χριςτοῠ

279 2723 366 2753 om.
397 2713 519 2754 LeM
630 2717 695 2758 15.
727 2715 763 2757 Λ
793 2717 1091 2771 reliquaeque
1129 2715 1316 2756 litterae
1357 2714 1567 2756 unciales
1607 2727 1803 2757 evanue·

278 2785 385 2823 runt
422 2783 470 2822 in
507 2783 545 2824 A
650 2784 858 2866 0νομμία
895 2787 935 2828 A
1091 2786 1159 2827 17.
1199 2780 1378 2836 κύριος]
1423 2782 1492 2827 ΚΕ
1522 2784 1598 2825 ΑΒ
1735 2786 1802 2825 19.

280 2864 555 2919 νομίςματα]
593 2838 626 2908 Ν
647 2867 681 2909 Ν
717 2870 816 2920 (sed
845 2871 962 2914 haee
992 2872 1042 2913 in
1072 2882 1211 2912 unum
1250 2867 1508 2919 contracta)
1549 2868 1625 2909 AB
1674 2867 1804 2919 (item

286 2951 408 2992 infra
429 2963 495 2994 vs.
518 2952 585 2992 20.
612 2953 649 2992 1.
673 2953 739 3004 2),
777 2951 833 2993 Ν
868 2956 989 2996 LeM
1109 2958 1178 2997 20.
1211 2950 1426 3006 νόμιςμα]
1464 2951 1497 2992 Ν
1530 2952 1569 2992 A
