1946 3220
7 90 28 119 ἃ

565 135 884 173 SCRIPTORES
910 104 1166 172 amcos.
1385 133 1391 153 ³
1534 118 1634 171 137

104 277 176 318 De
214 282 370 331 quarta
408 276 676 328 collectione,
717 289 824 329 quae
862 275 1043 316 tabulam
1076 274 1405 329 Cleopatranam
1442 272 1635 329 aliasque

774 333 979 373 continet.
1438 355 1440 357 ·

217 420 274 466 Ut
309 422 347 466 is
381 421 580 481 scriptor
609 419 663 465 de
700 433 791 480 quo
828 421 980 466 statim
1010 419 1375 481 disputavimus·
1362 433 1409 464 111
1442 424 1635 466 tractatu
1655 411 1718 462 85

107 505 192 537 suo
221 490 535 552 componendo
558 489 844 536 Dioscoridea
871 490 1061 536 maxime
1086 489 1240 537 tabula
1264 505 1377 536 usus
1404 495 1475 537 est
1500 490 1635 551 eique

106 561 274 608 similia
298 561 515 622 quaedam
545 560 811 620 admiscuit,
844 561 907 606 ita
937 560 1052 608 alius
1081 562 1150 606 vir
1173 560 1334 607 harum
1361 574 1513 606 rerum
1540 566 1636 607 stu-

105 632 263 678 diosus
289 646 313 678 e
336 630 490 678 tabula
514 630 812 692 Cleopatrana
838 638 884 676 et
911 631 1084 678 duabus
1111 630 1202 676 illis
1230 645 1345 692 quae
1372 632 1420 676 in
1444 630 1638 678 Galenea

106 702 378 750 collectione
413 703 619 763 proxime
655 708 910 763 sequuntur
941 701 1217 763 peculiarem
1243 707 1289 748 et
1313 715 1474 748 novam
1500 716 1636 762 expo-

106 774 318 820 sitionem
344 773 397 818 de
427 772 708 833 ponderibus
739 778 786 818 et
815 774 1043 819 mensuris
1079 772 1278 819 confecit
1315 770 1391 830 (sr.
1418 772 1635 830 78—80).

106 843 187 890 Hic
233 836 430 904 prinfum
478 843 672 904 legimus
723 844 1073 905 inscriptionem
1122 842 1362 888 admodum
1412 841 1636 903 prolixam

107 928 314 975 quaeque
343 914 498 959 stilum
524 915 686 960 aetatis
707 913 976 974 Byzantinae
999 913 1178 974 prodat.
1231 914 1344 959 Tum
1372 912 1635 974 Cleopatrae

104 984 259 1030 tabula
296 986 503 1044 sequitur
530 984 669 1030 nullis
702 986 791 1030 nisi
830 984 1080 1030 levioribus
1115 984 1254 1030 rebus
1286 984 1488 1030 mutatis.
1549 982 1637 1029 Sed

106 1062 305 1101 extrema
338 1054 462 1101 illlus
497 1070 604 1116 pars
642 1054 764 1114 (inde
791 1070 816 1101 a
844 1055 872 1114 S
899 1053 969 1116 25)
1008 1056 1083 1101 hic
1124 1056 1320 1113 omissa,
1356 1061 1402 1100 et
1435 1054 1637 1100 breviter

105 1126 174 1172 sic
199 1124 516 1172 concluditur:
554 1124 723 1174 ταῦτα
748 1120 856 1173 ἀπὸ
880 1124 991 1174 τῶν
1018 1123 1345 1185 γεωργικῶν.
1397 1126 1636 1171 Praeterea

105 1203 254 1242 autem
289 1196 583 1243 memorabile
623 1197 802 1242 videtur
836 1199 883 1241 in
922 1197 1203 1258 ponderibus
1241 1196 1506 1242 definiendis
1539 1195 1636 1241 fere

104 1266 276 1327 ubique
313 1267 512 1313 additum
539 1281 641 1313 esse
666 1263 917 1326 νόμῑεμα,
954 1269 983 1312 i.
1012 1282 1052 1313 e.
1082 1267 1277 1313 solidum
1303 1267 1637 1313 Constantinia-

103 1351 238 1394 num,
282 1337 425 1383 librae
461 1338 686 1384 Romanae
720 1344 896 1398 partem
927 1337 1099 1392 LXXII;
1140 1338 1184 1383 id
1223 1338 1345 1398 quod
1381 1338 1636 1384 rectissime

102 1406 273 1458 factum
301 1414 372 1454 est
399 1422 422 1453 6
448 1409 778 1454 consuetudine
814 1408 938 1455 illius
977 1410 1137 1454 aetatis
1173 1410 1323 1454 omnia
1349 1408 1552 1469 pondera
1583 1407 1638 1453 ad

102 1476 265 1523 libram
302 1485 347 1524 et
384 1480 590 1539 exagium
626 1480 896 1525 revocantis.
959 1479 1160 1540 Denique
1196 1481 1314 1524 miro
1351 1479 1487 1524 modo
1516 1479 1637 1523 inter

102 1548 275 1594 medias
313 1562 550 1595 mensuras
589 1550 866 1596 inculcatum
904 1556 974 1595 est
1008 1549 1218 1595 Hebraici
1256 1547 1417 1595 talenti
1455 1548 1635 1609 pondus

102 1617 235 1665 libris
262 1626 307 1665 et
335 1620 492 1666 solidis
525 1634 789 1680 expressum
804 1615 850 1679 ¹).

211 1702 416 1749 Secunda
449 1719 556 1765 pars
594 1704 728 1750 huius
759 1704 1044 1752 collectionis
1071 1703 1144 1764 (fr.
1172 1704 1245 1764 79)
1276 1705 1531 1764 composita
1567 1710 1637 1749 est

105 1786 129 1818 6
147 1774 293 1834 capite
306 1773 500 1820 Galeneo
513 1775 569 1820 XI
594 1777 638 1820 in
665 1775 847 1821 brevius
864 1782 1100 1822 contracto
1122 1782 1168 1820 et
1190 1774 1340 1821 tabula
1363 1775 1636 1835 hippiatrica

106 1845 199 1889 sive
222 1846 368 1904 capite
393 1845 481 1890 XII.
523 1844 731 1900 Chalcus,
759 1847 837 1906 qui
863 1845 1110 1891 hemioboli
1137 1845 1296 1906 quinta
1321 1859 1427 1906 pars
1452 1845 1634 1902 dicitur,

104 1921 176 1960 est
198 1914 526 1973 Ptolemaicus,
563 1916 941 1976 quemadmodum
968 1930 1105 1976 supra
1135 1915 1182 1975 (S
1215 1915 1286 1975 75)
1311 1915 1636 1962 demonstravi·-

101 1999 218 2030 mus.
271 1984 393 2040 Quae
428 1992 576 2032 autem
613 1994 773 2048 postea
806 1987 962 2033 eodem
996 1986 1099 2033 1060
1126 1987 1344 2047 leguntur
1372 1982 1443 2048 (fr.
1473 1988 1546 2044 79,
1573 1986 1634 2048 2),

104 2193 184 2233 nio
206 2192 294 2244 (82,
319 2194 406 2245 14),
430 2195 521 2235 nisi
544 2194 662 2247 quod
682 2194 782 2236 illic
802 2196 873 2236 tot
904 2196 1179 2246 sextarii,
1215 2197 1322 2247 quot
1338 2194 1426 2235 'liic
1455 2192 1635 2235 littae

106 2249 301 2290 artabae
334 2250 609 2292 tribuuntur.
641 2274 693 2280 —
726 2253 750 2302 ξ
781 2255 807 2293 3
839 2256 1057 2304 corrupta
1098 2255 1194 2299 est;
1237 2263 1400 2292 sanam
1438 2249 1634 2303 scriptu-

102 2318 204 2346 ram
233 2305 379 2347 habes
409 2307 463 2347 fr.
498 2309 565 2359 80,
600 2311 640 2349 3.
672 2310 713 2358 4,
748 2322 864 2361 quae
898 2312 1121 2362 cognata
1132 2282 1203 2349 esi:
1234 2321 1336 2348 cum
1367 2307 1421 2347 fr.
1445 2307 1512 2353 88,
1535 2309 1575 2347 3.
1582 2327 1635 2334 -—

105 2363 130 2412 ξ
159 2363 208 2401 4.
244 2363 401 2403 confer
430 2365 499 2414 88,
534 2367 574 2405 3.
608 2387 659 2392 —
694 2365 718 2414 ἓ
750 2366 796 2405 5:
828 2365 933 2406 vide
968 2366 1022 2406 fr.
1047 2366 1115 2405 96.
1151 2386 1198 2392 —-
1232 2365 1257 2413 ἕ
1289 2365 1314 2403 6
1347 2376 1401 2402 ex
1430 2361 1634 2428 Epipha-

103 2418 194 2458 nio.
228 2440 283 2446 —
315 2419 337 2468 ἓ
362 2421 385 2459 7
415 2419 462 2459 id
492 2418 714 2472 δηνάριον
744 2421 960 2475 intellegi
989 2421 1173 2462 videtur
1204 2419 1323 2471 quod
1354 2419 1519 2471 exagio
1550 2431 1636 2471 par

106 2478 197 2514 est:
229 2474 334 2515 vide
369 2475 423 2516 fr.
447 2476 514 2525 58,
539 2478 608 2527 20,
640 2476 755 2529 prol.
778 2479 892 2526 ἓ58.
925 2499 981 2506 -
1012 2479 1036 2527 ξ
1068 2479 1116 2518 8.
1147 2476 1253 2517 vide
1286 2475 1341 2515 fi.
1365 2476 1434 2515 96.
1465 2497 1514 2504 —·
1551 2475 1576 2524 ἕ
1608 2475 1634 2515 9

102 2543 248 2584 usque
302 2531 360 2570 ad
412 2533 464 2571 14
504 2545 527 2572 6
565 2532 740 2572 tabulis
789 2533 1147 2586 Epiphanianis.
1179 2553 1234 2559 -
1272 2531 1297 2580 ἕ
1337 2532 1390 2571 15
1428 2528 1634 2583 δινάριον

104 2586 300 2640 aequale
334 2587 480 2628 solido
512 2587 634 2628 idem
668 2593 736 2629 est
769 2589 887 2641 quod
917 2592 941 2640 ξ
974 2591 997 2629 7
1030 2588 1258 2628 definitur.
1280 2609 1336 2616 —
1356 2588 1381 2638 ξ
1413 2588 1541 2627 16=
1561 2588 1632 2639 88,

101 2645 128 2684 3
159 2644 259 2684 init.
290 2665 347 2673 —
376 2646 400 2694 ἓ
434 2646 484 2685 17
519 2648 564 2685 et
596 2646 648 2685 18
681 2658 704 2685 e
737 2645 911 2685 Iuliani
942 2644 1103 2685 tabula
1135 2644 1209 2695 (fr.
1244 2642 1330 2695 16).

218 2712 264 2764 1)
296 2714 381 2754 Est
410 2714 538 2755 locus
571 2714 629 2755 fr.
652 2716 718 2764 78,
741 2717 812 2755 17:
846 2712 903 2755 τὸ
934 2712 1172 2755 τάλαντον
1202 2712 1303 2765 ἄγει
1333 2710 1491 2765 λίτρας
1522 2706 1632 2765 ρκε’,

100 2766 360 2820 νομίεματα
403 2771 442 2811 θ,
501 2771 674 2811 Librae
716 2770 797 2811 125
838 2774 944 2812 sunt
982 2771 1151 2811 talenti
1189 2769 1503 2824 Epiphaniani
1534 2770 1631 2810 sive

100 2825 327 2866 Hebraici
359 2814 491 2880 (prol.
523 2828 548 2877 ἕ
580 2827 675 2878 68);
719 2827 910 2867 eaedem
940 2827 1280 2881 multiplicatae
1313 2839 1415 2867 cum
1445 2838 1632 2866 numero

102 2880 348 2923 solidorum
381 2886 459 2935 qui
499 2885 547 2924 in
587 2895 724 2923 unam
762 2883 929 2924 libram
969 2885 1209 2925 incurrunt
1247 2884 1429 2925 faciunt
1467 2882 1632 2924 solido-

101 2950 200 2978 rum
230 2951 394 2980 novem
425 2939 569 2981 milia.
646 2955 650 2963 ·
