1946 3220
274 153 307 205 8
809 162 1215 198 PROLEGOMENA
1241 165 1296 197 m

277 286 386 330 artis
414 295 520 327 suae
547 281 741 340 primum
767 276 1070 322 intermisisse
1105 289 1190 322 nec
1226 276 1472 337 quidquam
1500 276 1627 334 aliud
1661 291 1794 338 quam
1862 267 1863 270 Ἴ

275 353 381 400 belli
421 350 614 411 gloriam
649 348 948 406 cogitavisse,
993 347 1072 392 sed
1105 352 1350 407 postquam
1392 347 1592 392 hostium
1629 353 1796 394 terram

275 423 500 470 exercitus
527 419 778 476 intraverit,
807 418 949 462 varias
974 430 1209 462 mensuras
1236 416 1289 463 ad
1315 415 1484 462 bellum
1504 416 1693 462 maxime
1716 431 1797 464 ne·
1851 441 1855 470 ,s
1876 467 1880 469 ,

276 491 496 539 cessarias
523 487 762 548 exigendas
789 487 956 546 fuisse,
991 501 1082 548 quo
1122 486 1242 533 facto
1271 501 1320 533 se
1354 487 1577 533 rationem
1604 501 1691 547 qua
1717 500 1799 534 eae

275 573 514 608 mensurae
551 559 714 604 fierent
750 556 1204 618 religiosius-colere
1241 558 1449 617 coepisse
1477 557 1721 617 statimque
1745 562 1799 602 ut
1863 598 1866 599 γ

275 634 524 692 imperator
549 628 740 675 victoria
765 633 1000 688 reportata
1027 627 1177 688 ipsum
1203 641 1228 673 e
1253 628 1383 674 Dacia
1410 627 1650 684 dimiserit,
1677 627 1813 673 hunc‘

275 701 439 747 librum
466 699 865 746 consummavisse.

279 772 282 776 “
380 771 500 817 Haec
525 769 620 815 sere
646 767 812 814 Balbus
839 774 886 814 et
912 774 1144 828 praeterea
1179 767 1265 814 alia
1291 768 1474 813 minime
1498 766 1798 828 neglegenda,

277 855 391 903 quae
428 840 547 901 apud
584 841 734 900 ipsum
770 837 994 899 legantur.
1044 838 1208 883 Verum
1244 850 1329 898 ego
1367 837 1453 883 iam
1489 850 1707 898 quaerere
1731 837 1797 882 in-

275 912 491 968 stituam,
531 922 767 970 quamnam
804 915 944 954 artem
982 908 1176 954 coluerit
1199 908 1362 954 Balbus
1398 908 1675 968 eandemque
1701 907 1800 953 Cel·

275 982 382 1028 sus?
433 981 610 1026 Etenim
647 993 737 1025 non
764 977 927 1024 Balbus
953 978 1101 1024 solum
1128 979 1260 1024 istius
1286 979 1396 1024 artis
1422 978 1574 1024 studio
1602 978 1800 1023 honora·

276 1059 351 1098 tus
378 1050 466 1097 fuit
491 1050 609 1110 apud
637 1050 982 1109 imperatorem,
1021 1048 1100 1093 sed
1126 1048 1326 1094 nobilior
1353 1049 1486 1093 etiam
1512 1048 1696 1104 Celsus,
1732 1049 1800 1092 vir

278 1134 477 1168 summae
504 1122 550 1164 in
579 1134 629 1165 ea
655 1132 705 1164 re
732 1119 1046 1176 auctoritatis,
1083 1131 1222 1178 penes
1250 1130 1382 1178 quem
1411 1118 1666 1163 studiorum
1693 1131 1802 1163 suo*

275 1206 375 1237 rum
412 1203 629 1236 summam
667 1202 848 1235 manere
887 1188 1046 1235 scribit
1080 1187 1272 1244 Balbus,
1318 1187 1600 1248 eundemque
1637 1187 1682 1232 in
1717 1188 1800 1233 hac

276 1268 405 1322 parte
431 1259 676 1321 plurimum
718 1261 836 1304 inter
863 1258 1073 1318 aequales
1100 1254 1295 1318 posse3).
1356 1258 1500 1314 Quid?
1535 1257 1656 1318 quod
1682 1257 1799 1302 idem

277 1331 433 1376 Celsus
472 1332 825 1376 instrumentum
863 1328 1091 1389 quoddum
1130 1329 1354 1374 invenisse
1390 1328 1582 1386 dicitur,
1623 1342 1712 1388 quo
1749 1341 1800 1373 ea

278 1400 423 1462 spatia
450 1413 618 1460 easque
644 1399 907 1445 altitudines
934 1399 1086 1443 metiri
1110 1397 1294 1456 liceret,
1333 1412 1447 1458 quac
1481 1411 1565 1443 nec
1590 1397 1801 1459 passibus

277 1478 355 1518 aut
383 1470 570 1532 perticis
598 1471 715 1528 exigi
741 1483 825 1515 nec
852 1470 1033 1514 omnino
1060 1468 1169 1514 adiri
1207 1468 1428 1529 possent?
1478 1468 1557 1514 Hic
1582 1467 1800 1528 pervenio

278 1541 334 1587 ad
359 1541 403 1586 id
431 1541 555 1600 quod
581 1545 652 1585 est
678 1539 993 1599 gravissimum
1023 1539 1237 1584 omnium.
1263 1588 1266 1591 Δ
1288 1539 1397 1583 Nam
1423 1539 1508 1583 etsi
1527 1537 1689 1583 Balbus
1717 1551 1801 1582 nec

278 1624 446 1657 nomen
473 1609 596 1655 illius
623 1608 915 1655 instrumenti
942 1607 1070 1654 affert
1097 1622 1180 1653 nec
1207 1609 1305 1654 eius
1325 1607 1562 1654 adhibendi
1578 1610 1799 1653 rationem

279 1680 495 1727 describit
526 1705 582 1712 —
616 1694 748 1739 quam
776 1677 1088 1724 difficultatem
1115 1679 1301 1738 insuper
1326 1683 1462 1737 auget
1481 1678 1616 1723 dubia
1642 1677 1798 1723 verbo-

280 1764 380 1796 rum
409 1744 677 1810 scriptura⁴)
709 1773 769 1782 -
800 1755 949 1794 tamen
975 1748 1017 1792 id
1045 1748 1089 1792 in
1118 1762 1208 1808 quo
1245 1750 1482 1793 maximum
1521 1754 1799 1794 momentum

279 1827 351 1867 est
377 1820 489 1866 satis
517 1825 718 1879 apparet.
775 1818 924 1878 Atque
959 1819 1154 1864 animum
1182 1819 1227 1863 id
1253 1820 1487 1864 advertant
1520 1820 1607 1863 iam
1644 1831 1802 1864 omnes

279 1904 473 1951 quorum
500 1890 708 1946 interest,
737 1895 878 1934 artem
907 1887 1122 1948 trianguli
1145 1903 1199 1935 ex
1217 1903 1309 1934 uno
1331 1888 1473 1934 latere
1493 1889 1802 1949 proximisque

278 1959 457 2020 angulis
494 1959 706 2004 metiendi
742 1958 795 2004 ab
822 1960 908 2004 hoc
933 1958 1062 2003 Celso
1088 1958 1298 2004 Romanis
1337 1957 1544 2004 traditam
1572 1972 1672 2004 esse
1698 1972 1801 2004 cen-

278 2030 441 2076 tesimo
470 2030 565 2075 fere
592 2042 708 2075 anno
737 2044 779 2089 p.
809 2028 911 2073 Chr.
937 2042 980 2073 n.
1033 2028 1172 2084 Quam
1199 2028 1254 2074 ad
1280 2035 1421 2074 artem
1449 2027 1799 2088 pervulgandam

198 2149 204 2154 ,
278 2100 385 2160 quid
424 2099 529 2144 olim
566 2099 815 2145 contulerit
849 2099 968 2144 Hero
995 2098 1321 2143 Alexandrinus
1350 2097 1475 2161 libro
1513 2111 1645 2157 quem
1680 2093 1803 2157 περὶ

277 2164 771 2229 bidn'rpucscripsit,
800 2175 894 2214 tum
922 2168 1151 2228 quomodo
1180 2182 1229 2213 ea
1256 2182 1329 2213 ars
1356 2168 1408 2213 ad
1435 2168 1660 2214 Romanos
1689 2169 1803 2213 satis

278 2238 419 2299 longo
447 2237 683 2284 intervallo
714 2239 972 2295 transierit,
1009 2252 1100 2283 non
1135 2250 1283 2283 meum
1310 2244 1379 2282 est
1404 2237 1491 2283 hoc
1516 2237 1619 2282 loco
1646 2237 1803 2298 exqui-

390 2444 434 2495 3)
466 2445 517 2485 P.
550 2444 617 2494 94,
653 2446 691 2484 1.
724 2445 794 2496 91,
827 2446 864 2484 3.
899 2446 938 2485 8.
1744 2472 1748 2475 -

390 2502 435 2553 4)
469 2500 519 2541 Ρ.
560 2501 636 2551 92,
680 2501 754 2541 13:
806 2506 930 2540 erant
971 2501 1104 2540 dandi
1142 2501 1443 2540 interveniente
1481 2504 1598 2540 certo
1637 2500 1804 2539 itineris

280 2556 420 2606 spatio
454 2557 535 2597 duo
567 2556 734 2608 riyores
765 2557 977 2607 ordinati,
1010 2556 1157 2608 quibus
1187 2558 1229 2596 in
1260 2558 1428 2596 tutelam
1457 2556 1713 2596 commeandi
1740 2558 1802 2594 in-

279 2622 383 2662 gens
412 2614 611 2652 vallorum
642 2614 897 2665 adsurgeret
926 2614 1067 2653 molis:
1098 2613 1174 2652 hos
1203 2614 1367 2652 invento
1398 2617 1469 2652 tuo
1490 2612 1635 2664 operis
1656 2611 1801 2651 decisa

282 2666 341 2705 ad
370 2667 499 2706 aciem
527 2674 655 2719 parte
684 2669 938 2719 ferramenti
967 2681 1065 2708 usus
1096 2670 1313 2720 explicuit.
1345 2667 1449 2707 ·Sie
1490 2667 1640 2707 locum
1670 2668 1801 2706 resti-

282 2721 370 2760 tuit
399 2721 723 2764 Lachmannus
766 2737 821 2764 ex
859 2723 1077 2764 librorum
1117 2724 1342 2776 scriptura
1373 2724 1515 2765 variis
1547 2721 1692 2762 modis
1723 2722 1798 2763 dc-

282 2780 490 2828 pravata.
551 2778 700 2830 Atque
751 2782 865 2820 acies
907 2780 1066 2832 utique
1118 2784 1188 2820 est
1237 2778 1466 2820 oculorum
1507 2778 1657 2827 acieS,
1710 2790 1802 2818 non

285 2832 517 2872 exercitus
569 2834 804 2885 instructi;
864 2835 1097 2888 significat
1154 2836 1295 2889 igitur
1352 2836 1546 2888 scriptor
1595 2833 1800 2886 dioptrae

282 2899 433 2935 usum,
478 2887 534 2926 ad
576 2901 706 2939 quem
745 2891 942 2942 pertinet
984 2892 1122 2932 etiam
1150 2892 1448 2943 ferramentum
1478 2889 1648 2930 ibidem
1680 2903 1800 2930 com—

285 2946 584 2983 memoratum
619 2943 757 2994 (conf.
791 2946 991 2987 Rudorff.
1023 2947 1070 2987 II
1101 2961 1143 2999 p.
1176 2946 1293 2998 338).
