1946 3220
570 129 888 165 sempronns
926 129 1182 166 GnAncos.
1310 126 1312 129 ’
1560 114 1631 168 73

205 244 381 290 Etenim
415 244 630 302 choenix,
677 258 791 304 quae
826 250 1024 291 extrema
1058 243 1142 291 hac
1177 243 1330 291 tabula
1361 244 1627 306 explicatur,

101 317 314 377 quoniam
334 317 477 374 trium
502 314 753 375 cotylarum
778 315 959 361 modum
986 314 1152 362 habere
1177 315 1369 374 dicitur,
1404 317 1627 377 Aegyptia

101 393 198 445 est,
223 399 316 432 non
341 387 487 433 Attica
512 385 559 446 (S
586 384 675 445 73).
726 385 910 432 Pondus
939 392 1088 431 autem
1116 387 1214 432 eius
1234 401 1258 432 a
1282 385 1432 448 cotyla
1455 386 1628 432 deriva-

103 464 200 514 tur,
224 470 338 517 quae
364 471 464 503 cum
492 456 564 502 LX
589 456 823 503 drachmas
849 457 1031 517 pendat,
1062 457 1267 503 choenici
1294 458 1431 503 trium
1455 456 1628 518 cotyla-

100 541 199 573 rum
231 528 506 573 conveniunt
540 526 777 574 drachmae
813 526 1007 573 CLXXX.
1081 530 1241 588 Atque'
1267 528 1418 574 eadem
1451 529 1627 574 ratione

100 599 322 655 sextario,
348 599 425 658 qui
452 598 562 644 duas
585 596 760 658 cotylas
784 599 919 658 capit,
947 598 1053 643 CXX
1077 598 1313 644 drachmae
1338 598 1624 645 tribuuntur:

100 668 175 714 sed
219 668 306 715 hoc
340 669 518 714 demum
554 669 608 715 ab
651 670 787 714 huius
828 669 1007 714 tabulae
1047 670 1299 729 scriptore,
1350 670 1429 730 qui
1462 669 1627 715 Romae

100 740 230 796 vixit,
258 739 456 785 additum
481 746 552 785 est
577 739 631 786 ad
651 740 862 800 Aegyptii
890 740 1092 785 auctoris
1115 745 1372 799 praecepta.

139 920 204 959 De
234 924 438 960 mensuris
468 932 519 960 ae
547 919 806 972 ponderibus
836 932 944 973 quae
975 920 1092 972 apud
1118 919 1372 961 vetustiores
1401 920 1585 960 medicos

720 978 1006 1028 reperiuntur.

203 1062 417 1125 Reliquae
439 1066 537 1110 eius
567 1065 749 1124 generis
776 1063 952 1110 tabulae
978 1063 1121 1110 multo
1149 1063 1484 1125 posterioribus
1517 1071 1626 1110 tem·
1650 1057 1715 1103 44

97 1134 303 1195 poribus,
333 1141 495 1196 quarto
523 1135 616 1180 sere
642 1137 855 1196 quintove
883 1135 1082 1192 saeculo,
1107 1136 1154 1180 in
1180 1149 1276 1181 eam
1298 1135 1489 1181 sormam
1510 1149 1626 1195 quae

98 1219 217 1250 nunc
255 1212 402 1251 exstat
430 1206 635 1252 redactae
666 1212 786 1251 sunt.
839 1205 927 1252 Nec-
962 1212 1112 1251 tamen
1141 1207 1289 1251 omnia
1316 1219 1627 1266 quaecumque

97 1275 160 1321 ibi
191 1276 430 1322 traduntur
453 1277 506 1322 acl
538 1275 660 1322 illam
686 1278 829 1337 ipsam
856 1282 1048 1322 aetatem
1076 1278 1334 1337 pertinent,
1373 1275 1452 1321 sed
1485 1276 1627 1322 multa

97 1360 123 1392 a
151 1347 476 1393 vetustioribus
511 1346 773 1393 auctoribus
801 1348 995 1407 repetita
1027 1353 1147 1393 sunt.
1197 1346 1326 1392 Omni
1353 1347 1495 1407 igitur
1519 1361 1627 1392 cura

40 1441 50 1448 x
98 1417 399 1477 quaerendum
436 1424 530 1476 est,
575 1418 813 1477 possintne
849 1416 999 1477 aliqua
1034 1419 1131 1463 eius
1164 1419 1231 1463 rei
1268 1417 1456 1475 vestigia
1490 1419 1536 1462 in
1569 1419 1625 1463 iis

98 1488 374 1534 medicorum
402 1489 529 1534 libris
563 1490 640 1548 qui
667 1488 719 1533 ad
747 1495 907 1534 nostra
933 1494 1141 1548 tempora
1167 1488 1330 1533 servati
1364 1494 1470 1533 sunt
1504 1488 1628 1533 inda-

99 1559 210 1618 gari.
262 1559 416 1619 ltaque
443 1572 547 1618 ego,
576 1560 778 1620 quamvis
808 1558 991 1619 longam
1013 1565 1057 1603 et
1081 1558 1319 1604 molestam
1346 1572 1530 1618 operam
1555 1572 1626 1603 me

99 1629 330 1688 suscipere
355 1629 693 1690 intellegerem,
722 1636 873 1676 tamen
903 1643 995 1675 non
1022 1629 1249 1687 dubitavi,
1280 1630 1388 1689 quin
1414 1630 1627 1688 gravissi·

97 1713 276 1745 morum
310 1701 588 1747 medicorum
623 1700 766 1747 libros
794 1701 1120 1761 perlustrarem
1146 1700 1403 1761 quibusque
1439 1702 1471 1745 ii
1503 1713 1627 1745 men·

99 1771 216 1815 suris
243 1785 292 1816 ac
319 1770 596 1830 ponderibus
621 1777 856 1817 uterenter
885 1771 1127 1831 diligenter
1152 1772 1450 1831 exquirerem.

202 1839 324 1894 Quae
357 1842 537 1902 quidem
576 1856 696 1887 nunc
728 1842 864 1901 longa
899 1843 1106 1887 oratione
1142 1855 1368 1901 exponere
1394 1855 1484 1887 non
1518 1855 1624 1901 pos-

98 1925 220 1956 sum:
248 1918 293 1956 at
319 1912 428 1957 hanc
454 1912 591 1958 habes
617 1926 773 1958 eorum
799 1927 914 1973 quae
936 1913 1084 1957 inveni
1112 1925 1344 1957 summam.

200 1983 244 2026 ln
265 1982 643 2043 Hippocratis
671 1983 799 2029 libris
820 2008 888 2016 —-
910 1997 989 2028 eos
1015 1983 1116 2028 dico
1140 1997 1254 2043 quos
1282 1983 1504 2041 genuinos
1525 1995 1626 2027 esse

99 2052 409 2098 subtilissimis
432 2053 776 2114 quaestionibus
805 2053 934 2099 sactis
961 2053 1243 2113 exploratum
1270 2048 1381 2110 θεῖ’)
1415 2078 1471 2084 —-
1503 2051 1626 2097 nulla

214 2275 254 2326 1)
289 2277 342 2316 In
376 2289 476 2316 eam
509 2288 607 2316 rem
640 2288 739 2315 cum
774 2288 800 2315 a
831 2275 1061 2328 prioribus
1091 2287 1182 2315 non
1215 2287 1270 2315 ea
1301 2286 1392 2327 qua
1422 2286 1505 2327 par
1526 2277 1627 2313 erat

100 2343 211 2372 cura
257 2345 310 2372 ac
351 2332 598 2385 diligentia
643 2332 908 2384 inquisitum
956 2335 1122 2382 esset,¹
1153 2344 1299 2384 nuper
1347 2330 1625 2370 Franciseus

97 2388 332 2428 Ermerins
362 2388 409 2427 in
438 2388 775 2441 prolegomenis
808 2388 866 2428 ad
884 2388 1181 2441 Hippocratis
1213 2386 1432 2438 reliquias
1455 2383 1568 2437 (vol.
1587 2386 1623 2437 Ι,

100 2444 302 2484 Traiect.
337 2444 394 2483 ad
426 2444 508 2484 Rh.
545 2443 672 2493 1859)
704 2449 795 2484 tam
829 2445 1016 2497 egregie
1057 2444 1112 2483 de
1145 2456 1198 2484 eo
1232 2446 1500 2494 argumento
1532 2442 1624 2481 dis-

99 2501 300 2552 putavit,
344 2504 395 2539 ut
434 2500 546 2540 nihil
587 2500 684 2540 fere
726 2501 844 2552 quod
874 2500 1060 2540 dubium
1093 2504 1138 2539 et
1171 2499 1433 2550 ambiguum
1464 2497 1524 2537 sit
1555 2510 1627 2538 re-

98 2555 346 2609 linquatur.
409 2555 681 2597 Gravissimi
712 2560 863 2596 autem
897 2557 994 2596 eius
1028 2554 1425 2596 commentationis
1455 2551 1549 2594 loci
1577 2553 1626 2594 hi

100 2616 228 2653 sunt:
280 2612 601 2653 Iusiurandum
643 2612 699 2652 ab
742 2612 896 2665 ignoto
944 2616 1126 2652 auctore
1168 2610 1484 2664 antiquissimo
1515 2614 1626 2651 tem-

100 2681 208 2721 pore
243 2669 503 2709 confectum
536 2682 639 2709 esse
664 2680 856 2720 eamque
879 2668 1119 2708 formulam
1135 2668 1432 2721 Hippocratis
1464 2670 1622 2707 aetate

101 2724 244 2765 fuisse
275 2726 496 2766 usitatam
519 2724 584 2779 (p.
607 2725 717 2765 XIII
741 2724 823 2775 s.);
856 2724 1239 2777 prorrhetorieum
1261 2724 1466 2777 primum,
1491 2736 1623 2776 prae-

99 2782 308 2822 notiones
342 2781 539 2832 Coacas,
573 2781 913 2835 prognosticum
936 2781 1089 2821 varias
1110 2781 1366 2821 sententias
1388 2778 1625 2820 continere

100 2849 187 2877 nee
228 2838 387 2878 eadem
434 2842 589 2879 aetate
629 2851 715 2878 nec
759 2838 815 2877 ab
868 2837 1026 2878 eodem
1066 2839 1164 2878 viro
1202 2837 1421 2890 scriptas:
1471 2836 1624 2876 inesse

99 2891 227 2934 locos
250 2907 272 2934 e
295 2894 424 2935 libris
454 2907 563 2936 vere
594 2894 937 2947 Hippocrateis,
970 2893 1050 2934 sed
1079 2894 1300 2947 pleraque
1334 2904 1434 2933 esse
1466 2904 1627 2932 recen·

101 2949 230 2991 tioris
263 2951 454 3004 originis
486 2952 551 3005 (p.
583 2949 727 2993 XVII.
761 2951 899 2994 XXV.
930 2950 1113 2993 XXXV.
1144 2950 1339 3002 XLIII);
1373 2948 1624 3002 epidemio·
