1946 3220
564 169 883 205 SCRIPTORES
917 169 1175 206 GRAEcos.
1531 152 1632 206 133

108 298 198 347 que
227 299 252 331 a
282 286 470 330 minimo
495 283 697 344 pondere
722 298 869 345 usque
903 284 958 330 ad
982 285 1147 330 minam
1178 282 1329 329 omnia
1364 290 1631 343 persecutu-

104 370 205 403 rum
231 369 332 402 esse
350 354 608 416 profitetur.
638 353 788 400 Prima
815 355 960 415 igitur
983 355 1119 401 huius
1141 353 1322 401 tabulae
1343 367 1451 415 pars
1471 351 1631 414 (1—8)

102 440 188 488 per
213 440 262 473 se
287 431 403 483 stat;
431 439 566 486 quam
586 424 752 486 excipit
768 425 909 471 altera
928 439 1034 486 pars
1058 420 1193 485 Περὶ
1210 419 1420 486 μέτρων
1447 418 1631 486 ὑγρῶν

107 493 315 559 (9-39),
342 497 472 543 cuius
502 498 547 541 in
572 495 858 557 praefatione
882 495 1007 542 nulla
1031 498 1202 542 mentio
1228 494 1293 542 fit.

210 581 260 626 ln
278 579 556 642 ponderibus
575 576 807 640 χαλκοῦς
834 594 934 627 cum
967 580 1133 641 siliqua
1152 581 1490 641 aequiperatur,
1510 580 1635 642 quod

103 653 193 698 etsi
217 665 387 698 novum
424 656 479 698 et·
503 651 754 697 inauditum
781 650 916 697 nobis
943 651 1146 709 videtur,
1184 657 1335 697 tamen
1369 665 1422 697 ea
1450 665 1550 709 res,
1581 657 1635 697 ut

104 722 159 768 ab
184 722 308 769 bono
336 729 524 768 auctore
548 722 738 779 tradita,
778 736 870 768 non
895 721 941 767 in
968 722 1268 782 suspitionem
1287 722 1499 768 vocanda.
1551 721 1637 767 Re·

100 791 228 853 liqna
261 793 464 854 pondera
502 807 650 853 usque
691 792 746 837 ad
789 792 952 838 libram
993 798 1202 838 accurate
1238 806 1291 838 ex
1327 791 1635 838 Romanorum

103 865 283 910 ratione
308 863 537 923 descripta
564 869 686 908 sunt.

206 947 351 993 Minae
398 954 493 993 tres
537 947 910 1007 distinguuntur,
966 949 1113 1008 prima
1151 945 1432 993 medicinalis
1482 941 1638 1008 (κατὰ

100 1013 200 1077 τὴν
227 1012 462 1077 ἰατρικὴν
489 1014 723 1080 χρῆειν),
760 1032 874 1078 quae
912 1025 982 1064 est
1015 1024 1194 1063 vetusta
1222 1019 1397 1075 Attica,
1440 1017 1638 1064 secunda

101 1088 256 1136 Italica
293 1088 424 1134 XVIII
458 1090 720 1146 unciarum,
760 1090 896 1135 tertia
939 1088 1239 1135 Alexandrina
1274 1088 1349 1133 XX
1386 1088 1637 1134 unciarum.

104 1157 229 1214 Quae
257 1162 407 1206 omnia
435 1174 573 1220 supra
599 1160 694 1205 suis
725 1173 931 1220 quaeque
958 1160 1072 1206 locis
1098 1155 1490 1218 illustravimus2).

212 1244 261 1288 In
297 1243 439 1289 altera
474 1243 609 1289 huius
636 1244 817 1290 tabulae
848 1250 978 1304 parte
1008 1244 1235 1289 Romanae
1259 1256 1498 1289 mensurae
1531 1241 1638 1288 defi-

104 1304 302 1360 niuntur
326 1315 438 1373 vini,
466 1308 571 1373 olei,
598 1314 745 1360 mellis
770 1314 1065 1375 ponderibus.
1098 1313 1214 1360 Sunt
1239 1320 1390 1360 autem
1415 1313 1526 1359 hae:
1554 1326 1637 1361 κε-

104 1379 318 1444 ράμιον,
346 1379 536 1443 οὔρνα,
558 1383 690 1444 χοῦς
714 1385 806 1430 sive
826 1381 1063 1442 xowiov,
1087 1379 1414 1444 ἡμικόγγιον,
1443 1379 1638 1443 ξέετηε,

101 1449 264 1515 ἡμίνα
292 1455 383 1501 sive
409 1451 605 1514 κοτύλη
622 1492 635 1514 ,
665 1451 942 1515 τέταρτον,
971 1450 1270 1516 ὀξύβαφον,
1294 1450 1518 1512 κύαθος,
1545 1449 1637 1515 χή-

102 1538 198 1585 μη;
232 1540 348 1586 quae
371 1525 589 1572 vocabula
618 1527 656 1572 si
681 1527 727 1571 in
748 1525 959 1572 Latinum
987 1539 1243 1571 sermonem
1269 1527 1525 1584 convertis,
1561 1525 1640 1570 ha-

103 1595 187 1642 bes
214 1598 338 1657 ipsas
366 1597 590 1642 Romanas
618 1610 874 1655 mensuras,
896 1598 1175 1657 amphoram,
1199 1611 1376 1654 urnam,
1405 1596 1637 1656 congium,

105 1668 381 1724 sextarium,
408 1667 658 1726 heminam,
693 1669 998 1729 quartarium,
1027 1667 1337 1725 acetabulum,
1363 1662 1636 1727 cyathum3),

106 1737 274 1798 quibus
311 1738 550 1784 adiiciendi
588 1745 695 1784 sunt
734 1740 1131 1798 semicongius
1155 1763 1229 1774 -—-
1251 1748 1356 1784 nam
1381 1735 1497 1783 hanc
1526 1751 1638 1797 quo-

107 1821 196 1868 que
222 1822 507 1866 mensuram,
540 1810 627 1854 etsi
655 1808 709 1855 ab
737 1809 838 1854 aliis
867 1808 1170 1869 scriptoribus
1195 1823 1289 1854 non
1313 1821 1639 1854 commemora-

109 1884 208 1936 tur,
247 1878 367 1938 apud
398 1879 628 1925 Romanos
664 1881 710 1925 in
742 1894 831 1925 usu
866 1880 1010 1925 fuisse
1039 1894 1092 1925 ex
1124 1879 1207 1925 hac
1237 1880 1339 1940 ipsa
1374 1876 1529 1924 tabula
1562 1891 1639 1924 co-

107 1948 348 2009 gnoscitur
371 1974 441 1983 —-
466 1955 511 1994 et
537 1950 835 2008 cochlear,
867 1956 1029 2010 quarta
1054 1964 1162 2010 pars
1193 1943 1404 2011 cyathi4).

212 2033 305 2080 Hae
331 2047 570 2079 mensurae
600 2034 865 2095 tripliciter,
904 2036 1103 2095 primum
1126 2034 1244 2092 vini,
1286 2041 1380 2080 tum
1408 2033 1522 2090 olei,
1558 2032 1634 2078 de-

104 2104 243 2164 nique
270 2104 421 2152 mellis,
444 2105 646 2164 pondere
680 2107 939 2166 exiguntur.
990 2105 1246 2165 Amphorae
1279 2107 1370 2153 vini
1400 2119 1453 2150 ex
1485 2104 1636 2163 legiti-

103 2188 176 2219 ma
200 2176 379 2220 ratione
406 2174 673 2221 tribuuntur
691 2175 834 2221 librae
858 2176 1021 2234 LXXX,
1044 2175 1134 2222 olei
1159 2176 1322 2233 LXXII,
1343 2174 1492 2221 mellis
1509 2174 1633 2230 CXX,

102 2245 221 2290 unde
258 2245 471 2306 deinceps
513 2259 670 2291 omnes
703 2248 906 2292 minores
940 2260 1180 2293 mensurae
1216 2246 1509 2292 definiuntur.
1574 2244 1635 2290 De

102 2314 252 2361 mellis
282 2316 511 2377 pondere,
540 2323 593 2362 ut
621 2331 759 2378 supra
782 2318 975 2364 vidimus
1008 2317 1056 2377 (S
1085 2316 1157 2377 59)
1174 2354 1188 2375 ,
1213 2331 1307 2362 non
1330 2316 1541 2363 convenit
1565 2315 1634 2360 in-

107 2390 175 2430 ter
208 2392 386 2432 veteres
420 2394 654 2433 auctores:
698 2388 775 2433 sed
812 2388 923 2434 haec
959 2388 1140 2448 quidem
1164 2386 1454 2434 Dioscoridea
1482 2384 1635 2430 tabula

102 2469 204 2501 cum
228 2455 421 2502 OrIbasii
448 2458 762 2503 aestimatione
788 2460 1031 2504 consentit.

214 2635 258 2687 2)
298 2636 370 2676 De
410 2635 571 2677 Attica
608 2637 735 2676 mina
772 2649 815 2678 v.
858 2648 997 2690 supra
1027 2636 1052 2686 ἓ
1083 2637 1160 2687 51,
1213 2635 1269 2676 de
1305 2634 1476 2677 Italica
1507 2635 1531 2684 ἕ
1562 2635 1631 2685 61,

102 2690 158 2733 de
187 2691 503 2733 Alexandrina
533 2693 557 2742 ξ
588 2694 656 2733 66.

214 2747 257 2800 3)
288 2749 343 2789 V.
375 2748 558 2790 Metrol.
590 2763 635 2801 p.
668 2750 736 2789 91.

211 2804 261 2857 4)
284 2804 549 2857 ‘Romanum
579 2805 667 2846 hoc
700 2804 918 2846 cochlear
949 2804 1075 2858 dieo,
1117 2803 1399 2858 explicatum
1432 2817 1461 2844 a
1494 2801 1630 2844 Colu-

101 2858 241 2901 mella
272 2860 327 2901 de
358 2874 393 2901 r.
427 2875 462 2901 r.
495 2863 571 2914 12,
603 2863 654 2901 21
690 2859 831 2913 (conf.
861 2860 1042 2901 Metrol.
1075 2874 1121 2914 p.
1154 2862 1206 2902 91
1241 2861 1345 2902 adn.
1380 2859 1474 2912 11),
1509 2858 1629 2912 quod

103 2928 128 2957 e
160 2916 319 2957 cheme
352 2916 634 2959 Graecorum
673 2917 930 2958 derivatum
962 2929 1062 2958 esse
1103 2930 1159 2958 ex
1195 2916 1285 2958 hac
1322 2915 1628 2958 Dioscoridea

102 2972 265 3013 tabula
296 2972 544 3027 colligitur.
597 2974 789 3014 Prorsus
823 2977 976 3015 autem
1007 2973 1218 3016 diversae
1247 2985 1491 3015 mensurae
1522 2973 1629 3012 sunt
