<?xml version="1.0" encoding="UTF-8"?>
<!DOCTYPE html PUBLIC "-//W3C//DTD XHTML 1.0 Transitional//EN"
    "http://www.w3.org/TR/xhtml1/DTD/xhtml1-transitional.dtd">
<html xmlns="http://www.w3.org/1999/xhtml" xml:lang="en" lang="en">
 <head>
  <title>
</title>
<meta http-equiv="Content-Type" content="text/html;charset=utf-8" />
  <meta name='ocr-system' content='tesseract 3.04.00' />
  <meta name='ocr-capabilities' content='ocr_page ocr_carea ocr_par ocr_line ocrx_word'/>
</head>
<body>
  <div class='ocr_page' id='page_1' title='image "./metrologicorumsc01hultuoft_0319.png"; bbox 0 0 1946 3220; ppageno 0'>
   <div class='ocr_carea' id='block_1_1' title="bbox 30 0 390 134">
    <p class='ocr_par' dir='ltr' id='par_1_1' title="bbox 30 0 390 134">
     <span class='ocr_line' id='line_1_1' title="bbox 146 0 390 15; baseline -0.012 -3"><span class='ocrx_word' id='word_1_1' title='bbox 146 0 237 15; x_wconf 46' lang='lat' dir='ltr'>:vu-&#39;Y&#39;</span> <span class='ocrx_word' id='word_1_2' title='bbox 257 0 320 15; x_wconf 53' lang='lat' dir='ltr'>&#39;w--z</span> <span class='ocrx_word' id='word_1_3' title='bbox 387 0 390 2; x_wconf 92' lang='lat'><em>-</em></span> 
     </span>
     <span class='ocr_line' id='line_1_2' title="bbox 30 119 45 134; baseline 0 0"><span class='ocrx_word' id='word_1_4' title='bbox 30 119 45 134; x_wconf 53' lang='lat' dir='ltr'>x</span> 
     </span>
    </p>
   </div>
   <div class='ocr_carea' id='block_1_2' title="bbox 35 156 1627 234">
    <p class='ocr_par' dir='ltr' id='par_1_2' title="bbox 35 156 1627 234">
     <span class='ocr_line' id='line_1_3' title="bbox 35 156 1627 234; baseline -0.003 -19"><span class='ocrx_word' id='word_1_5' title='bbox 35 156 37 158; x_wconf 62' lang='grc'><strong>’</strong></span> <span class='ocrx_word' id='word_1_6' title='bbox 98 163 200 234; x_wconf 80' lang='lat'>[92]</span> <span class='ocrx_word' id='word_1_7' title='bbox 696 178 770 211; x_wconf 71' lang='lat' dir='ltr'>DE</span> <span class='ocrx_word' id='word_1_8' title='bbox 806 175 1022 213; x_wconf 69' lang='lat' dir='ltr'><strong>numus.</strong></span> <span class='ocrx_word' id='word_1_9' title='bbox 1524 157 1627 211; x_wconf 84' lang='lat'>291</span> 
     </span>
    </p>
   </div>
   <div class='ocr_carea' id='block_1_3' title="bbox 8 284 1722 2614">
    <p class='ocr_par' dir='ltr' id='par_1_3' title="bbox 8 284 1722 2614">
     <span class='ocr_line' id='line_1_4' title="bbox 97 284 1629 353; baseline -0.005 -9"><span class='ocrx_word' id='word_1_10' title='bbox 97 290 197 344; x_wconf 84' lang='grc' dir='ltr'>νῦν</span> <span class='ocrx_word' id='word_1_11' title='bbox 243 285 426 353; x_wconf 84' lang='grc' dir='ltr'>χρείαν</span> <span class='ocrx_word' id='word_1_12' title='bbox 469 284 738 352; x_wconf 80' lang='grc' dir='ltr'>ἐνέμεινεν</span> <span class='ocrx_word' id='word_1_13' title='bbox 777 286 835 339; x_wconf 83' lang='grc' dir='ltr'>ἐκ</span> <span class='ocrx_word' id='word_1_14' title='bbox 877 289 968 351; x_wconf 86' lang='grc' dir='ltr'>τῆς</span> <span class='ocrx_word' id='word_1_15' title='bbox 1003 285 1204 350; x_wconf 87' lang='grc' dir='ltr'>μνήμης</span> <span class='ocrx_word' id='word_1_16' title='bbox 1248 287 1341 350; x_wconf 86' lang='grc' dir='ltr'>τῆς</span> <span class='ocrx_word' id='word_1_17' title='bbox 1379 285 1629 338; x_wconf 86' lang='grc' dir='ltr'>παλαιᾶς·</span> 
     </span>
     <span class='ocr_line' id='line_1_5' title="bbox 97 368 1629 437; baseline -0.003 -12"><span class='ocrx_word' id='word_1_18' title='bbox 97 370 454 437; x_wconf 87' lang='grc' dir='ltr'>Ἀριςτοτέλης</span> <span class='ocrx_word' id='word_1_19' title='bbox 488 371 548 424; x_wconf 84' lang='grc' dir='ltr'>δὲ</span> <span class='ocrx_word' id='word_1_20' title='bbox 585 369 783 423; x_wconf 85' lang='grc' dir='ltr'>ταύτὸν</span> <span class='ocrx_word' id='word_1_21' title='bbox 822 371 998 433; x_wconf 88' lang='grc' dir='ltr'>λέγων</span> <span class='ocrx_word' id='word_1_22' title='bbox 1039 371 1098 424; x_wconf 86' lang='grc' dir='ltr'>ἐν</span> <span class='ocrx_word' id='word_1_23' title='bbox 1138 368 1443 424; x_wconf 75' lang='grc' dir='ltr'>Εικυωνίων</span> <span class='ocrx_word' id='word_1_24' title='bbox 1479 371 1629 424; x_wconf 88' lang='grc' dir='ltr'>πολι-</span> 
     </span>
     <span class='ocr_line' id='line_1_6' title="bbox 97 453 1629 523; baseline -0.003 -13"><span class='ocrx_word' id='word_1_25' title='bbox 97 455 210 523; x_wconf 88' lang='grc' dir='ltr'>τείᾳ</span> <span class='ocrx_word' id='word_1_26' title='bbox 254 454 468 521; x_wconf 84' lang='grc' dir='ltr'>ςμικρόν</span> <span class='ocrx_word' id='word_1_27' title='bbox 512 471 559 507; x_wconf 90' lang='grc' dir='ltr'>τι</span> <span class='ocrx_word' id='word_1_28' title='bbox 602 455 928 519; x_wconf 77' lang='grc' dir='ltr'>καινοτομεῑ,</span> <span class='ocrx_word' id='word_1_29' title='bbox 975 453 1214 521; x_wconf 84' lang='grc' dir='ltr'>ὀφελοὺς</span> <span class='ocrx_word' id='word_1_30' title='bbox 1258 454 1455 508; x_wconf 86' lang='grc' dir='ltr'>αὐτοὺς</span> <span class='ocrx_word' id='word_1_31' title='bbox 1493 454 1629 508; x_wconf 92' lang='grc' dir='ltr'>τέως</span> 
     </span>
     <span class='ocr_line' id='line_1_7' title="bbox 50 537 1628 606; baseline -0.001 -12"><span class='ocrx_word' id='word_1_32' title='bbox 50 572 53 573; x_wconf 31' lang='lat'><em>⁷</em></span> <span class='ocrx_word' id='word_1_33' title='bbox 98 539 400 606; x_wconf 84' lang='grc' dir='ltr'>ὠνομάςθαι</span> <span class='ocrx_word' id='word_1_34' title='bbox 432 539 639 602; x_wconf 78' lang='grc' dir='ltr'>λέγων,</span> <span class='ocrx_word' id='word_1_35' title='bbox 682 541 781 591; x_wconf 86' lang='grc' dir='ltr'>τοῦ</span> <span class='ocrx_word' id='word_1_36' title='bbox 817 539 911 603; x_wconf 78' lang='grc' dir='ltr'>μὲν</span> <span class='ocrx_word' id='word_1_37' title='bbox 947 537 1200 604; x_wconf 84' lang='grc' dir='ltr'>ὀφέλλειν</span> <span class='ocrx_word' id='word_1_38' title='bbox 1234 541 1532 605; x_wconf 74' lang='grc' dir='ltr'>δηλοῦντος</span> <span class='ocrx_word' id='word_1_39' title='bbox 1565 538 1628 592; x_wconf 89' lang='grc' dir='ltr'>τὸ</span> 
     </span>
     <span class='ocr_line' id='line_1_8' title="bbox 97 623 1687 689; baseline -0.001 -11"><span class='ocrx_word' id='word_1_40' title='bbox 97 625 290 686; x_wconf 77' lang='grc' dir='ltr'>αὔξειν,</span> <span class='ocrx_word' id='word_1_41' title='bbox 319 623 501 677; x_wconf 85' lang='grc' dir='ltr'>αὐτῶν</span> <span class='ocrx_word' id='word_1_42' title='bbox 527 624 586 676; x_wconf 79' lang='grc' dir='ltr'>δὲ</span> <span class='ocrx_word' id='word_1_43' title='bbox 611 623 697 676; x_wconf 89' lang='grc' dir='ltr'>διὰ</span> <span class='ocrx_word' id='word_1_44' title='bbox 722 623 784 677; x_wconf 90' lang='grc' dir='ltr'>τὸ</span> <span class='ocrx_word' id='word_1_45' title='bbox 812 623 883 677; x_wconf 90' lang='grc' dir='ltr'>εἰς</span> <span class='ocrx_word' id='word_1_46' title='bbox 912 627 1075 689; x_wconf 87' lang='grc' dir='ltr'>μῆκος</span> <span class='ocrx_word' id='word_1_47' title='bbox 1098 624 1347 689; x_wconf 85' lang='grc' dir='ltr'>ηὐξῆςθαι</span> <span class='ocrx_word' id='word_1_48' title='bbox 1373 623 1481 677; x_wconf 88' lang='grc' dir='ltr'>ῶδε</span> <span class='ocrx_word' id='word_1_49' title='bbox 1507 624 1628 688; x_wconf 88' lang='grc' dir='ltr'>κλη-</span> <span class='ocrx_word' id='word_1_50' title='bbox 1661 624 1687 664; x_wconf 87' lang='lat'>5</span> 
     </span>
     <span class='ocr_line' id='line_1_9' title="bbox 95 707 1693 774; baseline -0.003 -12"><span class='ocrx_word' id='word_1_51' title='bbox 95 708 318 762; x_wconf 85' lang='grc' dir='ltr'>θέντων.</span> <span class='ocrx_word' id='word_1_52' title='bbox 373 707 499 762; x_wconf 88' lang='grc' dir='ltr'>ὅθεν</span> <span class='ocrx_word' id='word_1_53' title='bbox 529 707 614 760; x_wconf 86' lang='grc' dir='ltr'>καὶ</span> <span class='ocrx_word' id='word_1_54' title='bbox 652 708 715 761; x_wconf 90' lang='grc' dir='ltr'>τὸ</span> <span class='ocrx_word' id='word_1_55' title='bbox 742 707 980 774; x_wconf 86' lang='grc' dir='ltr'>ὀφείλειν</span> <span class='ocrx_word' id='word_1_56' title='bbox 1009 708 1312 774; x_wconf 83' lang='grc' dir='ltr'>ῶνομάςθαι</span> <span class='ocrx_word' id='word_1_57' title='bbox 1349 708 1507 773; x_wconf 88' lang='grc' dir='ltr'>φηςὶν</span> <span class='ocrx_word' id='word_1_58' title='bbox 1533 707 1630 761; x_wconf 85' lang='grc' dir='ltr'>οὐκ</span> <span class='ocrx_word' id='word_1_59' title='bbox 1652 719 1693 752; x_wconf 76' lang='lat'>78</span> 
     </span>
     <span class='ocr_line' id='line_1_10' title="bbox 97 791 1630 859; baseline -0.001 -13"><span class='ocrx_word' id='word_1_60' title='bbox 97 791 209 846; x_wconf 75' lang='grc' dir='ltr'>οἶδ’</span> <span class='ocrx_word' id='word_1_61' title='bbox 235 792 410 845; x_wconf 86' lang='grc' dir='ltr'>ὅπως·</span> <span class='ocrx_word' id='word_1_62' title='bbox 446 792 532 845; x_wconf 86' lang='grc' dir='ltr'>ἐπὶ</span> <span class='ocrx_word' id='word_1_63' title='bbox 557 793 739 856; x_wconf 89' lang='grc' dir='ltr'>μέντοι</span> <span class='ocrx_word' id='word_1_64' title='bbox 763 796 872 847; x_wconf 91' lang='grc' dir='ltr'>τῶν</span> <span class='ocrx_word' id='word_1_65' title='bbox 904 793 1113 859; x_wconf 84' lang='grc' dir='ltr'>ὀβελῶν</span> <span class='ocrx_word' id='word_1_66' title='bbox 1140 791 1474 857; x_wconf 86' lang='grc' dir='ltr'>ὑπηλλάχθαι</span> <span class='ocrx_word' id='word_1_67' title='bbox 1499 792 1561 845; x_wconf 89' lang='grc' dir='ltr'>τὸ</span> <span class='ocrx_word' id='word_1_68' title='bbox 1587 810 1630 857; x_wconf 90' lang='grc' dir='ltr'>φ</span> 
     </span>
     <span class='ocr_line' id='line_1_11' title="bbox 97 876 827 942; baseline -0.003 -11"><span class='ocrx_word' id='word_1_69' title='bbox 97 876 169 931; x_wconf 89' lang='grc' dir='ltr'>εἰς</span> <span class='ocrx_word' id='word_1_70' title='bbox 194 877 258 930; x_wconf 86' lang='grc' dir='ltr'>τὸ</span> <span class='ocrx_word' id='word_1_71' title='bbox 285 880 314 942; x_wconf 86' lang='grc' dir='ltr'><strong>β</strong></span> <span class='ocrx_word' id='word_1_72' title='bbox 339 876 474 930; x_wconf 87' lang='grc' dir='ltr'>κατὰ</span> <span class='ocrx_word' id='word_1_73' title='bbox 504 877 827 939; x_wconf 90' lang='grc' dir='ltr'>ςυγγένειαν.</span> 
     </span>
     <span class='ocr_line' id='line_1_12' title="bbox 206 959 1629 1030; baseline -0.001 -17"><span class='ocrx_word' id='word_1_74' title='bbox 206 959 509 1015; x_wconf 84' lang='grc' dir='ltr'>Βυζαντίων</span> <span class='ocrx_word' id='word_1_75' title='bbox 547 977 608 1023; x_wconf 89' lang='grc' dir='ltr'>γε</span> <span class='ocrx_word' id='word_1_76' title='bbox 650 962 751 1025; x_wconf 85' lang='grc' dir='ltr'>μὴν</span> <span class='ocrx_word' id='word_1_77' title='bbox 786 961 980 1030; x_wconf 87' lang='grc' dir='ltr'>ςιδήρῳ</span> <span class='ocrx_word' id='word_1_78' title='bbox 1014 960 1347 1026; x_wconf 83' lang='grc' dir='ltr'>νομιζόντων</span> <span class='ocrx_word' id='word_1_79' title='bbox 1384 960 1449 1025; x_wconf 84' lang='grc' dir='ltr'>ἦν</span> <span class='ocrx_word' id='word_1_80' title='bbox 1486 959 1629 1014; x_wconf 86' lang='grc' dir='ltr'>οὕτω</span> 
     </span>
     <span class='ocr_line' id='line_1_13' title="bbox 97 1044 1716 1111; baseline -0.001 -14"><span class='ocrx_word' id='word_1_81' title='bbox 97 1045 430 1110; x_wconf 86' lang='grc' dir='ltr'>καλούμενος</span> <span class='ocrx_word' id='word_1_82' title='bbox 457 1044 759 1109; x_wconf 88' lang='grc' dir='ltr'>ςιδάρεος</span> <span class='ocrx_word' id='word_1_83' title='bbox 785 1045 1009 1111; x_wconf 89' lang='grc' dir='ltr'>νόμιςμά</span> <span class='ocrx_word' id='word_1_84' title='bbox 1034 1062 1082 1098; x_wconf 90' lang='grc' dir='ltr'>τι</span> <span class='ocrx_word' id='word_1_85' title='bbox 1106 1045 1324 1110; x_wconf 80' lang='grc' dir='ltr'>λεπτόν,</span> <span class='ocrx_word' id='word_1_86' title='bbox 1355 1044 1488 1099; x_wconf 88' lang='grc' dir='ltr'>ὥςτε</span> <span class='ocrx_word' id='word_1_87' title='bbox 1515 1044 1631 1098; x_wconf 85' lang='grc' dir='ltr'>ἀντὶ</span> <span class='ocrx_word' id='word_1_88' title='bbox 1664 1046 1716 1085; x_wconf 86' lang='grc'>10</span> 
     </span>
     <span class='ocr_line' id='line_1_14' title="bbox 8 1128 1631 1197; baseline 0.001 -16"><span class='ocrx_word' id='word_1_89' title='bbox 8 1196 11 1197; x_wconf 16' lang='lat'><em>⁷</em></span> <span class='ocrx_word' id='word_1_90' title='bbox 97 1131 194 1182; x_wconf 83' lang='grc' dir='ltr'>τοῦ</span> <span class='ocrx_word' id='word_1_91' title='bbox 229 1128 370 1194; x_wconf 87' lang='grc' dir='ltr'>πρίω</span> <span class='ocrx_word' id='word_1_92' title='bbox 400 1146 487 1194; x_wconf 92' lang='grc' dir='ltr'>μοι</span> <span class='ocrx_word' id='word_1_93' title='bbox 516 1132 680 1196; x_wconf 85' lang='grc' dir='ltr'>τριῶν</span> <span class='ocrx_word' id='word_1_94' title='bbox 709 1131 923 1195; x_wconf 82' lang='grc' dir='ltr'>χαλκῶν</span> <span class='ocrx_word' id='word_1_95' title='bbox 960 1130 1133 1192; x_wconf 90' lang='grc' dir='ltr'>λέγειν</span> <span class='ocrx_word' id='word_1_96' title='bbox 1166 1130 1307 1195; x_wconf 88' lang='grc' dir='ltr'>πρίω</span> <span class='ocrx_word' id='word_1_97' title='bbox 1344 1146 1432 1194; x_wconf 87' lang='grc' dir='ltr'>μοι</span> <span class='ocrx_word' id='word_1_98' title='bbox 1467 1129 1631 1193; x_wconf 82' lang='grc' dir='ltr'>τριῶν</span> 
     </span>
     <span class='ocr_line' id='line_1_15' title="bbox 56 1213 1629 1279; baseline -0.001 -12"><span class='ocrx_word' id='word_1_99' title='bbox 56 1271 61 1279; x_wconf 52' lang='grc'><strong>,</strong></span> <span class='ocrx_word' id='word_1_100' title='bbox 99 1213 381 1278; x_wconf 86' lang='grc' dir='ltr'>ςιδαρέων·</span> <span class='ocrx_word' id='word_1_101' title='bbox 427 1214 553 1268; x_wconf 85' lang='grc' dir='ltr'>ὅθεν</span> <span class='ocrx_word' id='word_1_102' title='bbox 590 1215 675 1267; x_wconf 87' lang='grc' dir='ltr'>καὶ</span> <span class='ocrx_word' id='word_1_103' title='bbox 708 1213 767 1268; x_wconf 82' lang='grc' dir='ltr'>ἐν</span> <span class='ocrx_word' id='word_1_104' title='bbox 808 1216 920 1268; x_wconf 84' lang='grc' dir='ltr'>τοῖς</span> <span class='ocrx_word' id='word_1_105' title='bbox 958 1214 1268 1279; x_wconf 81' lang='grc' dir='ltr'>(τράττιδος</span> <span class='ocrx_word' id='word_1_106' title='bbox 1307 1214 1629 1279; x_wconf 86' lang='grc' dir='ltr'>Μυρμιδόςιν</span> 
     </span>
     <span class='ocr_line' id='line_1_16' title="bbox 16 1296 299 1363; baseline 0.011 -17"><span class='ocrx_word' id='word_1_107' title='bbox 16 1343 18 1346; x_wconf 77' lang='grc'>,</span> <span class='ocrx_word' id='word_1_108' title='bbox 98 1296 299 1363; x_wconf 80' lang='grc' dir='ltr'>εἴρηται</span> 
     </span>
     <span class='ocr_line' id='line_1_17' title="bbox 242 1381 1389 1448; baseline -0.001 -13"><span class='ocrx_word' id='word_1_109' title='bbox 242 1382 301 1435; x_wconf 86' lang='grc' dir='ltr'>έν</span> <span class='ocrx_word' id='word_1_110' title='bbox 327 1382 459 1435; x_wconf 87' lang='grc' dir='ltr'>τοῖςι</span> <span class='ocrx_word' id='word_1_111' title='bbox 484 1381 783 1447; x_wconf 74' lang='grc' dir='ltr'>βαλανείοις</span> <span class='ocrx_word' id='word_1_112' title='bbox 810 1384 1172 1448; x_wconf 84' lang='grc' dir='ltr'>προκέλευθος</span> <span class='ocrx_word' id='word_1_113' title='bbox 1198 1383 1389 1448; x_wconf 77' lang='grc' dir='ltr'>ἡμέρα,</span> 
     </span>
     <span class='ocr_line' id='line_1_18' title="bbox 244 1465 1718 1533; baseline 0 -15"><span class='ocrx_word' id='word_1_114' title='bbox 244 1465 565 1521; x_wconf 85' lang='grc' dir='ltr'>ἁπαξάπαςα</span> <span class='ocrx_word' id='word_1_115' title='bbox 589 1469 684 1531; x_wconf 77' lang='grc' dir='ltr'>γῆ,</span> <span class='ocrx_word' id='word_1_116' title='bbox 713 1468 942 1533; x_wconf 88' lang='grc' dir='ltr'>ςτρατιαὶ</span> <span class='ocrx_word' id='word_1_117' title='bbox 968 1468 1241 1533; x_wconf 88' lang='grc' dir='ltr'>ςιδαρέων.</span> <span class='ocrx_word' id='word_1_118' title='bbox 1666 1466 1718 1505; x_wconf 83' lang='lat'>15</span> 
     </span>
     <span class='ocr_line' id='line_1_19' title="bbox 17 1548 1696 1623; baseline -0.002 -19"><span class='ocrx_word' id='word_1_119' title='bbox 17 1613 23 1623; x_wconf 27' lang='grc' dir='ltr'><strong>Δ</strong></span> <span class='ocrx_word' id='word_1_120' title='bbox 100 1554 294 1619; x_wconf 81' lang='grc' dir='ltr'>ςιδηρῷ</span> <span class='ocrx_word' id='word_1_121' title='bbox 331 1549 389 1603; x_wconf 81' lang='grc' dir='ltr'>δὲ</span> <span class='ocrx_word' id='word_1_122' title='bbox 416 1548 689 1615; x_wconf 84' lang='grc' dir='ltr'>νομίςματι</span> <span class='ocrx_word' id='word_1_123' title='bbox 725 1553 810 1605; x_wconf 86' lang='grc' dir='ltr'>καὶ</span> <span class='ocrx_word' id='word_1_124' title='bbox 839 1551 1242 1617; x_wconf 88' lang='grc' dir='ltr'>Λακεδαιμόνιοι</span> <span class='ocrx_word' id='word_1_125' title='bbox 1275 1554 1540 1617; x_wconf 79' lang='grc' dir='ltr'>χρῶνται,</span> <span class='ocrx_word' id='word_1_126' title='bbox 1576 1549 1633 1602; x_wconf 81' lang='grc' dir='ltr'>ἐκ</span> <span class='ocrx_word' id='word_1_127' title='bbox 1656 1560 1696 1593; x_wconf 80' lang='lat'>⁷9</span> 
     </span>
     <span class='ocr_line' id='line_1_20' title="bbox 99 1632 1632 1706; baseline 0 -18"><span class='ocrx_word' id='word_1_128' title='bbox 99 1635 309 1688; x_wconf 85' lang='grc' dir='ltr'>πολλοῦ</span> <span class='ocrx_word' id='word_1_129' title='bbox 343 1632 510 1696; x_wconf 87' lang='grc' dir='ltr'>ὄγκου</span> <span class='ocrx_word' id='word_1_130' title='bbox 546 1633 731 1698; x_wconf 86' lang='grc' dir='ltr'>ὀλίγον</span> <span class='ocrx_word' id='word_1_131' title='bbox 768 1637 1073 1706; x_wconf 82' lang='grc' dir='ltr'>δυναμένῳ·</span> <span class='ocrx_word' id='word_1_132' title='bbox 1117 1636 1226 1692; x_wconf 81' lang='grc' dir='ltr'>ὄξει</span> <span class='ocrx_word' id='word_1_133' title='bbox 1263 1636 1318 1688; x_wconf 74' lang='grc' dir='ltr'>δ’</span> <span class='ocrx_word' id='word_1_134' title='bbox 1343 1634 1509 1688; x_wconf 82' lang='grc' dir='ltr'>αὐτοῦ</span> <span class='ocrx_word' id='word_1_135' title='bbox 1535 1635 1632 1699; x_wconf 86' lang='grc' dir='ltr'>τὴν</span> 
     </span>
     <span class='ocr_line' id='line_1_21' title="bbox 32 1711 1635 1788; baseline -0.001 -16"><span class='ocrx_word' id='word_1_136' title='bbox 32 1711 34 1713; x_wconf 47' lang='grc'><strong><em>’</em></strong></span> <span class='ocrx_word' id='word_1_137' title='bbox 100 1719 270 1784; x_wconf 87' lang='grc' dir='ltr'>ἀκμὴν</span> <span class='ocrx_word' id='word_1_138' title='bbox 308 1717 379 1771; x_wconf 89' lang='grc' dir='ltr'>εἰς</span> <span class='ocrx_word' id='word_1_139' title='bbox 412 1717 475 1771; x_wconf 89' lang='grc' dir='ltr'>τὸ</span> <span class='ocrx_word' id='word_1_140' title='bbox 512 1717 717 1784; x_wconf 85' lang='grc' dir='ltr'>ἄτομον</span> <span class='ocrx_word' id='word_1_141' title='bbox 751 1721 1243 1788; x_wconf 84' lang='grc' dir='ltr'>καταςβεννύουςιν.</span> <span class='ocrx_word' id='word_1_142' title='bbox 1292 1721 1420 1773; x_wconf 86' lang='grc' dir='ltr'>τοὺς</span> <span class='ocrx_word' id='word_1_143' title='bbox 1454 1719 1635 1784; x_wconf 89' lang='grc' dir='ltr'>μέντοι</span> 
     </span>
     <span class='ocr_line' id='line_1_22' title="bbox 101 1801 1635 1872; baseline -0.003 -14"><span class='ocrx_word' id='word_1_144' title='bbox 101 1801 488 1869; x_wconf 79' lang='grc' dir='ltr'>(υρακουςίους</span> <span class='ocrx_word' id='word_1_145' title='bbox 520 1804 804 1872; x_wconf 81' lang='grc' dir='ltr'>καττιτέρῳ</span> <span class='ocrx_word' id='word_1_146' title='bbox 830 1807 962 1860; x_wconf 80' lang='grc' dir='ltr'>ποτὲ</span> <span class='ocrx_word' id='word_1_147' title='bbox 989 1805 1114 1860; x_wconf 79' lang='grc' dir='ltr'>ἀντ’</span> <span class='ocrx_word' id='word_1_148' title='bbox 1144 1804 1401 1870; x_wconf 87' lang='grc' dir='ltr'>ἀργυρίου</span> <span class='ocrx_word' id='word_1_149' title='bbox 1430 1802 1635 1868; x_wconf 91' lang='grc' dir='ltr'>νομίςαι</span> 
     </span>
     <span class='ocr_line' id='line_1_23' title="bbox 45 1878 1720 1954; baseline -0.001 -13"><span class='ocrx_word' id='word_1_150' title='bbox 45 1878 48 1883; x_wconf 71' lang='grc'><strong>’</strong></span> <span class='ocrx_word' id='word_1_151' title='bbox 102 1887 391 1941; x_wconf 85' lang='grc' dir='ltr'>Διονύςιος</span> <span class='ocrx_word' id='word_1_152' title='bbox 419 1887 838 1951; x_wconf 86' lang='grc' dir='ltr'>κατηνάγκαςεν·</span> <span class='ocrx_word' id='word_1_153' title='bbox 875 1890 959 1943; x_wconf 89' lang='grc' dir='ltr'>καὶ</span> <span class='ocrx_word' id='word_1_154' title='bbox 991 1891 1054 1943; x_wconf 89' lang='grc' dir='ltr'>τὸ</span> <span class='ocrx_word' id='word_1_155' title='bbox 1082 1889 1422 1954; x_wconf 87' lang='grc' dir='ltr'>νομιςμάτιον</span> <span class='ocrx_word' id='word_1_156' title='bbox 1455 1888 1632 1941; x_wconf 82' lang='grc' dir='ltr'>τέττα·</span> <span class='ocrx_word' id='word_1_157' title='bbox 1665 1886 1720 1927; x_wconf 79' lang='lat'>20</span> 
     </span>
     <span class='ocr_line' id='line_1_24' title="bbox 14 1970 1225 2042; baseline 0.002 -20"><span class='ocrx_word' id='word_1_158' title='bbox 14 2020 29 2042; x_wconf 90' lang='lat' dir='ltr'> </span> <span class='ocrx_word' id='word_1_159' title='bbox 103 1987 198 2037; x_wconf 91' lang='grc' dir='ltr'>ρας</span> <span class='ocrx_word' id='word_1_160' title='bbox 225 1970 463 2037; x_wconf 89' lang='grc' dir='ltr'>δραχμὰς</span> <span class='ocrx_word' id='word_1_161' title='bbox 487 1970 720 2026; x_wconf 86' lang='grc' dir='ltr'>Ἀττικὰς</span> <span class='ocrx_word' id='word_1_162' title='bbox 742 1973 922 2039; x_wconf 78' lang='grc' dir='ltr'>ἰ’ςχυεν</span> <span class='ocrx_word' id='word_1_163' title='bbox 951 1973 1068 2028; x_wconf 89' lang='grc' dir='ltr'>ἀντὶ</span> <span class='ocrx_word' id='word_1_164' title='bbox 1094 1975 1225 2039; x_wconf 85' lang='grc' dir='ltr'>μιᾶς.</span> 
     </span>
     <span class='ocr_line' id='line_1_25' title="bbox 209 2055 1635 2124; baseline 0 -16"><span class='ocrx_word' id='word_1_165' title='bbox 209 2055 269 2108; x_wconf 88' lang='grc' dir='ltr'>Ὁ</span> <span class='ocrx_word' id='word_1_166' title='bbox 296 2056 355 2108; x_wconf 80' lang='grc' dir='ltr'>δὲ</span> <span class='ocrx_word' id='word_1_167' title='bbox 388 2058 712 2122; x_wconf 77' lang='grc' dir='ltr'>νοῡμμος,</span> <span class='ocrx_word' id='word_1_168' title='bbox 743 2060 890 2111; x_wconf 86' lang='grc' dir='ltr'>δοκεῖ</span> <span class='ocrx_word' id='word_1_169' title='bbox 923 2060 1019 2124; x_wconf 80' lang='grc' dir='ltr'>μὲν</span> <span class='ocrx_word' id='word_1_170' title='bbox 1046 2057 1185 2112; x_wconf 76' lang='grc' dir='ltr'>εἶναι</span> <span class='ocrx_word' id='word_1_171' title='bbox 1209 2055 1486 2123; x_wconf 90' lang='grc' dir='ltr'>Ῥωμαίων</span> <span class='ocrx_word' id='word_1_172' title='bbox 1513 2055 1635 2109; x_wconf 82' lang='grc' dir='ltr'>τοῦ-</span> 
     </span>
     <span class='ocr_line' id='line_1_26' title="bbox 24 2139 1634 2208; baseline -0.002 -12"><span class='ocrx_word' id='word_1_173' title='bbox 24 2183 26 2185; x_wconf 58' lang='grc'><em>»</em></span> <span class='ocrx_word' id='word_1_174' title='bbox 103 2157 243 2206; x_wconf 91' lang='grc' dir='ltr'>νομα</span> <span class='ocrx_word' id='word_1_175' title='bbox 267 2142 365 2193; x_wconf 85' lang='grc' dir='ltr'>τοῦ</span> <span class='ocrx_word' id='word_1_176' title='bbox 400 2139 745 2206; x_wconf 82' lang='grc' dir='ltr'>νομίςματος,</span> <span class='ocrx_word' id='word_1_177' title='bbox 786 2143 888 2196; x_wconf 82' lang='grc' dir='ltr'>ἕςτι</span> <span class='ocrx_word' id='word_1_178' title='bbox 914 2144 973 2196; x_wconf 81' lang='grc' dir='ltr'>δὲ</span> <span class='ocrx_word' id='word_1_179' title='bbox 997 2142 1299 2208; x_wconf 85' lang='grc' dir='ltr'>Ἑλληνικὸν</span> <span class='ocrx_word' id='word_1_180' title='bbox 1326 2141 1410 2206; x_wconf 62' lang='grc' dir='ltr'>ιςαὶ</span> <span class='ocrx_word' id='word_1_181' title='bbox 1438 2142 1549 2194; x_wconf 90' lang='grc' dir='ltr'>τῶν</span> <span class='ocrx_word' id='word_1_182' title='bbox 1576 2139 1634 2192; x_wconf 82' lang='grc' dir='ltr'>έν</span> 
     </span>
     <span class='ocr_line' id='line_1_27' title="bbox 103 2223 1636 2294; baseline -0.001 -16.105"><span class='ocrx_word' id='word_1_183' title='bbox 103 2223 292 2292; x_wconf 85' lang='grc' dir='ltr'>Ἰταλίᾳ</span> <span class='ocrx_word' id='word_1_184' title='bbox 331 2223 415 2276; x_wconf 89' lang='grc' dir='ltr'>καὶ</span> <span class='ocrx_word' id='word_1_185' title='bbox 440 2223 642 2293; x_wconf 80' lang='grc' dir='ltr'>(ικελίᾳ</span> <span class='ocrx_word' id='word_1_186' title='bbox 668 2227 958 2294; x_wconf 90' lang='grc' dir='ltr'>Δωριέων·</span> <span class='ocrx_word' id='word_1_187' title='bbox 996 2225 1308 2293; x_wconf 82' lang='grc' dir='ltr'>Ἐπίχαρμός</span> <span class='ocrx_word' id='word_1_188' title='bbox 1341 2242 1398 2279; x_wconf 92' lang='grc' dir='ltr'>τε</span> <span class='ocrx_word' id='word_1_189' title='bbox 1431 2225 1535 2290; x_wconf 89' lang='grc' dir='ltr'>γὰρ</span> <span class='ocrx_word' id='word_1_190' title='bbox 1578 2224 1636 2276; x_wconf 82' lang='grc' dir='ltr'>ἐν</span> 
     </span>
     <span class='ocr_line' id='line_1_28' title="bbox 19 2294 1722 2375; baseline 0.001 -13"><span class='ocrx_word' id='word_1_191' title='bbox 19 2294 30 2369; x_wconf 46' lang='lat' dir='ltr'><em>s</em></span> <span class='ocrx_word' id='word_1_192' title='bbox 102 2311 219 2362; x_wconf 83' lang='grc' dir='ltr'>ταῖς</span> <span class='ocrx_word' id='word_1_193' title='bbox 251 2307 473 2373; x_wconf 88' lang='grc' dir='ltr'>Χύτραις</span> <span class='ocrx_word' id='word_1_194' title='bbox 498 2310 656 2375; x_wconf 85' lang='grc' dir='ltr'>φηςὶν</span> <span class='ocrx_word' id='word_1_195' title='bbox 1176 2340 1178 2343; x_wconf 35' lang='lat' dir='ltr'>v</span> <span class='ocrx_word' id='word_1_196' title='bbox 1666 2306 1722 2346; x_wconf 81' lang='lat'>25</span> 
     </span>
     <span class='ocr_line' id='line_1_29' title="bbox 179 2391 1566 2461; baseline -0.001 -16"><span class='ocrx_word' id='word_1_197' title='bbox 179 2392 304 2445; x_wconf 76' lang='grc' dir='ltr'>ἀλλ’</span> <span class='ocrx_word' id='word_1_198' title='bbox 332 2391 479 2455; x_wconf 89' lang='grc' dir='ltr'>ὅμως</span> <span class='ocrx_word' id='word_1_199' title='bbox 503 2395 657 2447; x_wconf 86' lang='grc' dir='ltr'>καλαὶ</span> <span class='ocrx_word' id='word_1_200' title='bbox 683 2396 766 2449; x_wconf 88' lang='grc' dir='ltr'>καὶ</span> <span class='ocrx_word' id='word_1_201' title='bbox 790 2398 905 2450; x_wconf 87' lang='grc' dir='ltr'>πῖοι</span> <span class='ocrx_word' id='word_1_202' title='bbox 929 2396 1115 2461; x_wconf 78' lang='grc' dir='ltr'>ἄρνες,</span> <span class='ocrx_word' id='word_1_203' title='bbox 1142 2391 1452 2459; x_wconf 83' lang='grc' dir='ltr'>εὑρηςοῦντί</span> <span class='ocrx_word' id='word_1_204' title='bbox 1479 2407 1566 2455; x_wconf 90' lang='grc' dir='ltr'>μοι</span> 
     </span>
     <span class='ocr_line' id='line_1_30' title="bbox 181 2474 1549 2548; baseline -0.003 -18"><span class='ocrx_word' id='word_1_205' title='bbox 181 2476 309 2530; x_wconf 88' lang='grc' dir='ltr'>δέκα</span> <span class='ocrx_word' id='word_1_206' title='bbox 335 2475 537 2540; x_wconf 91' lang='grc' dir='ltr'>νόμους</span> <span class='ocrx_word' id='word_1_207' title='bbox 565 2482 743 2548; x_wconf 84' lang='grc' dir='ltr'>πωλᾷ·</span> <span class='ocrx_word' id='word_1_208' title='bbox 776 2480 924 2533; x_wconf 90' lang='grc' dir='ltr'>τοίας</span> <span class='ocrx_word' id='word_1_209' title='bbox 947 2480 1050 2544; x_wconf 89' lang='grc' dir='ltr'>γὰρ</span> <span class='ocrx_word' id='word_1_210' title='bbox 1077 2478 1186 2533; x_wconf 80' lang='grc' dir='ltr'>ἐντὶ</span> <span class='ocrx_word' id='word_1_211' title='bbox 1211 2479 1303 2530; x_wconf 86' lang='grc' dir='ltr'>τᾶς</span> <span class='ocrx_word' id='word_1_212' title='bbox 1330 2474 1549 2540; x_wconf 91' lang='grc' dir='ltr'>ματρός·</span> 
     </span>
     <span class='ocr_line' id='line_1_31' title="bbox 27 2556 1702 2614; baseline -0.002 0"><span class='ocrx_word' id='word_1_213' title='bbox 27 2556 31 2565; x_wconf 75' lang='grc'><em>’</em></span> <span class='ocrx_word' id='word_1_214' title='bbox 107 2560 192 2614; x_wconf 88' lang='grc' dir='ltr'>καὶ</span> <span class='ocrx_word' id='word_1_215' title='bbox 219 2559 380 2612; x_wconf 90' lang='grc' dir='ltr'>πάλιν</span> <span class='ocrx_word' id='word_1_216' title='bbox 1659 2568 1702 2601; x_wconf 82' lang='grc'>80</span> 
     </span>
    </p>
   </div>
   <div class='ocr_carea' id='block_1_4' title="bbox 109 2647 447 2655">
    <p class='ocr_par' dir='ltr' id='par_1_4' title="bbox 109 2647 447 2655">
     <span class='ocr_line' id='line_1_32' title="bbox 109 2647 447 2655; baseline 0 565"><span class='ocrx_word' id='word_1_217' title='bbox 109 2647 447 2655; x_wconf 95' lang='lat' dir='ltr'> </span> 
     </span>
    </p>
   </div>
   <div class='ocr_carea' id='block_1_5' title="bbox 112 2671 1638 3012">
    <p class='ocr_par' dir='ltr' id='par_1_5' title="bbox 112 2671 1638 3012">
     <span class='ocr_line' id='line_1_33' title="bbox 223 2671 1635 2733; baseline -0.011 -3"><span class='ocrx_word' id='word_1_218' title='bbox 223 2691 263 2730; x_wconf 83' lang='grc'>2.</span> <span class='ocrx_word' id='word_1_219' title='bbox 297 2677 498 2733; x_wconf 84' lang='grc' dir='ltr'>ταύτὸν]</span> <span class='ocrx_word' id='word_1_220' title='bbox 542 2675 664 2720; x_wconf 85' lang='grc' dir='ltr'>αὐτὰ</span> <span class='ocrx_word' id='word_1_221' title='bbox 701 2678 853 2719; x_wconf 82' lang='grc' dir='ltr'>ταῦτα</span> <span class='ocrx_word' id='word_1_222' title='bbox 883 2678 940 2717; x_wconf 82' lang='grc' dir='ltr'>Ι)ἰ</span> <span class='ocrx_word' id='word_1_223' title='bbox 1054 2678 1093 2717; x_wconf 90' lang='lat'>3.</span> <span class='ocrx_word' id='word_1_224' title='bbox 1135 2671 1364 2726; x_wconf 88' lang='grc' dir='ltr'>ὀφέλλους</span> <span class='ocrx_word' id='word_1_225' title='bbox 1396 2674 1455 2715; x_wconf 85' lang='lat' dir='ltr'>Di</span> <span class='ocrx_word' id='word_1_226' title='bbox 1568 2674 1635 2714; x_wconf 87' lang='lat'>10.</span> 
     </span>
     <span class='ocr_line' id='line_1_34' title="bbox 113 2738 1636 2811; baseline -0.012 -9"><span class='ocrx_word' id='word_1_227' title='bbox 113 2756 324 2811; x_wconf 85' lang='grc' dir='ltr'>ςιδήρεον</span> <span class='ocrx_word' id='word_1_228' title='bbox 353 2758 414 2797; x_wconf 81' lang='lat' dir='ltr'>Di</span> <span class='ocrx_word' id='word_1_229' title='bbox 547 2751 615 2791; x_wconf 80' lang='lat'>14.</span> <span class='ocrx_word' id='word_1_230' title='bbox 646 2750 744 2790; x_wconf 84' lang='grc' dir='ltr'>τοῖς</span> <span class='ocrx_word' id='word_1_231' title='bbox 776 2749 835 2788; x_wconf 83' lang='lat' dir='ltr'>Di</span> <span class='ocrx_word' id='word_1_232' title='bbox 958 2738 1037 2788; x_wconf 82' lang='lat'>15.‘</span> <span class='ocrx_word' id='word_1_233' title='bbox 1057 2743 1212 2787; x_wconf 86' lang='grc' dir='ltr'>ἅπαςα</span> <span class='ocrx_word' id='word_1_234' title='bbox 1243 2742 1366 2787; x_wconf 83' lang='grc' dir='ltr'>ἅπαξ</span> <span class='ocrx_word' id='word_1_235' title='bbox 1400 2744 1454 2784; x_wconf 87' lang='lat' dir='ltr'>Di</span> <span class='ocrx_word' id='word_1_236' title='bbox 1569 2743 1636 2782; x_wconf 89' lang='grc'>18.</span> 
     </span>
     <span class='ocr_line' id='line_1_35' title="bbox 112 2813 1636 2870; baseline -0.012 1"><span class='ocrx_word' id='word_1_237' title='bbox 112 2829 247 2870; x_wconf 88' lang='lat' dir='ltr'><strong>immo</strong></span> <span class='ocrx_word' id='word_1_238' title='bbox 279 2825 345 2870; x_wconf 79' lang='grc' dir='ltr'>εἰς</span> <span class='ocrx_word' id='word_1_239' title='bbox 375 2824 434 2868; x_wconf 89' lang='grc' dir='ltr'>τὸ</span> <span class='ocrx_word' id='word_1_240' title='bbox 465 2822 641 2866; x_wconf 88' lang='grc' dir='ltr'>ἄτονον</span> <span class='ocrx_word' id='word_1_241' title='bbox 729 2819 799 2861; x_wconf 80' lang='lat'>24.</span> <span class='ocrx_word' id='word_1_242' title='bbox 832 2815 857 2859; x_wconf 87' lang='grc' dir='ltr'>ὁ</span> <span class='ocrx_word' id='word_1_243' title='bbox 889 2821 996 2859; x_wconf 80' lang='lat' dir='ltr'><strong>ante</strong></span> <span class='ocrx_word' id='word_1_244' title='bbox 1020 2814 1159 2868; x_wconf 81' lang='grc' dir='ltr'>Ἐπίχ.</span> <span class='ocrx_word' id='word_1_245' title='bbox 1185 2815 1364 2859; x_wconf 83' lang='lat' dir='ltr'><strong>add.Di</strong></span> <span class='ocrx_word' id='word_1_246' title='bbox 1477 2813 1544 2854; x_wconf 84' lang='lat'>26.</span> <span class='ocrx_word' id='word_1_247' title='bbox 1567 2813 1636 2853; x_wconf 78' lang='lat'>27.</span> 
     </span>
     <span class='ocr_line' id='line_1_36' title="bbox 116 2883 1638 2952; baseline -0.013 -9"><span class='ocrx_word' id='word_1_248' title='bbox 116 2897 356 2952; x_wconf 82' lang='grc' dir='ltr'>εὑρήςουςι</span> <span class='ocrx_word' id='word_1_249' title='bbox 385 2893 434 2938; x_wconf 88' lang='grc' dir='ltr'>δέ</span> <span class='ocrx_word' id='word_1_250' title='bbox 466 2904 538 2946; x_wconf 86' lang='grc' dir='ltr'>μοι</span> <span class='ocrx_word' id='word_1_251' title='bbox 570 2889 645 2932; x_wconf 83' lang='grc' dir='ltr'>καὶ</span> <span class='ocrx_word' id='word_1_252' title='bbox 674 2886 930 2940; x_wconf 83' lang='grc' dir='ltr'>νούμμους·</span> <span class='ocrx_word' id='word_1_253' title='bbox 963 2885 1205 2929; x_wconf 85' lang='grc' dir='ltr'>πωλατιᾶς</span> <span class='ocrx_word' id='word_1_254' title='bbox 1234 2883 1322 2939; x_wconf 87' lang='grc' dir='ltr'>γὰρ</span> <span class='ocrx_word' id='word_1_255' title='bbox 1353 2883 1452 2927; x_wconf 82' lang='grc' dir='ltr'>ἐντὶ</span> <span class='ocrx_word' id='word_1_256' title='bbox 1483 2883 1638 2936; x_wconf 83' lang='lat' dir='ltr'>vulgo,</span> 
     </span>
     <span class='ocr_line' id='line_1_37' title="bbox 118 2955 1290 3012; baseline -0.012 -1"><span class='ocrx_word' id='word_1_257' title='bbox 118 2981 232 3012; x_wconf 83' lang='lat' dir='ltr'><strong>corr.</strong></span> <span class='ocrx_word' id='word_1_258' title='bbox 264 2968 487 3010; x_wconf 75' lang='lat' dir='ltr'><em>Bentleius</em></span> <span class='ocrx_word' id='word_1_259' title='bbox 520 2967 567 3005; x_wconf 81' lang='lat' dir='ltr'>et</span> <span class='ocrx_word' id='word_1_260' title='bbox 597 2962 781 3003; x_wconf 73' lang='lat' dir='ltr'><strong><em>Ahrens.</em></strong></span> <span class='ocrx_word' id='word_1_261' title='bbox 816 2958 942 3011; x_wconf 82' lang='lat' dir='ltr'>(dial.</span> <span class='ocrx_word' id='word_1_262' title='bbox 973 2959 1083 3001; x_wconf 90' lang='lat' dir='ltr'><strong>Dor.</strong></span> <span class='ocrx_word' id='word_1_263' title='bbox 1114 2971 1158 3011; x_wconf 90' lang='lat' dir='ltr'>p.</span> <span class='ocrx_word' id='word_1_264' title='bbox 1188 2955 1290 3009; x_wconf 83' lang='lat'>451)</span> 
     </span>
    </p>
   </div>
   <div class='ocr_carea' id='block_1_6' title="bbox 1282 3023 1387 3076">
    <p class='ocr_par' dir='ltr' id='par_1_6' title="bbox 1282 3023 1387 3076">
     <span class='ocr_line' id='line_1_38' title="bbox 1282 3023 1387 3076; baseline 0 -1"><span class='ocrx_word' id='word_1_265' title='bbox 1282 3023 1387 3076; x_wconf 85' lang='lat'>19*</span> 
     </span>
    </p>
   </div>
  </div>
 </body>
</html>
