1946 3220
590 148 912 184 sempronns
939 147 1196 184 GRAECOS.
1556 129 1656 183 151

132 264 219 311 alia
245 268 352 310 sunt
377 261 672 324 improbanda
703 269 749 307 et
774 261 1030 308 reiicienda.
1061 261 1195 308 Velut
1219 260 1412 308 absurde
1436 262 1658 322 scriptum
1716 278 1722 282 ·

133 334 329 395 legimus
356 333 590 379 denarium
614 331 670 377 1v
692 333 850 378 uncias
875 331 1042 378 habere
1067 330 1155 391 (5),
1192 333 1271 393 qui
1296 345 1428 378 error
1453 331 1557 378 inde
1583 346 1658 378 or-

30 419 51 452 1..
132 410 208 450 tus
234 410 330 462 est,
360 403 483 464 quod
506 399 772 462 νοῦμμοε,
808 401 852 446 h.
881 415 919 447 e.
944 404 1213 460 sestertius,
1241 416 1356 463 quae
1381 401 1470 449 fuit
1497 410 1659 463 quarta

38 522 46 532 ,ἢ
131 488 238 535 pars
267 474 463 532 denarii,
501 472 584 519 sub
621 473 783 534 primis
817 472 1170 533 imperatoribus
1197 487 1252 519 ex
1280 486 1383 520 aere
1417 473 1562 519 sactus
1588 479 1661 530 est

70 542 73 543 ⁷
131 545 291 590 unciae
325 543 549 606 pondere:
586 542 704 589 unde
741 542 818 589 ille
844 545 1044 604 scriptor
1068 543 1299 589 denarium
1332 550 1550 604 quattuor
1574 557 1659 589 un—

25 618 36 633 *
129 616 302 661 ciarum
345 614 547 676 pondere
582 613 690 660 olim
725 613 867 660 fuisse
916 615 1130 674 opinatus
1167 621 1263 671 est,
1306 615 1385 674 qui
1427 627 1659 675 nunquam

130 684 232 731 fuit.
1251 706 1253 709 ·

234 793 522 835 Absolvuntur
548 795 847 847 prolegomena
878 794 932 833 de
963 794 1168 833 mensuris
1198 805 1249 833 ae
1273 793 1550 845 ponderibus.

232 880 494 942 Sequuntur
527 882 576 926 in
608 887 768 927 nostra
802 880 1071 927 collectione
1109 887 1323 941 excerpta
1352 879 1570 940 quaedam
1601 879 1656 925 de
1678 871 1743 920 93

130 952 355 997 mensuris
380 965 405 998 e
432 951 615 1012 losephi
643 949 989 1011 archaeologia,
1033 957 1130 997 tum
1165 951 1472 1011 fragmentum
1497 950 1553 996 de
1578 963 1656 995 vo·

132 1023 198 1068 cis
229 1017 407 1083 ξέετηε
435 1023 613 1083 origine
639 1036 664 1068 ε
688 1021 848 1068 Latino
873 1035 1084 1068 sermone
1109 1021 1350 1068 derivanda
1374 1020 1448 1080 (fr.
1474 1021 1563 1082 90).

18 1144 23 1150 ⁸
235 1093 436 1154 Denique
461 1106 768 1140 commemoro
794 1107 866 1139 me
891 1093 964 1138 his
990 1092 1244 1154 ponderum
1273 1098 1318 1138 et
1343 1105 1659 1138 mensurarum

12 1175 24 1213 r
130 1161 298 1209 tabulis
325 1162 576 1210 subiecisse
600 1163 868 1210 brevissima
889 1163 979 1210 duo
1005 1163 1258 1223 fragmenta
1282 1176 1308 1208 a
1330 1162 1559 1208 Bernardo
1586 1161 1659 1221 (de

14 1248 18 1251 ’
129 1245 271 1278 mens.
297 1248 341 1294 p.
371 1236 443 1279 70.
469 1233 542 1292 72)
571 1248 595 1280 e
620 1234 750 1280 libris
784 1247 920 1280 manu
952 1235 1137 1294 scriptis
1174 1234 1325 1280 citata.
1374 1231 1577 1288 Quorum
1611 1234 1659 1278 in

127 1305 286 1363 priore
312 1299 482 1363 λίτραι
506 1303 798 1365 appellantur
823 1318 939 1365 quae
975 1311 1085 1350 sunt
1110 1304 1312 1365 cotylae,
1352 1310 1398 1349 et
1426 1304 1503 1363 qui
1528 1304 1659 1363 prior

129 1373 317 1420 affertur
342 1369 608 1434 μέδιμνος,
635 1375 674 1420 is
698 1381 768 1421 est
790 1381 1008 1421 metretes
1025 1374 1223 1432 Atticus,
1245 1373 1360 1420 alter
1384 1380 1534 1420 autem
1557 1374 1658 1434 ipse

127 1445 308 1491 Atticus
343 1445 612 1491 medImnus.
658 1445 776 1490 Item
811 1446 857 1490 in
890 1444 1036 1491 altero
1072 1445 1329 1505 fragmento
1356 1438 1525 1503 λίτραι
1550 1450 1658 1489 sunt

128 1514 360 1573 heminae,
410 1522 628 1576 recteque
673 1515 916 1576 amphorae
957 1515 1183 1561 Romanae
1215 1515 1331 1562 tales
1366 1513 1509 1560 librae
1535 1512 1659 1558 XCVI

128 1583 413 1644 tribuuntur.
459 1584 728 1646 Colligimus
764 1586 906 1646 igitur
939 1599 993 1632 ex
1026 1585 1098 1631 his
1143 1599 1329 1646 quoque
1364 1584 1478 1630 locis
1515 1584 1658 1630 hemi·

126 1669 228 1700 nam
259 1650 441 1716 λίτραν
467 1656 737 1717 appellatam
763 1669 864 1702 esse
892 1655 939 1715 (3
961 1655 1051 1713 46).

416 1807 484 1847 De
514 1808 701 1848 Pollucis
729 1811 871 1859 capite
901 1806 1012 1859 περὶ
1042 1804 1355 1858 νομιεμάτων.

233 1893 413 1951 Restat,
451 1901 504 1940 ut
538 1894 584 1939 in
618 1900 816 1940 extrema
842 1894 977 1939 huius
1011 1893 1310 1955 praefationis
1344 1899 1475 1954 parte
1510 1892 1564 1938 de
1601 1893 1656 1938 iis
1678 1883 1744 1932 94

128 1964 396 2024 fragmentis
427 1964 592 2024 quibus
620 1966 830 2010 nummi
856 1971 1032 2010 veteres
1059 1963 1342 2025 explicantur
1364 1963 1565 2009 breviter
1590 1962 1659 2008 di·

125 2049 296 2081 camus,
355 2035 464 2081 Nam
488 2035 701 2081 uberiore
728 2035 1036 2096 disputatione
1070 2034 1244 2081 duabus
1272 2034 1326 2080 de
1352 2035 1502 2081 causis
1531 2035 1579 2079 in
1606 2045 1659 2078 ea

127 2119 178 2151 re
208 2105 276 2151 uti
309 2105 538 2152 nolumus.
589 2106 790 2152 Primum
823 2104 1020 2167 plurima
1053 2119 1107 2151 ex
1142 2105 1213 2150 his
1245 2105 1333 2151 iam
1368 2105 1481 2150 satis
1514 2103 1568 2150 ab
1600 2104 1657 2149 iis

127 2177 206 2236 qui
233 2175 287 2221 de
317 2178 512 2222 nummis
536 2178 819 2237 scripserunt
845 2175 1080 2237 explanata
1105 2182 1238 2232 sunt;
1271 2183 1366 2222 tum
1390 2189 1514 2232 vero,
1544 2187 1658 2235 quae

127 2246 328 2291 nondum
362 2248 472 2292 satis
508 2254 616 2292 sunt
644 2246 899 2306 illustrata,
934 2261 986 2294 ea
1026 2254 1115 2292 tam
1147 2245 1459 2292 incredibilem
1489 2246 1536 2290 in
1562 2258 1659 2290 mo-

127 2316 252 2362 dum·
273 2317 469 2363 obscura
494 2324 540 2363 et
566 2317 783 2378 impedita
815 2324 945 2375 sunt,
984 2324 1037 2363 ut
1075 2318 1184 2363 haec
1212 2319 1258 2362 in
1288 2315 1508 2377 peculiari
1544 2327 1657 2375 quo-

126 2387 230 2432 dam
263 2386 408 2445 libro,
444 2401 537 2433 non
571 2389 616 2433 in
652 2388 934 2448 praefatione
957 2387 1243 2447 brevioribus
1274 2386 1437 2432 finibus
1464 2386 1658 2431 circum-

129 2457 300 2517 scripta
329 2457 561 2503 tractanda
591 2459 697 2503 sint.
754 2458 836 2504 Hic
870 2472 957 2518 ego
982 2456 1139 2504 follem
1163 2458 1350 2503 maxime
1375 2456 1476 2501 dico
1503 2462 1549 2501 et
1572 2451 1658 2503 λε·

126 2522 265 2576 πτόν
292 2535 337 2573 ει
363 2527 584 2588 quidquid
610 2527 664 2574 ad
691 2542 744 2574 ea
770 2542 1057 2574 nummorum
1085 2540 1251 2587 genera
1276 2526 1493 2587 pertinet.

234 2597 503 2644 Pollucis
539 2605 677 2659 caput
705 2594 826 2658 περὶ
864 2593 1200 2657 νομῑεμάτων
1234 2604 1481 2658 propterea
1507 2596 1656 2658 primo

128 2666 233 2713 loco
268 2669 429 2728 posui,
480 2669 601 2729 quod
645 2669 683 2714 is
722 2669 906 2729 optimis
944 2676 990 2714 et
1032 2667 1352 2713 vetustissimis
1393 2666 1658 2714 auctoribus

129 2752 241 2784 usus
267 2746 351 2784 est.
408 2738 495 2784 Sed
516 2740 780 2800 priusquam
807 2740 861 2785 de
887 2739 955 2784 his
984 2738 1213 2796 dicamuS,
1251 2739 1433 2798 pauciS,
1463 2737 1570 2798 quid
1599 2739 1658 2783 sit

0 2859 7 2872 b
130 2809 276 2854 totius
310 2811 470 2869 capitis
507 2817 848 2870 argumentum,
886 2808 1199 2870 exponendum
1226 2809 1419 2854 videtur.
1469 2806 1658 2853 Profite-

0 2879 15 2941 ’ς
130 2884 207 2924 tur
234 2879 365 2925 initio
391 2878 554 2926 Pollux
580 2880 633 2926 de
659 2880 855 2926 nummis
882 2893 931 2925 se
956 2886 1080 2926 certa
1111 2880 1288 2926 ratione
1329 2879 1554 2924 dicturum
1584 2891 1660 2923 eo·

0 2949 9 2967 L
131 2961 320 3010 rumque
346 2957 501 3011 partes
528 2949 817 2997 definiturum
846 2965 961 2997 esse.
1016 2950 1174 3011 Itaque
1200 2963 1390 2996 exorsus
1417 2963 1442 2995 a
1470 2949 1659 3006 talento,
