1946 3220
340 154 411 208 50
514 173 546 206 E
584 171 843 208 vAnnoms
878 169 1052 204 meme
1088 169 1158 202 m:
1195 169 1391 204 LmGUA
1425 169 1636 206 LATINA.
1730 152 1859 222 [108]

254 296 315 328 171
447 282 583 332 Aeris
630 281 827 329 minima
864 294 978 343 pars
1015 277 1225 338 sextula,
1275 278 1404 342 quod
1441 284 1576 329 sexta
1613 294 1727 344 pars
1763 295 1855 330 un·
1908 268 1946 326 ⁸3}-

342 366 457 415 ciae.
534 364 783 417 semuncia
822 363 953 427 quod
991 363 1188 412 dimidia
1226 377 1340 428 pars
1377 364 1566 412 unciae.
1642 379 1695 414 se
1730 363 1857 415 valet
1927 360 1931 363 ’

342 448 591 498 dimidium
637 453 690 497 ut
735 448 783 496 in
833 446 1012 497 selibra
1059 454 1107 497 et
1153 446 1385 497 semodi0.
1461 447 1604 497 uncia
1653 446 1713 498 ab
1757 463 1856 498 uno

341 533 482 581 dicta.
557 538 754 582 sextans
791 531 851 580 ab
892 547 949 580 eo
989 531 1118 595 quod
1157 539 1291 581 sexta
1330 545 1443 595 pars
1481 533 1618 590 assiS‚
1658 537 1712 580 ut
1740 547 1859 597 qua-

284 619 309 657 5
341 617 487 665 draus
527 616 654 681 quod
695 621 882 681 quarta,
924 621 971 665 et
1007 617 1159 665 triens
1185 615 1314 679 quod
1339 616 1480 665 tertia
1508 630 1636 679 pars,
1713 617 1860 666 semis

341 701 470 765 quod
517 701 715 758 semias,
765 700 814 749 id
862 705 935 749 est
974 696 1074 767 [ut]
1121 699 1370 749 dimidium
1417 701 1562 757 assiS,
1611 706 1665 748 ut
1712 715 1860 764 supra

340 785 522 835 dictum
578 790 665 834 est.
753 790 961 848 septunx
1013 800 1039 833 a
1087 790 1273 848 septem
1322 790 1368 833 et
1415 785 1558 833 uncia
1602 783 1858 835 conlisum.

254 885 316 917 172
339 869 528 934 reliqua
568 868 869 927 obscuriora,
911 869 1042 934 quod
1079 868 1140 918 ab
1180 869 1534 925 deminutione,
1576 875 1624 918 et
1652 884 1708 918 ea
1736 883 1861 933 quae

340 953 688 1003 deminuuntur
727 954 790 1002 ita
829 958 965 1009 sunt,
1014 958 1068 1002 ut
1105 959 1347 1003 extremas
1385 951 1593 1017 syllabas
1630 952 1858 1002 habeant.

256 1042 309 1082 10
340 1045 392 1087 ut
438 1037 599 1086 deunx
648 1038 843 1100 dempta
893 1038 1061 1092 uncia,
1119 1036 1322 1087 dextans
1371 1036 1567 1101 dempto
1623 1043 1860 1095 sextante,

341 1122 553 1171 dodrans
590 1121 788 1186 dempto
827 1122 1112 1186 quadrante,
1152 1121 1254 1179 beS,
1294 1127 1348 1171 ut
1373 1121 1489 1170 olim
1517 1122 1617 1178 des,
1660 1121 1861 1186 dempto

341 1204 533 1255 triente.

256 1290 317 1323 173
449 1290 504 1338 In
542 1297 745 1354 argento
783 1291 993 1339 nummi:
1032 1290 1080 1339 id
1120 1289 1179 1338 ab
1220 1289 1410 1339 SiculiS.
1487 1291 1688 1347 denarii,
1732 1291 1860 1355 quod

341 1374 493 1423 denos
531 1375 660 1424 aeris
699 1373 935 1430 valebant,
977 1375 1200 1439 quinarii,
1250 1374 1381 1438 quod
1420 1376 1608 1438 quinos,
1684 1380 1862 1424 sester-

256 1463 308 1502 15
340 1460 458 1515 tiuS,
510 1459 640 1523 quod
686 1460 833 1509 semis
884 1460 1076 1516 tertius,
1131 1459 1407 1522 dupondius
1455 1460 1584 1507 enim
1634 1464 1681 1507 et
1717 1459 1863 1508 semis

341 1545 570 1607 antiquus
618 1544 870 1592 sestertius
918 1549 1014 1599 est,
1074 1549 1121 1591 et
1169 1544 1345 1592 veteris
1394 1543 1760 1596 consuetudinis
1809 1549 1863 1592 ut

341 1634 473 1676 retro
512 1641 627 1676 aere
665 1626 899 1684 dicerent,
939 1628 1003 1676 ita
1043 1633 1095 1675 ut
1134 1629 1278 1676 semis
1316 1629 1516 1684 tertiuS,
1557 1633 1758 1691 quartus
1785 1643 1859 1676 se·

342 1713 430 1759 mis
466 1712 856 1774 pronuntiarent.
916 1710 974 1760 ab
1011 1713 1155 1760 semis
1190 1713 1364 1760 tertius
1400 1713 1654 1761 sestertius
1690 1711 1861 1760 dictus,

256 1805 319 1837 174
343 1796 529 1844 nummi
568 1795 755 1845 denarii
795 1795 999 1844 decuma
1038 1795 1216 1852 libella,
1259 1795 1388 1860 quod
1418 1794 1593 1846 libram
1622 1796 1784 1860 pondo
1811 1810 1863 1845 as

257 1879 312 1918 2Ο
346 1878 556 1937 valebat,
607 1888 654 1928 et
698 1886 803 1928 erat
841 1895 899 1928 ex
940 1886 1142 1943 argento
1181 1895 1344 1944 parva.
1420 1879 1677 1938 sembella,
1733 1879 1864 1944 quod
1927 1867 1930 1870 ⁴

458 2051 494 2087 l.
528 2048 694 2088 unciae
727 2051 810 2088 est.
844 2049 1080 2088 semuncia
1109 2049 1189 2088 Pri
1351 2050 1390 2088 2.
1423 2049 1678 2089 semiuncia
1708 2048 1750 2087 N

344 2116 413 2170 sev}
463 2119 530 2158 sic
560 2119 643 2157 FN
669 2121 747 2161 rel.
921 2131 969 2158 se
1009 2118 1135 2159 valet
1172 2132 1300 2172 usque
1339 2120 1398 2160 ad
1434 2118 1635 2160 semodio
1673 2130 1750 2158 om.
1785 2119 1865 2159 Pri

345 2188 384 2227 4.
421 2189 559 2240 assis,
591 2186 657 2240 ut]
691 2189 807 2228 assis
840 2192 910 2228 est
940 2189 1020 2228 Pri
1160 2190 1199 2230 6.
1233 2187 1416 2241 semias]
1451 2190 1589 2229 semis
1620 2190 1701 2228 Pri
1813 2193 1864 2229 ut

342 2259 497 2298 seclusi
525 2260 713 2312 idemque
745 2271 822 2299 om.
856 2259 936 2298 Pri
1049 2260 1087 2299 7.
1122 2257 1326 2298 collisum
1358 2260 1453 2311 Pri,
1494 2259 1754 2299 conclusum
1783 2259 1865 2298 FN

342 2334 384 2367 et
413 2330 491 2368 rel.
525 2328 626 2369 libri
661 2329 873 2369 Varronis
987 2329 1030 2369 8.
1064 2329 1362 2369 diminutione
1394 2330 1476 2369 Pri
1599 2331 1664 2370 10.
1697 2326 1861 2381 deunx]

344 2397 398 2437 de
431 2410 523 2438 una
553 2399 646 2448 FN,
679 2411 770 2438 una
801 2399 904 2447 Pri,
936 2400 1170 2439 emendavit
1199 2398 1287 2452 Spe
1319 2401 1380 2452 (p.
1415 2398 1490 2453 14)
1522 2402 1710 2453 idemque
1742 2400 1865 2440 eiecit

343 2467 492 2507 deunx
531 2470 644 2521 quod
679 2468 777 2508 libri
813 2468 1024 2509 Varronis
1054 2476 1095 2509 et
1125 2471 1374 2510 Priscianus
1405 2476 1508 2523 post
1545 2470 1682 2510 uncia
1711 2469 1866 2509 habent

345 2539 409 2576 14.
446 2538 692 2579 sextertius
715 2538 769 2585 N,
801 2539 991 2592 idemque
1013 2553 1076 2580 vs.
1100 2542 1153 2579 16
1269 2542 1332 2582 15.
1365 2541 1483 2593 quod
1515 2540 1650 2580 semis
1681 2535 1864 2591 tertius]

344 2606 517 2647 duobus
549 2609 685 2649 semis
726 2609 828 2659 Pri,
870 2610 987 2662 quod
1026 2609 1198 2650 duobus
1239 2611 1375 2650 semis
1414 2610 1596 2650 additur
1620 2608 1863 2653 Muellerus

344 2688 366 2714 e
399 2679 504 2716 coni.
626 2680 693 2721 17.
728 2691 838 2719 aera
869 2679 951 2718 Pri
1064 2682 1135 2721 ita
1163 2683 1215 2720 ut
1241 2701 1298 2709 -
1317 2676 1681 2733 pronuntiarent]
1714 2682 1766 2718 ut
1796 2691 1864 2719 se-

344 2745 429 2783 mis
463 2746 667 2798 quintus,
701 2749 839 2789 semis
873 2753 1084 2802 quartus,
1129 2751 1265 2791 semis
1297 2751 1460 2791 tertius
1490 2750 1755 2789 nuntiarent
1785 2749 1866 2788 Pri

346 2813 411 2852 18.
445 2817 681 2858 sestertius
704 2832 781 2859 om.
804 2819 847 2857 N
963 2822 1028 2860 19.
1054 2818 1261 2873 decuma]
1298 2833 1324 2860 a
1355 2820 1530 2860 decima
1552 2820 1633 2858 Pri
1747 2818 1864 2871 quod

343 2881 506 2921 libram
549 2891 628 2924 cet.
661 2900 738 2927 om.
774 2889 852 2928 Pri
976 2887 1042 2942 as]
1086 2891 1205 2931 aeris
1245 2888 1469 2942 Scioppius
1500 2894 1540 2930 et
1570 2890 1671 2930 Mue
1794 2890 1862 2930 20.

345 2951 557 2992 simbella
589 2955 631 2993 N
