1946 3220
1082 27 1190 50 .›,f
1218 23 1352 47 'avr-ni
1380 40 1452 53 pff„
1575 46 1577 49 ,
1670 38 1673 40 -

1159 45 1297 73 1⁴„„‚·÷‹
1323 47 1645 73 .·‡v:;.=*·‹<15122a‘:.*4

842 196 1229 232 PROLEGOMENA
1265 197 1319 232 m

392 313 608 359 talentum
820 310 847 355 1

390 397 488 428 mna
781 380 848 427 60
994 381 1019 425 1

390 451 505 496 libra
784 447 890 515 803}
999 447 1101 514 12st
1177 451 1200 496 1

389 523 522 568 uncia
748 521 847 568 968
938 545 1041 557 —-—=
1139 521 1202 566 12
1280 521 1306 567 1

391 599 534 638 stater
717 590 849 638 1935
962 588 1066 655 322}
1141 590 1206 636 24
1283 591 1312 636 2
1425 592 1452 638 1

390 662 574 723 dragma
711 660 848 708 7740
924 661 1022 707 129
1134 661 1199 708 96
1275 662 1305 709 8
1414 661 1447 707 4
1559 662 1583 708 1

391 732 640 793 scripulum
675 731 849 779 23220
922 731 1023 779 387
1134 757 1203 764 —
1259 757 1324 763 —-
1386 732 1447 778 12
1560 733 1590 779 3
1673 725 1698 779 1

390 802 553 849 obolus
672 801 848 849 46440
938 828 1007 835 -
1132 827 1199 834 ——
1256 828 1324 836 —
1386 802 1452 847 24
1565 804 1594 850 6
1672 802 1704 849 -2
1782 804 1806 850 1

391 873 556 934 siliqua
673 873 846 920 92880
936 898 1006 905 -—
1132 899 1202 905 —-
1259 899 1322 905 —
1381 872 1448 920 48
1527 873 1590 919 12
1640 862 1702 919 ‘4
1777 874 1821 919 2.

421 972 475 1018 Hi
510 979 616 1018 sunt
653 973 828 1017 numeri
867 986 981 1032 quos
1018 972 1116 1032 ipse
1145 973 1343 1032 scriptor
1367 971 1546 1018 tabulae
1572 974 1754 1033 posuit,
1799 974 1845 1018 in

321 1043 484 1104 quibus
502 1042 569 1101 (ut
588 1056 878 1088 numerorum
904 1049 1037 1087 notas
1059 1056 1178 1089 nunc
1194 1042 1403 1102 vulgares
1424 1042 1673 1101 teneamus)
1699 1042 1842 1089 librae

321 1111 425 1178 80}
448 1113 677 1159 breviatae
710 1119 815 1158 sunt
841 1127 894 1158 ex
921 1108 1082 1176 8033&
1117 1113 1235 1158 unde
1261 1113 1394 1157 etiam
1423 1112 1522 1159 968
1551 1115 1710 1159 unciae
1737 1112 1843 1166 effe-

321 1192 443 1240 ctae3
469 1183 642 1244 reliqua
670 1190 819 1228 autem
848 1184 996 1228 omnia
1023 1190 1230 1228 accurate
1258 1189 1533 1247 computata.

425 1269 671 1327 Postquam
699 1268 782 1313 hac
807 1267 1016 1326 longiore
1045 1268 1312 1327 quaestione
1340 1268 1523 1326 antiqua
1551 1267 1685 1321 huius
1716 1267 1845 1314 tabu-

319 1339 388 1385 lae
414 1339 558 1385 forma
586 1339 799 1383 restituta
826 1345 911 1394 est,
947 1339 1032 1382 iam
1058 1337 1236 1383 brevius
1262 1337 1460 1383 eiusdem
1489 1337 1541 1383 de
1574 1339 1842 1384 auctoritate

319 1410 469 1455 dicere
496 1409 615 1454 licet.
672 1409 766 1454 Duo
800 1415 906 1454 sunt
931 1422 1046 1468 quae
1073 1409 1246 1453 diversa
1278 1407 1332 1452 ab
1361 1408 1548 1468 reliquis
1579 1408 1842 1454 auctoribus
1899 1421 1902 1423 ·

317 1480 391 1526 hic
417 1481 616 1540 scriptor
642 1479 804 1536 tradit⁷
831 1478 1039 1538 siliquam
1070 1491 1170 1524 esse
1202 1477 1436 1523 drachmae
1462 1485 1637 1538 partem
1668 1478 1840 1524 duode-

281 1541 283 1543 ’
318 1552 475 1597 cimam
510 1555 555 1594 et
591 1550 754 1594 minam
790 1549 955 1594 hahere
995 1549 1226 1594 drachmas
1265 1547 1440 1593 cxxix.
1502 1547 1563 1593 Ex
1598 1548 1669 1593 his
1708 1548 1835 1608 prius

317 1621 450 1681 plane
477 1618 740 1665 incredibile
765 1626 835 1664 est
859 1631 1158 1678 magnamque
1184 1618 1334 1678 prodit
1361 1619 1600 1679 scriptoris
1626 1620 1843 1678 ignoran-

317 1692 423 1736 tiam
462 1696 536 1735 aut
575 1691 886 1735 temeritatem.
945 1688 1052 1734 Nam
1090 1689 1278 1748 siliquae
1316 1688 1517 1734 definitio
1557 1703 1648 1733 non
1671 1689 1841 1734 ininus

317 1768 440 1807 certa
480 1767 524 1805 et
563 1759 855 1805 immutabilis
887 1773 1019 1818 quam
1047 1759 1178 1804 solidi
1207 1766 1252 1804 et
1276 1759 1418 1804 librae
1444 1759 1554 1816 fuit,
1599 1766 1841 1819 postquam
1872 1763 1875 1766 “
1922 1751 1925 1754 ’

318 1829 644 1877 Constantinus
692 1844 867 1875 omnem
912 1843 1198 1875 nummorum
1240 1836 1284 1874 et
1326 1829 1576 1890 ponderum
1619 1831 1840 1875 rationem

320 1900 586 1953 constituit;
623 1914 732 1960 ergo
762 1900 798 1945 si
829 1901 927 1959 quis
956 1901 1154 1960 scriptor
1180 1900 1351 1945 diversa
1379 1901 1422 1945 in
1449 1901 1535 1945 hoc
1560 1913 1723 1958 genere
1753 1906 1842 1945 tra·

318 1973 409 2030 dit⁷
449 1973 545 2016 eius
581 1969 691 2015 fides
729 1970 862 2016 etiam
896 1970 950 2016 de
968 1968 1170 2030 *reliquis
1195 1977 1404 2030 suspecta
1432 1970 1650 2015 redditur.
1706 1969 1841 2015 Nimi-
1918 1964 1928 1971 ’

320 2056 422 2088 rum
459 2041 704 2101 proprium
731 2042 895 2086 veteris
932 2041 1075 2086 minae
1102 2042 1276 2086 Atticae
1303 2040 1480 2100 pondus
1506 2041 1551 2084 in
1580 2039 1662 2085 hac
1690 2039 1839 2085 tabula

319 2126 409 2158 una
441 2111 651 2157 drachma
684 2105 936 2169 auctum⁴)‚
979 2117 1115 2171 atque
1152 2112 1256 2156 hinc
1294 2110 1493 2170 reliquae
1532 2117 1577 2154 et
1615 2111 1759 2155 minae
1794 2118 1840 2155 et

321 2181 481 2228 talenti
517 2182 715 2227 rationes
757 2181 955 2227 effectae.
1032 2179 1159 2236 Quod
1191 2181 1338 2225 minae
1373 2182 1699 2244 incrementum
1738 2181 1839 2240 quis

320 2254 552 2299 hominum
591 2265 678 2311 qua
706 2251 758 2296 de
786 2266 920 2298 causa
946 2257 992 2296 et
1017 2265 1106 2311 quo
1136 2258 1339 2311 tempore
1369 2251 1714 2310 excogitaverit,
1753 2263 1838 2310 ego
1914 2251 1918 2254 ’

320 2337 377 2368 ne
417 2323 676 2369 coniectura
713 2322 891 2382 quidem
924 2320 1111 2367 definire
1149 2322 1317 2378 ausim,
1355 2335 1437 2366 nec
1472 2335 1576 2366 vero
1612 2321 1655 2366 id
1691 2334 1838 2366 meum

321 2407 421 2440 esse
459 2393 601 2450 duco,
642 2392 719 2452 qui
752 2391 857 2438 huic
882 2391 1063 2452 tabulae
1085 2391 1389 2437 minimc'eam
1420 2393 1735 2438 auctoritatem
1759 2391 1838 2436 tri-

321 2464 398 2509 bui
436 2477 572 2524 posse
610 2476 845 2521 censeam‚
881 2469 932 2507 ut
957 2462 1057 2508 inde
1086 2462 1317 2522 antiquum
1346 2468 1390 2506 et
1415 2462 1647 2522 proprium
1681 2461 1835 2506 talenti

322 2536 459 2579 Attici
493 2534 695 2594 pondus,
739 2533 964 2578 diversum
1010 2547 1033 2578 a
1075 2533 1261 2593 reliquis
1303 2531 1564 2578 auctoribus
1609 2530 1834 2586 omnibus,

323 2600 603 2662 efficiatur5).

432 2820 475 2869 4)
509 2821 650 2863 Vetus
681 2823 837 2863 Attica
867 2824 990 2864 mina
1024 2837 1050 2864 a
1081 2823 1248 2864 Solone
1283 2822 1529 2863 constituta
1559 2820 1722 2861 habuit
1753 2834 1838 2860 un·

322 2874 421 2915 cias
452 2876 681 2918 Romanas
715 2881 765 2920 16
799 2878 906 2929 (vol.
936 2879 959 2919 I
988 2893 1031 2932 p.
1055 2878 1143 2932 90),
1178 2879 1275 2920 sive
1306 2877 1517 2918 denarios
1548 2877 1833 2918 Neronianos
1903 2918 1926 2938 ·,

325 2932 419 2983 128,
451 2944 531 2983 pro
564 2933 723 2984 quibus
755 2935 801 2974 in
832 2935 920 2975 hac
951 2936 1110 2976 tabula
1141 2938 1369 2989 ponuntur
1400 2935 1494 2974 129.

334 2999 337 3003 ’
435 2989 477 3038 5)
511 2987 643 3028 Conf.
678 2988 922 3030 Christium
953 2991 982 3032 l.
1016 3004 1054 3032 c.
1085 3005 1127 3044 p.
1161 2992 1213 3032 65
1244 3003 1277 3033 S.
