1946 3220
588 155 922 191 scmpwomzs
952 155 1214 191 GRAECOS.
1559 138 1658 190 147

239 265 475 330 Νόμιεμα
500 263 565 320 Ηῗ
592 282 699 330 ρκε.

240 336 476 400 Νόμιεμα
499 334 634 388 ἄλλο
658 334 913 399 γραμμάτ
942 354 986 398 γ.

25 457 44 476 Ἀ
239 406 492 471 Νουμμὸν
523 405 738 470 Νούμαε
773 406 850 458 Tic
887 405 1123 471 βαειλεὺε
1157 384 1436 470 Ῥωμαίων
1477 405 1657 471 ἐποίη-

22 476 35 525 ·’.
128 493 244 531 εεν·
275 478 358 529 καὶ
384 478 522 541 πρὸ(
546 476 609 529 τὸ
638 475 814 540 ὄνομα
839 475 1007 529 αὐτοῦ
1032 475 1237 540 ἐκλήθη.

40 549 66 554 ”
231 547 458 612 Οβολὸε
485 546 516 600 6
543 546 597 601 ἐξ
627 546 866 611 ἀργύρου
878 547 916 611 4)
944 546 1093 609 ἄγων
1121 546 1399 612 γράμματα
1436 561 1463 603 Γ
1490 546 1658 611 ἤγουν

231 687 392 752 Ὁλκὴ
421 686 537 749 ἄγει
562 687 842 753 γράμματα
870 701 897 743 Γ
930 687 961 751 ἢ
989 689 1029 742 Γ
1053 686 1102 751 η’
1104 684 1194 754 ’(0
1224 689 1358 754 cod..)

235 758 420 811 (ίκλον
458 757 573 820 ἄγει
603 758 882 822 γράμματα
905 761 964 821 ξ,
1006 758 1111 825 ἔετι
1138 758 1197 811 δὲ
1226 758 1290 810 τὸ
1316 757 1377 810 δ”
1399 761 1492 822 τῆ(
1522 760 1574 811 [3.
1627 758 1659 811 6

127 827 301 881 είκλοε
329 828 359 880 6
385 826 535 889 ἅγιος
560 827 676 890 ἄγει
699 828 977 892 γράμματα
1003 831 1066 892 ιβ.

233 899 515 952 Τάλαντον
551 897 666 960 ἄγει
692 899 756 953 Ηῖ
793 897 923 963 ριῖέ·
968 899 1052 951 καὶ
1088 897 1203 961 ἄγει
1238 899 1406 951 λεπτὰ
1433 902 1478 972 ξ
1516 911 1561 949 et
1589 917 1663 950 ee-

126 982 225 1021 tera
254 987 370 1036 quae
404 974 616 1020 similiter
646 976 692 1019 in
721 973 823 1020 aliis
859 974 1125 1034 fragmentis
1164 974 1397 1035 leguntur.
1455 974 1661 1020 Extrema

127 1051 235 1091 sunt
268 1040 478 1106 φόλληε
514 1051 559 1090 et
596 1045 854 1106 appendicis
888 1044 1033 1090 instar
1067 1044 1182 1090 alius
1228 1045 1408 1106 quidam
1443 1043 1574 1092 locus
1607 1045 1661 1091 de

132 1115 323 1162 talento.

235 1185 353 1232 Haec
378 1187 440 1231 ita
465 1199 537 1230 me
569 1187 682 1232 satis
714 1184 980 1246 exposuisse
1007 1185 1232 1243 arbitror,
1258 1191 1336 1244 ut,
1374 1200 1489 1246 quae
1514 1186 1660 1232 forma

129 1255 250 1303 illius
297 1262 517 1302 tractatus
560 1257 607 1301 in
655 1256 812 1302 codice
848 1255 1188 1302 Vindobonensi
1231 1262 1402 1313 exstet,
1454 1255 1661 1316 intellegi

126 1329 291 1391 possit.
341 1327 456 1373 Sane
481 1325 624 1372 multa
652 1332 871 1387 corrupta
896 1333 1026 1372 sunt:
1054 1332 1099 1372 at
1119 1326 1263 1372 multa
1289 1327 1426 1373 etiam
1453 1327 1516 1372 ita
1540 1340 1662 1373 00111-

126 1404 311 1458 parata,
344 1403 395 1443 ut
424 1396 494 1442 vel
521 1398 568 1441 in
599 1403 723 1442 tanta
758 1396 1031 1442 abundantia
1063 1395 1253 1443 aliorum
1287 1398 1487 1443 eiusdem
1523 1412 1661 1457 argu—

127 1467 270 1515 menti
298 1467 660 1527 fragmentorum
690 1465 886 1528 aliquam
920 1466 1238 1514 auctoritatem
1263 1467 1473 1514 habeant.

313 1619 380 1659 De
411 1624 600 1659 tractatu
629 1617 934 1671 Epiphaniam
967 1619 1039 1672 qui
1065 1619 1217 1671 incipit
1243 1632 1272 1659 a
1301 1621 1475 1660 talento,

234 1704 402 1761 Quarta
422 1706 560 1752 huius
579 1706 761 1765 generis
781 1705 943 1764 forma,
968 1719 1101 1767 quam
1126 1706 1246 1752 edidi
1271 1720 1295 1751 e
1320 1706 1496 1752 duobus
1523 1704 1655 1752 libris
1677 1698 1747 1749 90

128 1778 347 1823 Parisinis
375 1775 453 1835 (fr.
481 1779 550 1821 83.
579 1775 668 1835 84),
701 1789 754 1821 eo
782 1777 976 1836 insignis
1002 1782 1099 1834 est,
1142 1776 1264 1837 quod
1294 1778 1474 1822 inverso
1503 1776 1662 1822 ordine

127 1849 325 1909 primum
363 1847 418 1892 de
455 1848 652 1892 nummis
691 1853 737 1892 et
770 1846 1079 1907 ponderibus,
1115 1853 1210 1892 tum
1245 1847 1300 1893 de
1335 1847 1561 1893 mensuris
1589 1861 1665 1893 ex-

128 1920 332 1979 ponitur.
384 1919 448 1963 Ac
483 1919 612 1977 prior
649 1917 830 1978 quidem
864 1930 972 1978 pars
1000 1924 1045 1962 et
1070 1918 1305 1978 copiosior
1331 1925 1402 1963 est
1435 1925 1480 1963 et
1505 1916 1661 1963 multis

128 1989 266 2035 rebus
303 1989 616 2049 praestantior
655 2002 788 2048 quam
825 1994 1046 2034 tractatus
1079 1987 1372 2045 Petavianus‚
1410 1987 1554 2034 altera
1583 2002 1660 2034 au·

126 2066 245 2118 tem,
270 2058 350 2105 ubi
394 2058 448 2104 de
485 2059 711 2104 mensuris
744 2059 923 2118 agitur,
958 2059 1046 2105 etsi
1080 2058 1263 2104 brevior
1299 2064 1395 2116 est,
1425 2058 1568 2104 multa
1596 2064 1662 2104 ta·

127 2143 232 2176 men
258 2129 396 2175 hahet
422 2143 538 2190 quae
565 2130 720 2174 omisit
746 2135 911 2176 auctor
935 2128 1218 2176 Petavianus.
1274 2129 1330 2174 Ut
1355 2129 1441 2175 alia
1472 2134 1660 2186 taceam,

129 2200 311 2247 artabae
347 2200 475 2246 vocis
513 2200 738 2260 originem
783 2213 838 2245 ex
888 2201 1117 2261 Aegyptio
1163 2213 1373 2246 sermone
1417 2199 1659 2246 derivatam

129 2271 248 2333 apud
272 2271 393 2317 hunc
419 2269 567 2315 solum
594 2269 710 2328 legis
740 2272 1027 2331 scriptorem.

236 2341 399 2387 Paucis
428 2340 729 2387 illustrandus
750 2341 926 2386 videtur
953 2343 992 2386 is
1017 2336 1251 2387 10011311111
1279 2340 1333 2385 (10
1358 2338 1492 2386 litrae
1516 2340 1659 2399 parti·

130 2412 215 2459 hus
241 2412 394 2472 agitur
420 2409 496 2469 (fr.
519 2413 600 2469 83,
627 2409 716 2469 21).
771 2411 853 2458 Hic
878 2410 1081 2472 scripulo
1121 2425 1174 2456 ex
1207 2410 1411 2471 legitima
1438 2409 1562 2455 illius
1587 2421 1661 2455 ae-

30 2524 44 2539 4
130 2482 239 2529 tatis
280 2482 457 2528 ratione
493 2479 761 2526 tribuuntur
798 2481 852 2526 VI
893 2481 1086 2541 siliquae
1129 2482 1221 2526 sive
1262 2474 1500 2539 κεράτια,
1541 2479 1586 2524 11.
1619 2492 1657 2524 0.

30 2561 34 2570 ’
133 2567 237 2600 ossa
262 2553 354 2599 sive
380 2551 532 2598 nuclei
570 2550 747 2597 fructus
773 2553 1053 2598 ceratoniae:
1093 2545 1222 2598 ὀετᾶ
1247 2545 1356 2597 ἀπὸ
1381 2544 1661 2610 κεραταίαε

131 2621 238 2685 (pro
265 2616 539 2684 κερατέαε)
566 2619 792 2680 καρποῦ.
858 2622 968 2667 Tum
1004 2621 1204 2681 scriptor
1244 2634 1297 2666 ex
1335 2613 1464 2668 ὀετᾶ
1499 2634 1659 2667 novam

131 2693 260 2740 finxit
298 2693 544 2754 singularis
580 2693 757 2738 numeri
792 2692 984 2738 sormam
1011 2686 1042 2738 6
1069 2685 1315 2750 6crfflv¹),
1356 2698 1491 2752 atque
1524 2704 1659 2737 unam

243 2857 290 2912 4)
323 2857 349 2900 6
380 2856 425 2901 ἐξ
458 2856 666 2911 ἀργύρου
697 2858 746 2897 111
778 2856 939 2898 codice
970 2868 1061 2897 non
1092 2856 1308 2898 distinete
1341 2856 1539 2909 scripta3
1581 2855 1662 2896 ad-

26 2927 32 2934 ·
115 2914 227 2958 ‚didi
259 2929 283 2956 e
315 2915 512 2956 Salmas.
571 2913 753 2955 Confut,
786 2927 830 2967 p.
864 2915 931 2954 91.

246 2971 288 3024 1)
329 2970 550 3012 Similiter
588 2972 636 3010 in
677 2970 879 3011 eiusdem
919 2969 1168 3024 fragmenti
1206 2969 1231 3019 ξ
1271 2970 1324 3010 19
1362 2968 1519 3010 1103010
1559 2967 1661 3020 quis

1290 3036 1397 3088 10*
