1946 3220
316 119 416 174 138
840 135 1226 170 PROLEGOMENA
1248 135 1304 168 m

313 265 365 298 ea
392 256 482 296 tam
509 251 672 296 misere
714 255 931 308 corrupta
961 254 1094 305 sunt,
1135 253 1187 294 ut
1222 261 1298 306 ea,
1340 247 1671 309 qualiacunque
1709 255 1835 310 sunt,

1907 319 1941 339 'ui

312 321 482 368 intacta
507 319 802 379 relinquenda
833 331 934 364 esse
956 317 1159 364 viderim.

416 391 621 436 Em'ema
654 403 760 449 P³1⁸S
802 387 876 447 (s1'·
904 387 975 447 80)
1017 388 1175 435 eodem
1209 387 1404 434 consilio
1440 395 1577 450 atque
1616 389 1777 436 iisdem
1810 404 1835 436 e

311 461 517 508 fontibus
552 460 806 519 composita
832 463 903 504 est
933 473 984 505 ac
1010 458 1162 505 tabula
1186 453 1320 518 Περὶ
1353 454 1562 519 μέτρων
1597 455 1681 507 καὶ
1717 472 1834 508 ετα-

312 531 459 591 θμῶν
486 531 533 575 in
557 531 712 590 priore
735 528 1005 576 collectione
1032 526 1102 591 (fr.
1130 528 1218 587 77).
1271 529 1357 575 Sed
1384 530 1459 576 hic
1485 532 1637 577 omnia
1662 530 1835 578 deside·
1942 540 1945 549 ’

311 608 469 647 rantur
495 615 611 662 quae
636 600 729 647 illic
751 607 858 662 post
883 595 1044 648 (άτον
1072 599 1119 660 (S
1143 598 1188 659 6)
1213 601 1520 647 inveniuntur.

380 767 447 807 De
473 765 716 819 fraymento
745 763 865 819 Περὶ
896 763 1082 818 μέτρων
1110 767 1224 807 inter
1253 765 1530 807 Heronianas
1559 767 1761 821 reliquias

978 829 1165 864 servato.

225 915 292 966 86
417 908 671 970 Aliquoties
699 924 838 971 supra
861 911 1095 957 citavimus
1121 910 1425 971 fragmentum
1453 910 1678 971 quoddam
1700 906 1836 971 Περὶ

309 976 547 1041 μέτρων,
593 982 722 1028 cuius
757 981 927 1042 ubique
967 981 1198 1042 egregiam
1234 995 1334 1027 esse
1373 981 1506 1026 fidem
1539 983 1834 1042 cognovimus

310 1051 358 1111 (S
385 1053 453 1096 39.
479 1053 549 1096 73.
578 1051 668 1111 74).
717 1052 779 1098 Ea
804 1052 958 1099 tabula
990 1054 1037 1098 in
1074 1052 1203 1098 libris
1230 1053 1555 1112 manuscriptis
1578 1059 1688 1113 post
1712 1053 1835 1113 frag-

308 1128 511 1169 mentum
548 1122 602 1168 de
641 1122 823 1169 talentis
849 1130 895 1168 et
919 1123 1102 1169 denario
1134 1119 1221 1185 (95)
1263 1124 1494 1168 invenitur
1527 1137 1708 1183 unaque
1733 1137 1835 1169 cum

307 1192 389 1238 illo
414 1192 582 1239 Heroni
606 1193 838 1239 tribuitur.
888 1194 946 1239 At
972 1207 1078 1238 vero
1103 1208 1188 1240 nec
1210 1193 1263 1239 ab
1291 1193 1471 1239 Herone
1495 1206 1578 1239 nec
1600 1208 1625 1239 a
1649 1193 1835 1254 Didymo

309 1277 407 1308 eain
439 1265 655 1324 scriptam
682 1277 783 1310 esse
819 1265 930 1310 satis
957 1264 1363 1310 demonstravimus
1393 1262 1441 1321 (S
1469 1261 1565 1322 14):
1606 1278 1728 1311 nunc
1759 1263 1836 1310 ad-

309 1333 458 1380 dimus
486 1334 673 1381 eandem
701 1348 758 1380 ne
785 1335 840 1380 ad
866 1334 995 1380 illum
1022 1335 1204 1395 quidem
1234 1341 1468 1381 auctorem
1501 1334 1664 1380 referri
1696 1348 1836 1394 posse

311 1406 388 1464 qui
415 1405 469 1451 de
495 1404 677 1451 talentis
704 1411 749 1451 et
773 1406 956 1452 denario
984 1407 1185 1466 scripsit.
1235 1405 1344 1451 Nam
1372 1403 1499 1450 illum
1526 1405 1706 1465 quidem
1732 1405 1838 1451 Ale·

308 1475 579 1521 xandrinum
614 1476 757 1522 fuisse
789 1482 994 1529 constat;
1030 1476 1140 1522 haec
1176 1481 1326 1522 autem
1361 1474 1515 1521 tabula
1549 1474 1604 1520 ab
1631 1474 1835 1521 Hebraeo

311 1545 507 1605 quodam
540 1546 722 1592 homine
757 1561 851 1592 non
886 1546 1070 1592 indocto
1096 1546 1350 1607 composita
1381 1552 1477 1603 est,
1515 1559 1650 1606 quem
1686 1547 1838 1606 ipsum

311 1629 495 1676 quoque
530 1616 824 1663 Alexandriae
858 1617 1052 1675 vixisse,
1091 1619 1178 1663 etsi
1215 1618 1310 1663 veri
1351 1615 1521 1673 simile,
1561 1622 1710 1662 tamen
1744 1630 1837 1661 non

310 1692 485 1731 certum
513 1693 583 1732 est
594 1682 640 1748 ¹).
674 1687 818 1733 Etiam
842 1701 932 1748 quo
959 1695 1166 1748 tempore
1192 1702 1242 1733 ea
1269 1688 1440 1747 scripta
1467 1687 1544 1745 sit,
1572 1686 1837 1746 ambigitur.

308 1755 400 1802 Nec
434 1763 584 1803 tamen
629 1759 739 1804 satis
775 1758 983 1804 idoneam
1019 1773 1200 1804 causam
1242 1771 1344 1803 esse
1384 1755 1610 1815 arbitror,
1656 1771 1738 1803 cur
1781 1756 1837 1802 de

311 1833 474 1886 quarto
506 1829 720 1888 quintove
758 1828 939 1875 saeculo
978 1825 1276 1888 cogitetur²):
1319 1830 1455 1873 immo
1482 1827 1595 1872 nihil
1629 1827 1836 1888 impedit,

311 1900 553 1957 quominus
581 1899 636 1945 ad
662 1899 856 1959 primum
894 1898 1123 1945 saeculum
1152 1905 1229 1945 aut
1252 1900 1398 1959 ipsam
1435 1896 1632 1943 tabulam
1659 1904 1738 1943 aut
1768 1911 1838 1943 ar-

310 1969 554 2029 chetypum
580 1969 822 2030 quoddam,
847 1970 967 2016 unde
993 1970 1189 2016 derivata
1214 1971 1299 2028 sit,
1335 1982 1611 2015 revocemus.

415 2039 504 2084 Iam
533 2054 647 2100 quae
684 2039 731 2084 in
766 2041 849 2087 hac
880 2039 1034 2086 tabula
1061 2037 1131 2100 (fr.
1158 2039 1230 2098 81)
1264 2040 1515 2099 perscripta
1553 2045 1659 2084 sunt
1695 2050 1747 2084 ea
1784 2052 1837 2083 ex

313 2108 470 2154 ordine
494 2124 842 2170 percenseamus
869 2118 915 2155 et
939 2124 1042 2156 cum
1066 2109 1299 2170 prioribus
1327 2122 1657 2169 comparemus.

415 2179 615 2226 Primum
646 2180 862 2240 amphora
885 2181 1084 2227 Romana
1113 2182 1302 2240 eiusque
1333 2186 1512 2240 partes,
1552 2193 1690 2237 urna,
1728 2193 1836 2226 con-

310 2250 432 2309 gius,
462 2251 683 2296 sextarius
708 2250 1001 2297 definiuntur.
1051 2251 1280 2310 Amphora
1307 2265 1331 2296 a
1357 2249 1625 2310 quibusdam
1649 2261 1835 2308 μετρη-

309 2316 426 2380 τής,
452 2335 567 2366 urna
593 2316 754 2368 κάδος
779 2321 996 2382 appellari
1020 2321 1228 2366 traditur.
1267 2321 1464 2380 Congius
1489 2334 1590 2365 cum
1617 2319 1835 2366 Hebraico

425 2525 472 2578 1)
510 2527 731 2570 Hebraea
761 2529 903 2582 stirpe
937 2532 1173 2569 auctorem
1202 2531 1351 2569 ortum
1383 2539 1484 2568 esse
1517 2540 1541 2567 e
1572 2527 1727 2568 verbis
1758 2524 1836 2566 κά-

314 2581 420 2631 βουε
441 2582 573 2633 ἡμεῖς
596 2583 728 2637 (χόας
750 2583 966 2637 λέγομεν)
991 2585 1308 2638 cognoscitur,
1330 2597 1437 2625 nam
1457 2583 1576 2623 haec
1597 2582 1834 2623 Hebraeo-

311 2650 409 2677 rum
441 2643 510 2679 est
539 2653 766 2682 mensura.
808 2642 919 2683 Inde
942 2642 1170 2683 Martinus
1191 2641 1472 2682 rectissime:
1503 2640 1730 2689 Dantem,
1766 2639 1833 2678 in—

314 2694 431 2745 quit,
471 2696 523 2734 de
554 2709 600 2736 ce
629 2710 825 2738 morceau
855 2703 920 2739 est
948 2713 1002 2740 un
1032 2699 1133 2750 juif
1161 2699 1301 2738 vivant
1337 2710 1392 2737 au
1427 2696 1564 2736 milieu
1594 2697 1669 2736 des
1703 2695 1835 2736 Grecs

312 2762 410 2790 sous
439 2753 482 2790 la
511 2752 766 2794 domination
796 2756 984 2795 romaine
1014 2753 1081 2808 (p.
1114 2753 1231 2807 212).

426 2818 468 2870 2)
506 2819 638 2860 Haec
679 2826 749 2862 est
784 2824 1015 2864 sententia
1044 2824 1238 2865 Martini
1269 2821 1333 2875 (p.
1365 2819 1493 2873 213),
1546 2821 1624 2874 qui
1664 2823 1710 2861 et
1747 2819 1836 2860 hoc

314 2875 618 2929 fragmentum
642 2881 688 2917 et
709 2877 900 2918 alterum
922 2879 977 2920 de
999 2879 1190 2921 talentis
1210 2879 1287 2921 vel
1307 2879 1365 2919 ab
1383 2877 1644 2931 Epiphanio
1665 2877 1765 2930 ipso
1778 2875 1835 2928 (Ρ)

314 2931 389 2973 vel
419 2945 446 2972 a
477 2933 731 2986 posteriore
765 2935 979 2987 quopiam
1010 2938 1183 2989 scripta
1215 2947 1315 2976 esse
1347 2935 1522 2975 statuit.
