1946 3220
561 165 892 202 SCRIPTORES
927 164 1190 206 GRAECOS.
1534 151 1639 205 139

101 279 214 329 cabo
251 275 601 343 comparatur3).
660 280 832 327 Novum
877 294 1043 328 nomen
1069 279 1288 342 'novaque
1322 293 1531 330 mensura
1566 289 1635 328 est

103 345 328 412 βρόχος,
358 358 518 412 quarta
543 364 650 411 pars
677 352 935 411 amphorae.

210 421 321 468 Tum
346 421 642 468 Antiochensi
669 428 860 468 metreta
884 422 1083 469 breviter
1106 421 1330 484 explicato
1358 421 1407 485 (3
1433 421 1505 482 74)
1538 436 1635 469 sex·

101 492 206 538 tarii
232 499 388 551 partes
413 492 499 538 hae
524 490 801 539 afferuntur:

315 557 492 621 ξέςτης
544 598 553 607 .
633 597 641 606 .
722 597 730 606 .
810 596 820 608 .
930 566 952 606 1

309 627 510 692 ,κοτύλη
549 668 558 678 .
635 667 645 679 .
724 668 733 677 .
811 668 821 678 ,
932 639 958 678 2
1063 636 1083 677 1

317 698 596 764 ὀξύβαφον
636 738 646 748 .
724 738 732 747 .
811 738 819 748 .
928 708 955 746 4
1056 708 1082 747 2
1188 707 1207 747 1

314 769 558 821 κύαθος.
639 809 647 817 .
724 808 733 817 .
813 810 822 818 .
899 778 953 817 12
1055 777 1083 819 6
1185 775 1210 817 3
1298 777 1318 816 1

315 839 592 903 μύετριον,
617 838 848 905 λίετριον
902 848 956 889 48
1029 849 1084 888 24
1158 847 1210 887 12
1293 849 1321 887 4
1405 848 1426 887 1

312 908 618 974 κοχλιάριον
723 950 732 959 .
810 948 821 959 .
895 917 952 959 96
1025 917 1080 960 48
1153 918 1209 958 24
1293 918 1320 959 8
1401 917 1428 957 2

100 982 222 1040 Quae
250 998 444 1045 prorsus
471 992 734 1045 congruunt
760 999 860 1031 cum
888 985 1084 1032 secunda
1114 993 1158 1031 et
1184 985 1375 1046 septima
1401 980 1635 1031 mensura·

99 1068 199 1101 rum
239 1054 388 1101 tabula
424 1053 470 1115 (S
494 1056 563 1100 59.
591 1053 687 1118 79),
725 1056 810 1102 nisi
850 1057 972 1116 quod
1011 1062 1233 1118 mystrum
1275 1056 1351 1103 hic
1385 1050 1632 1117 μύςτριον

100 1127 191 1172 sive
219 1120 446 1186 λίςτριον
475 1134 678 1175 vocatur.

206 1195 327 1251 Quae
353 1196 514 1243 deinde
544 1196 678 1243 verba
706 1204 989 1258 sequuntur:
1033 1193 1118 1246 καὶ
1152 1192 1218 1246 τὰ
1253 1191 1438 1258 ἑλαιρὰ
1462 1207 1635 1258 παρα-

98 1262 331 1326 πλῃςίως
367 1274 483 1325 cet.‚
534 1281 584 1312 ea
627 1268 862 1314 commode
909 1267 1125 1329 explicari
1169 1283 1261 1315 non
1307 1274 1504 1330 possunt
1546 1267 1633 1312 nisi

98 1345 355 1397 comparata
394 1339 579 1398 antiqua
618 1337 693 1383 illa
725 1339 931 1385 versione
970 1339 1126 1386 Latina
1163 1353 1277 1400 quae
1318 1338 1401 1384 sub
1434 1338 1633 1384 Africani

100 1406 233 1453 titulo
268 1407 429 1466 fertur.
488 1406 778 1469 Quapropter
822 1409 875 1454 ad
913 1409 1101 1454 alteram
1139 1410 1276 1455 huius
1316 1409 1420 1454 libri
1458 1414 1633 1468 partem

99 1490 195 1523 eam
231 1478 587 1539 disputationem
625 1480 867 1525 reiicimus.
929 1479 1018 1526 Sed
1047 1480 1133 1526 hoc
1170 1480 1215 1525 in
1251 1479 1509 1540 praesentia
1541 1492 1633 1524 non

99 1549 349 1594 omittimus
375 1543 441 1597 τὰ
470 1543 655 1609 ἑλαιρά
684 1564 785 1596 esse
812 1564 1049 1596 mensuras
1081 1550 1298 1608 olearias,
1325 1563 1517 1611 quarum
1543 1562 1636 1595 ma-

97 1619 212 1664 xima
250 1619 417 1666 dicitur
455 1633 556 1665 esse
598 1616 852 1680 μετρητὴς
889 1615 1132 1680 ἐλαιρός,
1169 1622 1246 1682 qui
1280 1619 1657 1680 centumpondio·

98 1688 299 1737 Romano
328 1689 556 1736 definitur.
1290 1748 1294 1750 ἢ

202 1761 347 1806 Porro
378 1760 518 1806 modii
546 1760 734 1807 Romani
770 1769 950 1822 partes,
988 1761 1220 1808 semodius
1258 1756 1550 1823 (ἡμίεκτον)
1588 1767 1634 1805 et

99 1830 320 1878 sextarius
363 1831 643 1890 afferuntur,
690 1831 852 1892 hisque
895 1833 1043 1879 Attica
1079 1829 1279 1893 χοῖνιξ,
1326 1839 1482 1878 octava
1525 1844 1632 1891 pars

96 1902 260 1959 modii,
294 1901 485 1947 additur.

204 1973 294 2018 Iam
333 1973 543 2032 sequitur
568 1973 863 2032 gravissimus
891 1973 967 2019 ille
995 1974 1127 2020 locus
1136 1974 1207 2019 de
1231 1972 1509 2019 Ptolemaico
1540 1984 1633 2017 me-

98 2043 252 2089 dimno
281 2043 426 2103 deque
453 2044 702 2089 vetustiore
734 2051 780 2090 et
808 2045 1066 2091 recentiore
1104 2043 1285 2102 artaba,
1327 2057 1459 2105 quem
1495 2056 1634 2103 supra

97 2112 425 2160 illustravimus
451 2111 499 2172 (S
526 2112 613 2172 39).

204 2183 380 2245 Excipit
413 2184 524 2230 haec
556 2179 717 2245 κόρος
743 2179 776 2233 ὁ
801 2180 1126 2245 Φοινικικός,
1158 2187 1232 2233 cui
1254 2184 1366 2230 XXX
1392 2179 1524 2232 ςάτα
1552 2183 1632 2229 tri-

98 2255 329 2311 buuntur3
356 2249 519 2304 ςάτον
545 2261 695 2302 autem
725 2257 1083 2317 sesquimodium
1108 2256 1276 2302 hahere
1301 2249 1531 2312 dicitur4).

206 2327 318 2372 Tum
341 2325 491 2385 congii
512 2326 715 2386 pondera
737 2328 840 2373 vino
864 2326 932 2373 vel
957 2327 1061 2374 oleo
1081 2327 1151 2373 vel
1171 2326 1304 2373 melle
1331 2324 1507 2385 impleti
1528 2337 1631 2384 per-

213 2462 255 2514 3)
298 2461 506 2514 Scriptor
542 2462 659 2503 nihil
698 2463 790 2504 nisi
826 2463 914 2505 hoc
945 2464 1100 2506 dicere
1131 2463 1313 2505 videtur
1343 2461 1555 2515 congium
1587 2463 1634 2501 et

99 2518 243 2570 κάβον
275 2518 394 2558 fere
429 2518 614 2559 easdem
644 2531 882 2561 mensuras
905 2519 1192 2574 significare3
1227 2519 1302 2560 eui
1333 2518 1402 2559 rei
1432 2530 1522 2558 non
1554 2517 1633 2558 ob·

99 2581 194 2617 stat
226 2575 342 2628 quod
376 2575 432 2615 ab
464 2575 724 2628 Epiphanio
757 2575 831 2627 (fr.
864 2577 942 2629 82,
977 2577 1045 2628 11)
1088 2575 1283 2628 aliisque
1325 2574 1442 2616 cabo
1473 2576 1500 2614 4
1530 2585 1630 2615 sex-

99 2633 208 2673 tarii
239 2631 519 2672 tribuuntur.

211 2687 258 2739 4)
313 2686 388 2728 Sic
427 2686 689 2728 Boeckhius
728 2701 770 2741 p.
805 2689 887 2729 259
931 2688 1083 2729 locum
1127 2691 1255 2729 recte
1301 2687 1631 2741 interpretatus

101 2748 183 2786 cst.
244 2745 344 2798 Ego
378 2745 516 2784 etiam
548 2745 695 2809 ipsam
728 2745 1003 2800 scripturam
1037 2744 1357 2798 corrigendam
1390 2756 1493 2784 esse
1527 2755 1633 2783 cen-

99 2802 192 2852 sui3
224 2813 330 2841 nam
365 2798 462 2851 μοδ.
493 2799 550 2840 τὸ
581 2794 621 2841 ,S'
640 2833 650 2853 ‚
693 2800 810 2853 quod
848 2800 954 2842 libri
991 2801 1188 2866 habent,
1231 2800 1536 2842 semodium
1566 2799 1628 2839 si-

99 2832 369 2910 gni’ficaret3
403 2858 568 2910 scripsi
599 2857 740 2911 igitur
772 2855 928 2907 μόδιος
962 2851 1044 2899 α’..Ξ
1102 2858 1228 2900 Idem
1260 2855 1401 2899 ςάτον
1434 2856 1491 2897 ab
1521 2855 1633 2910 Epi-

98 2913 268 2966 phanio
309 2912 381 2964 (fr.
413 2914 489 2963 82,
524 2914 549 2954 8
582 2912 636 2964 s.)
676 2911 830 2964 μόδιος
873 2913 1136 2967 appellatur
1175 2915 1309 2967 eique
1346 2914 1401 2954 22
1440 2911 1630 2953 sextarii

98 2970 380 3020 tribuuntur,
417 2981 531 3022 quae
564 2969 682 3011 ratio
715 2981 815 3011 eum
846 2970 935 3012 hac
966 2970 1127 3013 tabula
1158 2971 1256 3013 fere
1290 2969 1517 3022 congruit·
