1946 3220
411 711 561 752 Pauca
590 714 632 751 in
662 712 903 753 universum
926 714 1040 754 dicta
1064 715 1408 766 praemittuntur.
1433 728 1441 735 ·

249 797 296 843 In
323 798 537 844 Romanis
574 800 877 860 scriptoribus
914 814 967 846 ex
994 801 1152 847 ordine
1180 803 1508 862 componendis
1537 803 1668 851 aliam
1696 799 1796 850 109

67 862 81 890 '³
138 870 365 927 rationem
386 870 515 930 sequi
536 869 773 916 debuimus
797 884 847 916 ac
866 872 993 930 prius
1019 871 1065 916 in
1085 871 1265 918 Graecis
1290 871 1512 934 reliquiis.
1558 874 1668 921 Nam

61 958 95 982 A
131 931 243 986 ‘cum
278 953 332 985 ex
370 939 461 985 illis
496 939 636 1000 longe
670 940 867 1000 plurima
901 947 946 986 et
983 943 1168 987 incertis
1204 942 1466 988 auctoribus
1501 944 1667 990 tradita

139 1015 294 1055 essent
319 1016 365 1055 et
390 1009 445 1056 de
465 1010 718 1071 plerisque,
747 1025 834 1071 qua
855 1017 1003 1058 aetate
1023 1018 1123 1057 orta
1145 1018 1313 1070 essent,
1341 1013 1665 1073 ambigeretur,

137 1092 315 1125 omnem
350 1082 586 1127 materiam
622 1083 669 1126 in
706 1081 907 1142 quinque
941 1083 1134 1128 maiores
1169 1088 1322 1142 partes
1357 1082 1663 1143 distinximus,
1734 1093 1739 1098 “

135 1156 272 1211 atque
298 1152 344 1196 in
382 1150 576 1212 singulis
613 1151 792 1196 demum
829 1151 1061 1213 partibus,
1098 1158 1318 1212 quantum
1350 1151 1448 1198 fieri
1482 1160 1660 1214 posset,

133 1226 394 1280 temporum
433 1221 637 1267 ordinem
674 1224 820 1268 secuti
856 1235 1026 1268 sumus.
1104 1222 1190 1267 Sed
1226 1223 1272 1267 in
1307 1222 1395 1269 hoc
1431 1223 1662 1270 volumine

135 1304 237 1337 cum
281 1292 517 1338 maximam
560 1298 734 1352 partem
781 1294 893 1338 certi
935 1293 1185 1352 scriptores
1227 1292 1351 1353 iique
1388 1292 1660 1340 nobilissimi

59 1394 66 1399 «-
133 1363 262 1421 quasi
300 1367 439 1408 testes
475 1362 754 1423 producendi
789 1368 968 1420 essent,
1003 1368 1174 1408 certam
1215 1369 1468 1422 temporum
1496 1363 1660 1409 seriem

131 1431 414 1479 constituere
440 1432 569 1479 licuit
595 1446 620 1477 a
647 1432 850 1478 Varrone
876 1444 1024 1492 usque
1050 1432 1102 1478 ad
1129 1432 1410 1478 Priscianum
1437 1439 1483 1478 et
1508 1431 1661 1479 Victo-

130 1501 263 1547 rium.
341 1502 452 1548 Tum
488 1504 754 1563 priusquam
791 1503 845 1548 ad
877 1502 1129 1559 Isidorum,
1178 1502 1267 1547 hoc
1303 1509 1373 1547 est
1409 1503 1654 1562 septimum

130 1571 389 1631 saeculum,
417 1572 738 1629 transiremus,
775 1574 973 1618 carmina
999 1572 1088 1618 duo
1116 1572 1171 1617 de
1197 1571 1473 1632 ponderibus
1498 1572 1656 1632 posui·

127 1655 258 1699 muS,
287 1657 480 1702 quorum
506 1643 697 1688 alterum
724 1642 820 1688 fere
847 1649 1036 1703 quarto,
1063 1641 1256 1687 alterum
1283 1643 1444 1702 quinto
1470 1648 1655 1687 sextove

48 1750 57 1765 k
130 1712 312 1759 saeculo
340 1715 560 1773 scriptum
588 1726 688 1759 esse
717 1713 908 1758 videtur.
960 1713 1161 1772 Denique
1196 1718 1301 1772 post
1324 1712 1556 1757 isidorum
1582 1725 1654 1758 re-

48 1811 53 1814 -
126 1782 234 1829 licta
260 1789 368 1828 sunt
391 1797 536 1843 pauca
561 1783 831 1845 fragmenta,
860 1796 973 1843 quae
999 1782 1240 1827 manifesta
1263 1780 1428 1828 aetatis
1454 1787 1562 1826 nota
1582 1794 1654 1827 ca·

127 1860 308 1907 rerent;
348 1853 424 1898 sed
454 1853 564 1899 satis
591 1852 827 1913 probabile
855 1852 1107 1908 videbatur,
1136 1852 1222 1896 etsi
1250 1852 1381 1910 origo
1408 1850 1655 1896 nonnullo-

98 1937 229 1970 -rum
256 1924 310 1969 ad
345 1925 503 1983 priora
533 1930 736 1983 tempora
763 1924 1043 1989 pertineret,
1082 1927 1232 1967 tamen
1271 1921 1315 1965 in
1343 1933 1439 1965 eam
1466 1920 1656 1966 formam

54 2008 58 2017 ’
127 2008 243 2055 quae
269 1993 470 2047 in,libris
497 2008 631 2040 manu
658 1994 846 2054 scriptis
874 1998 1022 2038 exstat
1057 1991 1156 2036 illas
1192 1990 1409 2051 reliquias
1435 2004 1526 2036 non
1554 1996 1659 2036 ante

43 2082 50 2087 ·
125 2064 292 2110 Isidori
320 2070 530 2122 aetatem,
558 2064 724 2110 multas
752 2064 886 2109 etiam
914 2062 1147 2122 aliquanto
1175 2067 1281 2122 post
1307 2061 1512 2107 redactas
1540 2073 1655 2106 esse.

41 2134 46 2142 '
232 2134 265 2180 E
290 2135 506 2181 Varronis
532 2134 660 2180 libris
690 2140 780 2180 tres
806 2134 936 2179 locos
975 2133 1267 2192 gravissimos
1305 2130 1409 2177 illos
1436 2130 1657 2190 elegimus

128 2205 297 2267 quibus
323 2205 378 2251 de
403 2205 597 2266 pecunia
625 2206 803 2264 signata
830 2210 876 2249 et
902 2204 957 2248 de
983 2204 1081 2263 agri
1107 2202 1334 2248 mensuris
1362 2200 1525 2260 agitur.
1589 2199 1658 2244 'Ad

126 2290 273 2337 quos,
313 2277 351 2322 si
377 2276 616 2337 perpetuis
644 2275 982 2321 commentariis
1009 2275 1055 2318 in
1082 2273 1165 2318 hac
1189 2271 1471 2332 praefatione
1499 2280 1656 2314 omnes

36 2363 67 2380 -·
125 2346 376 2407 scriptores
402 2346 635 2392 illustrare
661 2345 906 2401 vellemus,
947 2343 1090 2389 multa
1114 2336 1203 2388 hoc
1227 2342 1328 2387 loco
1356 2338 1557 2385 addenda
1584 2352 1655 2384 es-

50 2422 57 2445 -’
124 2422 251 2470 sent;
291 2422 337 2462 at
370 2430 475 2463 cum
510 2430 563 2463 ea
600 2422 775 2462 tantum
817 2413 1042 2475 explicare
1079 2412 1371 2474 propositum
1399 2411 1458 2454 sit
1485 2407 1654 2469 quibus

32 2507 58 2518 ··-
125 2486 274 2533 aditus
303 2489 433 2549 quasi
458 2486 697 2548 patefieret
724 2485 778 2532 ad
804 2485 1124 2530 auctoritatem
1152 2480 1437 2540 singulorum
1459 2478 1654 2539 scripto·

123 2570 223 2603 rum
250 2564 376 2605 recte
401 2557 725 2612 adhibendam,
762 2554 875 2600 nihil
914 2554 1002 2599 tale
1037 2551 1273 2612 postulare
1309 2549 1484 2595 videtur
1507 2547 1651 2594 Varro

16 2644 58 2680 ³1
124 2634 284 2675 auctor
311 2629 511 2675 omnium
530 2626 943 2687 locupletissimus.

330 2766 397 2806 De
430 2765 677 2806 Columellae
710 2761 852 2802 tabula
880 2770 1167 2800 mensurarum
1197 2756 1437 2809 aqrestium.

230 2853 362 2899 Initio
407 2851 511 2898 libri
557 2849 705 2911 quinti
756 2848 810 2893 de
849 2860 898 2892 re
932 2846 1103 2892 rustica
1139 2842 1386 2890 Columella
1422 2843 1572 2888 omnia
1608 2854 1656 2887 se
1689 2831 1781 2883 110

42 2958 54 2967 .
124 2924 340 2986 persequi
366 2935 506 2983 posse
531 2926 668 2981 negat
696 2931 812 2980 quae
839 2917 892 2963 ab
920 2916 1018 2964 aliis
1057 2914 1181 2961 velut
1207 2915 1373 2961 omissa
1399 2912 1655 2958 desideren-

1365 2991 1438 3042 1*
