1946 3220
574 170 907 210 sont-vomis
943 169 1209 208 noumos.
1319 210 1326 213 ,
1582 154 1648 208 31

56 319 58 321 -
125 284 378 334 Schenkelii
408 286 633 332 sententia
657 283 940 347 probabilior
963 284 1167 344 videtur,
1197 285 1275 332 sed
1302 299 1398 333 rem
1423 286 1469 332 iu
1499 285 1651 332 medio

63 418 66 419 ⁷
124 354 360 418 relinquo,
396 357 610 418 quoniam
639 357 809 403 certius
839 355 1054 404 iudicium
1083 355 1182 404 fieri
1217 369 1308 403 non
1345 369 1482 418 posse
1517 356 1650 402 intel—

20 469 22 471 .
48 437 51 442 ·
123 427 228 487 lego
253 427 341 472 nisi
367 425 687 473 subtilioribus
714 426 1059 487 quaestionibus
1086 426 1141 474 de
1166 439 1216 474 re
1250 427 1438 474 metrica
1466 427 1650 474 institu-

0 512 39 554 ρ·
126 497 202 555 tis,
230 510 345 558 quae
371 496 541 543 alienae
567 503 674 542 sunt
698 496 753 542 ab
784 497 872 544 hoc
900 496 1018 544 loco,

233 633 301 673 De
330 634 517 674 carmine
548 645 628 687 quo
658 632 794 675 librae
819 639 975 687 partes
1004 633 1191 676 breviter
1221 633 1532 676 describuntur.

28 776 32 777 ⁷
227 719 421 767 Carmini
444 720 500 767 de
524 719 806 782 ponderibus
840 721 894 768 de
930 735 1022 782 quo
1056 721 1203 768 adhuc
1236 721 1431 767 diximus
1465 723 1511 767 in
1548 716 1761 783 qui-119

16 823 49 850 4,
118 789 307 837 husdam
335 789 466 838 libris
492 804 628 838 manu
653 792 838 852 scriptis
868 791 924 851 (v.
952 788 1112 854 praef.)
1149 791 1409 838 adiunctum
1431 799 1510 838 —est
1535 791 1647 838 alte-

25 871 36 930 ss
118 874 220 906 rum
249 860 430 908 brevius
458 860 513 907 ab
539 860 627 908 alio
654 863 879 923 scriptore
906 869 1085 920 ortum,
1123 876 1214 924 quo
1239 861 1382 908 librae
1409 863 1502 908 sive
1529 862 1645 909 assis

118 937 274 991 partes
308 931 505 978 breviter
540 930 825 993 explicantur
860 928 931 993 (fr.
972 931 1105 992 121).
1183 931 1231 978 ld
1267 932 1428 993 quinto
1467 932 1646 978 demum

12 1046 17 1061 Ἴ,
45 1000 50 1003 “
117 1000 185 1047 vel
210 1003 367 1062 potius
387 1008 516 1049 sexto
545 1002 728 1050 saeculo
750 1003 968 1064 scriptum
995 1017 1095 1050 esse
1120 1001 1422 1064 probabiliter
1448 1004 1646 1049 coniecit

23 1081 26 1083 ·
47 1096 50 1099 ·
118 1070 412 1119 Schenkelius
423 1068 472 1135 ¹).

29 1187 34 1193 ,
222 1141 271 1188 ln
304 1144 391 1190 hoc
417 1144 615 1190 carmine
643 1143 831 1204 perinde
857 1149 995 1204 atque
1022 1145 1071 1190 in
1100 1142 1179 1191 illo
1205 1144 1444 1205 superiore
1469 1139 1548 1206 (vs.
1574 1141 1643 1190 45

28 1254 36 1274 Ἴ.
118 1211 270 1276 -52)
305 1215 503 1274 primum
527 1213 669 1261 librae
695 1220 850 1275 partes
877 1213 1182 1262 duodenariae
1209 1220 1552 1282 enumerantur-
1562 1213 1644 1273 (vs.

23 1328 35 1339 „
118 1282 299 1342 1—7)‚
335 1284 498 1345 quibus
538 1284 718 1331 additur
754 1285 986 1332 sescuncia
1024 1285 1253 1332 unciolae
1286 1285 1494 1332 mediam
1531 1287 1649 1330 iun-

39 1376 42 1378 -
112 1366 258 1413 qens,
284 1354 340 1400 11.Α
356 1368 395 1401 e.
423 1367 475 1401 ex
501 1356 636 1402 uncia
661 1369 750 1402 una
782 1362 828 1402 ct
859 1354 1040 1401 dimidia
1069 1357 1335 1418 composita.

219 1423 332 1470 Tum
374 1426 572 1486 scriptor
607 1438 699 1471 non
734 1424 882 1472 solum
926 1433 1250 1473 commemorat
1289 1427 1448 1473 unciae
1485 1426 1647 1473 vicesi-

112 1507 227 1540 mam
258 1502 463 1555 quartam
489 1502 663 1556 partem
692 1509 793 1542 esse
819 1495 1097 1556 scripulum,
1125 1497 1202 1543 sed
1234 1497 1356 1544 addit
1382 1497 1516 1543 etiam
1545 1495 1645 1557 ple-

35 1607 37 1609 .
112 1578 214 1611 nam
240 1567 399 1612 unciae
425 1565 692 1612 divisionem
717 1566 856 1613 hanc:

181 1649 290 1696 pars
316 1635 496 1682 dimidia
522 1642 593 1682 est
620 1643 763 1683 stater
788 1637 880 1682 sive
906 1638 1132 1683 semuncia
1147 1633 1180 1699 ²)

182 1731 250 1739 —
324 1707 460 1752 tertia
514 1730 574 1738 —
617 1706 730 1753 duae
758 1706 962 1753 sextulae
995 1709 1087 1753 sive
1112 1706 1261 1754 duella
1274 1702 1331 1766 ³).

180 1800 252 1809 —
327 1783 488 1837 quarta
513 1800 583 1810 -
623 1776 762 1823 siclus
789 1778 881 1823 sive
906 1778 1105 1824 sicilicus
1136 1779 1226 1824 sive
1253 1777 1361 1824 sicel
1374 1772 1408 1837 4)

181 1872 250 1880 —
326 1854 451 1893 sexta
512 1872 576 1879 —
616 1847 790 1899 sextula
817 1849 910 1893 sive
936 1846 1079 1894 sescla

179 1942 250 1953 —
323 1925 477 1965 octava
508 1941 576 1950 —
615 1917 799 1978 dragma
826 1919 917 1964 sive
943 1918 1041 1965 olce

179 2013 250 2022 —
321 1988 597 2034 duodenaria
629 1995 700 2034 est
726 1988 908 2035 dimidia
935 1984 1155 2047 sextula⁵)

177 2084 250 2094 -
319 2059 536 2119 vigesima
565 2066 726 2120 quarta
752 2066 821 2105 est
849 2058 1078 2120 scripulus
1106 2059 1198 2106 sive
1225 2071 1440 2119 gramma.

31 2165 62 2173 -
108 2128 308 2192 Denique
333 2129 522 2190 scripuli
547 2136 702 2190 partes
726 2130 810 2176 hae
834 2137 1092 2191 ponuntur:

43 2212 48 2216 ’
363 2200 543 2246 dimidia
573 2206 644 2246 est
682 2196 888 2262 obolus⁶)

362 2276 523 2332 quarta
580 2295 640 2303 —
681 2279 855 2317 cerates
866 2267 898 2333 ⁷)

362 2349 486 2387 sexta
580 2366 637 2374 —
681 2340 845 2402 siliqua

177 2538 181 2540 ·
223 2519 263 2573 1)
295 2519 346 2561 P.
380 2521 434 2562 58
467 2520 569 2562 adn.
605 2519 923 2561 commentarii
953 2531 1091 2572 supra
1122 2532 1165 2572 p.
1199 2519 1253 2558 26
1285 2517 1389 2558 adn.
1422 2518 1448 2557 2
1486 2516 1636 2560 citati.

35 2618 42 2622 „
106 2576 207 2618 Non
254 2579 359 2630 post
407 2580 583 2618 sextum
624 2576 859 2618 saeculum
901 2588 1085 2616 carmen
1125 2574 1343 2628 scriptum
1385 2584 1486 2616 esse
1525 2573 1636 2615 inde

23 2670 38 2677 ..
109 2632 331 2685 efficitur,
364 2633 481 2687 quod
514 2646 566 2675 eo
594 2633 799 2675 Isidorus
827 2644 936 2674 usus
970 2634 1052 2672 est.

219 2690 263 2742 2)
294 2689 348 2731 V.
380 2689 492 2731 Isid.
526 2690 582 2732 fr.
615 2691 712 2743 125,
746 2691 810 2730 16.

218 2745 262 2798 3)
293 2745 410 2788 Ibid.
443 2747 510 2790 15.

217 2802 263 2854 4)
293 2801 409 2845 Ibid.
443 2802 510 2843 18.

218 2856 262 2910 5)
293 2859 346 2900 V.
377 2857 535 2900 Volus.
566 2859 716 2900 Maec.
750 2857 774 2907 ἓ
805 2858 858 2899 31
892 2860 937 2897 et
968 2867 1104 2909 supra
1135 2854 1248 2909 prol.
1279 2855 1305 2906 ξ
1337 2857 1432 2897 117.

217 2914 262 2967 6)
292 2914 454 2956 Isidor.
489 2914 547 2956 fr.
579 2916 674 2964 125,
711 2915 776 2954 11.

219 2971 261 3021 7)
293 2970 410 3013 Ibid.
444 2972 512 3012 10.
