<?xml version="1.0" encoding="UTF-8"?>
<!DOCTYPE html PUBLIC "-//W3C//DTD XHTML 1.0 Transitional//EN"
    "http://www.w3.org/TR/xhtml1/DTD/xhtml1-transitional.dtd">
<html xmlns="http://www.w3.org/1999/xhtml" xml:lang="en" lang="en">
 <head>
  <title>
</title>
<meta http-equiv="Content-Type" content="text/html;charset=utf-8" />
  <meta name='ocr-system' content='tesseract 3.04.00' />
  <meta name='ocr-capabilities' content='ocr_page ocr_carea ocr_par ocr_line ocrx_word'/>
</head>
<body>
  <div class='ocr_page' id='page_1' title='image "./metrologicorumsc01hultuoft_0322.png"; bbox 0 0 1946 3220; ppageno 0'>
   <div class='ocr_carea' id='block_1_1' title="bbox 324 146 1851 216">
    <p class='ocr_par' dir='ltr' id='par_1_1' title="bbox 324 146 1851 216">
     <span class='ocr_line' id='line_1_1' title="bbox 324 146 1851 216; baseline -0.005 -14"><span class='ocrx_word' id='word_1_1' title='bbox 324 149 431 202; x_wconf 79' lang='lat'>294</span> <span class='ocrx_word' id='word_1_2' title='bbox 937 161 1253 196; x_wconf 70' lang='lat' dir='ltr'><strong>FRAGMENTA</strong></span> <span class='ocrx_word' id='word_1_3' title='bbox 1750 146 1851 216; x_wconf 84' lang='lat'>[92]</span> 
     </span>
    </p>
   </div>
   <div class='ocr_carea' id='block_1_2' title="bbox 323 268 1849 337">
    <p class='ocr_par' dir='ltr' id='par_1_2' title="bbox 323 268 1849 337">
     <span class='ocr_line' id='line_1_2' title="bbox 323 268 1849 337; baseline -0.002 -9"><span class='ocrx_word' id='word_1_4' title='bbox 323 275 450 328; x_wconf 85' lang='grc' dir='ltr'>ἴςως</span> <span class='ocrx_word' id='word_1_5' title='bbox 487 276 546 327; x_wconf 83' lang='grc' dir='ltr'>δὲ</span> <span class='ocrx_word' id='word_1_6' title='bbox 578 271 911 337; x_wconf 90' lang='grc' dir='ltr'>νομιςμάτων</span> <span class='ocrx_word' id='word_1_7' title='bbox 937 268 1217 337; x_wconf 83' lang='grc' dir='ltr'>καταλόγῳ</span> <span class='ocrx_word' id='word_1_8' title='bbox 1245 269 1596 335; x_wconf 87' lang='grc' dir='ltr'>προςήκουςιν</span> <span class='ocrx_word' id='word_1_9' title='bbox 1623 270 1672 324; x_wconf 85' lang='grc' dir='ltr'>οἱ</span> <span class='ocrx_word' id='word_1_10' title='bbox 1700 271 1849 336; x_wconf 86' lang='grc' dir='ltr'>Κροί-</span> 
     </span>
    </p>
   </div>
   <div class='ocr_carea' id='block_1_3' title="bbox 325 353 1932 421">
    <p class='ocr_par' dir='ltr' id='par_1_3' title="bbox 325 353 1932 421">
     <span class='ocr_line' id='line_1_3' title="bbox 325 353 1932 421; baseline 0 -10"><span class='ocrx_word' id='word_1_11' title='bbox 325 376 452 413; x_wconf 91' lang='grc' dir='ltr'>ςειοι</span> <span class='ocrx_word' id='word_1_12' title='bbox 493 361 741 421; x_wconf 85' lang='grc' dir='ltr'>ςτατῆρες</span> <span class='ocrx_word' id='word_1_13' title='bbox 774 355 858 407; x_wconf 89' lang='grc' dir='ltr'>καὶ</span> <span class='ocrx_word' id='word_1_14' title='bbox 892 353 1194 407; x_wconf 87' lang='grc' dir='ltr'>Φιλίππειοι</span> <span class='ocrx_word' id='word_1_15' title='bbox 1226 354 1310 406; x_wconf 87' lang='grc' dir='ltr'>καὶ</span> <span class='ocrx_word' id='word_1_16' title='bbox 1344 354 1625 419; x_wconf 80' lang='grc' dir='ltr'>Δαρεικοί,</span> <span class='ocrx_word' id='word_1_17' title='bbox 1669 356 1753 410; x_wconf 84' lang='grc' dir='ltr'>καὶ</span> <span class='ocrx_word' id='word_1_18' title='bbox 1787 356 1851 410; x_wconf 87' lang='grc' dir='ltr'>τὸ</span> <span class='ocrx_word' id='word_1_19' title='bbox 1928 358 1932 361; x_wconf 49' lang='lat'><strong>⁴</strong></span> 
     </span>
    </p>
   </div>
   <div class='ocr_carea' id='block_1_4' title="bbox 240 438 1856 2370">
    <p class='ocr_par' dir='ltr' id='par_1_4' title="bbox 240 438 1856 2370">
     <span class='ocr_line' id='line_1_4' title="bbox 263 438 1852 506; baseline 0.003 -17"><span class='ocrx_word' id='word_1_20' title='bbox 263 456 302 489; x_wconf 82' lang='lat'>85</span> <span class='ocrx_word' id='word_1_21' title='bbox 328 441 653 506; x_wconf 87' lang='grc' dir='ltr'>Βερενίκειον</span> <span class='ocrx_word' id='word_1_22' title='bbox 697 439 920 504; x_wconf 91' lang='grc' dir='ltr'>νόμιςμα</span> <span class='ocrx_word' id='word_1_23' title='bbox 966 438 1051 491; x_wconf 89' lang='grc' dir='ltr'>καὶ</span> <span class='ocrx_word' id='word_1_24' title='bbox 1085 438 1485 503; x_wconf 85' lang='grc' dir='ltr'>Ἀλεξάνδρειον</span> <span class='ocrx_word' id='word_1_25' title='bbox 1530 439 1615 491; x_wconf 85' lang='grc' dir='ltr'>καὶ</span> <span class='ocrx_word' id='word_1_26' title='bbox 1647 439 1852 494; x_wconf 92' lang='grc' dir='ltr'>Πτολε-</span> 
     </span>
     <span class='ocr_line' id='line_1_5' title="bbox 324 522 1853 589; baseline 0.001 -12"><span class='ocrx_word' id='word_1_27' title='bbox 324 526 511 589; x_wconf 87' lang='grc' dir='ltr'>μαϊκὸν</span> <span class='ocrx_word' id='word_1_28' title='bbox 547 525 631 577; x_wconf 88' lang='grc' dir='ltr'>καὶ</span> <span class='ocrx_word' id='word_1_29' title='bbox 657 524 1051 589; x_wconf 80' lang='grc' dir='ltr'>Δημαρέτειον,</span> <span class='ocrx_word' id='word_1_30' title='bbox 1091 522 1171 577; x_wconf 83' lang='grc' dir='ltr'>ὧν</span> <span class='ocrx_word' id='word_1_31' title='bbox 1206 523 1334 576; x_wconf 87' lang='grc' dir='ltr'>τοὺς</span> <span class='ocrx_word' id='word_1_32' title='bbox 1359 523 1680 588; x_wconf 81' lang='grc' dir='ltr'>ἐπωνύμους</span> <span class='ocrx_word' id='word_1_33' title='bbox 1712 541 1853 586; x_wconf 88' lang='grc' dir='ltr'>γνω-</span> 
     </span>
     <span class='ocr_line' id='line_1_6' title="bbox 268 607 1852 674; baseline -0.002 -8"><span class='ocrx_word' id='word_1_34' title='bbox 268 627 293 666; x_wconf 85' lang='lat'>5</span> <span class='ocrx_word' id='word_1_35' title='bbox 325 609 582 674; x_wconf 80' lang='grc' dir='ltr'>ριζόντων</span> <span class='ocrx_word' id='word_1_36' title='bbox 609 608 886 672; x_wconf 76' lang='grc' dir='ltr'>ἁπάντων,</span> <span class='ocrx_word' id='word_1_37' title='bbox 911 608 943 673; x_wconf 82' lang='grc' dir='ltr'>ἡ</span> <span class='ocrx_word' id='word_1_38' title='bbox 966 608 1250 673; x_wconf 83' lang='grc' dir='ltr'>Δημαρέτη</span> <span class='ocrx_word' id='word_1_39' title='bbox 1276 608 1517 663; x_wconf 86' lang='grc' dir='ltr'>Γέλωνος</span> <span class='ocrx_word' id='word_1_40' title='bbox 1545 607 1676 661; x_wconf 80' lang='grc' dir='ltr'>οὗςα</span> <span class='ocrx_word' id='word_1_41' title='bbox 1699 609 1852 674; x_wconf 82' lang='grc' dir='ltr'>γυνή,</span> 
     </span>
     <span class='ocr_line' id='line_1_7' title="bbox 322 691 1854 759; baseline 0 -13"><span class='ocrx_word' id='word_1_42' title='bbox 322 694 454 746; x_wconf 89' lang='grc' dir='ltr'>κατὰ</span> <span class='ocrx_word' id='word_1_43' title='bbox 496 693 592 747; x_wconf 89' lang='grc' dir='ltr'>τὸν</span> <span class='ocrx_word' id='word_1_44' title='bbox 636 693 774 759; x_wconf 86' lang='grc' dir='ltr'>πρὸς</span> <span class='ocrx_word' id='word_1_45' title='bbox 815 692 942 746; x_wconf 83' lang='grc' dir='ltr'>τοὺς</span> <span class='ocrx_word' id='word_1_46' title='bbox 989 691 1183 757; x_wconf 84' lang='grc' dir='ltr'>Λίβυας</span> <span class='ocrx_word' id='word_1_47' title='bbox 1228 692 1467 757; x_wconf 89' lang='grc' dir='ltr'>πόλεμον</span> <span class='ocrx_word' id='word_1_48' title='bbox 1513 693 1854 758; x_wconf 72' lang='grc' dir='ltr'>ἀποροῦντος</span> 
     </span>
     <span class='ocr_line' id='line_1_8' title="bbox 324 776 1853 843; baseline 0.001 -13"><span class='ocrx_word' id='word_1_49' title='bbox 324 778 489 831; x_wconf 81' lang='grc' dir='ltr'>αὐτοῦ</span> <span class='ocrx_word' id='word_1_50' title='bbox 522 777 619 831; x_wconf 91' lang='grc' dir='ltr'>τὸν</span> <span class='ocrx_word' id='word_1_51' title='bbox 658 776 855 843; x_wconf 89' lang='grc' dir='ltr'>κόςμον</span> <span class='ocrx_word' id='word_1_52' title='bbox 893 776 1204 842; x_wconf 84' lang='grc' dir='ltr'>αἰτηςαμὲνη</span> <span class='ocrx_word' id='word_1_53' title='bbox 1241 777 1386 842; x_wconf 91' lang='grc' dir='ltr'>παρὰ</span> <span class='ocrx_word' id='word_1_54' title='bbox 1421 779 1533 831; x_wconf 84' lang='grc' dir='ltr'>τῶν</span> <span class='ocrx_word' id='word_1_55' title='bbox 1566 779 1853 840; x_wconf 77' lang='grc' dir='ltr'>γυναικῶν,</span> 
     </span>
     <span class='ocr_line' id='line_1_9' title="bbox 324 859 1260 928; baseline -0.001 -14"><span class='ocrx_word' id='word_1_56' title='bbox 324 861 730 928; x_wconf 82' lang='grc' dir='ltr'>ςυγχωνεύςαςα</span> <span class='ocrx_word' id='word_1_57' title='bbox 759 861 982 927; x_wconf 87' lang='grc' dir='ltr'>νόμιςμα</span> <span class='ocrx_word' id='word_1_58' title='bbox 1008 859 1260 926; x_wconf 82' lang='grc' dir='ltr'>ἐκόψατο.</span> 
     </span>
     <span class='ocr_line' id='line_1_10' title="bbox 430 958 1853 1026; baseline 0 -13"><span class='ocrx_word' id='word_1_59' title='bbox 430 960 605 1014; x_wconf 81' lang='grc' dir='ltr'>Τοῦτό</span> <span class='ocrx_word' id='word_1_60' title='bbox 632 977 692 1022; x_wconf 93' lang='grc' dir='ltr'>γε</span> <span class='ocrx_word' id='word_1_61' title='bbox 718 961 820 1026; x_wconf 85' lang='grc' dir='ltr'>μὴν</span> <span class='ocrx_word' id='word_1_62' title='bbox 859 960 957 1014; x_wconf 84' lang='grc' dir='ltr'>οὐκ</span> <span class='ocrx_word' id='word_1_63' title='bbox 990 958 1239 1024; x_wconf 80' lang='grc' dir='ltr'>ἄκαιρον,</span> <span class='ocrx_word' id='word_1_64' title='bbox 1275 958 1357 1012; x_wconf 87' lang='grc' dir='ltr'>ὅτι</span> <span class='ocrx_word' id='word_1_65' title='bbox 1392 959 1455 1012; x_wconf 90' lang='grc' dir='ltr'>τὸ</span> <span class='ocrx_word' id='word_1_66' title='bbox 1491 960 1853 1025; x_wconf 78' lang='grc' dir='ltr'>μὲνἊττικὸν</span> 
     </span>
     <span class='ocr_line' id='line_1_11' title="bbox 242 1038 1854 1122; baseline 0.001 -25"><span class='ocrx_word' id='word_1_67' title='bbox 242 1038 303 1122; x_wconf 57' lang='grc' dir='ltr'>Ῑξδ</span> <span class='ocrx_word' id='word_1_68' title='bbox 324 1045 590 1098; x_wconf 86' lang='grc' dir='ltr'>τάλαντον</span> <span class='ocrx_word' id='word_1_69' title='bbox 617 1044 955 1110; x_wconf 82' lang='grc' dir='ltr'>ἑξακιςχιλίας</span> <span class='ocrx_word' id='word_1_70' title='bbox 982 1043 1210 1097; x_wconf 81' lang='grc' dir='ltr'>ἐδύνατο</span> <span class='ocrx_word' id='word_1_71' title='bbox 1239 1044 1476 1109; x_wconf 89' lang='grc' dir='ltr'>δραχμὰς</span> <span class='ocrx_word' id='word_1_72' title='bbox 1499 1044 1754 1108; x_wconf 77' lang='grc' dir='ltr'>Ἀττικάς,</span> <span class='ocrx_word' id='word_1_73' title='bbox 1790 1045 1854 1098; x_wconf 90' lang='grc' dir='ltr'>τὸ</span> 
     </span>
     <span class='ocr_line' id='line_1_12' title="bbox 324 1127 1855 1195; baseline 0.001 -14"><span class='ocrx_word' id='word_1_74' title='bbox 324 1130 383 1182; x_wconf 83' lang='grc' dir='ltr'>δὲ</span> <span class='ocrx_word' id='word_1_75' title='bbox 420 1130 765 1195; x_wconf 85' lang='grc' dir='ltr'>Βαβυλώνιον</span> <span class='ocrx_word' id='word_1_76' title='bbox 810 1127 1219 1193; x_wconf 85' lang='grc' dir='ltr'>ἑπτακιςχιλίας,</span> <span class='ocrx_word' id='word_1_77' title='bbox 1265 1128 1328 1180; x_wconf 89' lang='grc' dir='ltr'>τὸ</span> <span class='ocrx_word' id='word_1_78' title='bbox 1366 1129 1426 1180; x_wconf 81' lang='grc' dir='ltr'>δὲ</span> <span class='ocrx_word' id='word_1_79' title='bbox 1460 1127 1728 1190; x_wconf 87' lang='grc' dir='ltr'>Αἰγιναῖον</span> <span class='ocrx_word' id='word_1_80' title='bbox 1763 1146 1855 1193; x_wconf 88' lang='grc' dir='ltr'>μυ-</span> 
     </span>
     <span class='ocr_line' id='line_1_13' title="bbox 325 1210 1856 1278; baseline 0.001 -14"><span class='ocrx_word' id='word_1_81' title='bbox 325 1212 465 1277; x_wconf 74' lang='grc' dir='ltr'>ρίας,</span> <span class='ocrx_word' id='word_1_82' title='bbox 511 1213 574 1266; x_wconf 90' lang='grc' dir='ltr'>τὸ</span> <span class='ocrx_word' id='word_1_83' title='bbox 617 1213 677 1266; x_wconf 81' lang='grc' dir='ltr'>δὲ</span> <span class='ocrx_word' id='word_1_84' title='bbox 713 1213 898 1278; x_wconf 78' lang='grc' dir='ltr'>Εὐρων</span> <span class='ocrx_word' id='word_1_85' title='bbox 933 1210 1280 1266; x_wconf 90' lang='grc' dir='ltr'>πεντακοςίας</span> <span class='ocrx_word' id='word_1_86' title='bbox 1314 1213 1398 1264; x_wconf 88' lang='grc' dir='ltr'>καὶ</span> <span class='ocrx_word' id='word_1_87' title='bbox 1431 1211 1856 1277; x_wconf 78' lang='grc' dir='ltr'>τετρακιςχιλίας,</span> 
     </span>
     <span class='ocr_line' id='line_1_14' title="bbox 323 1294 1855 1363; baseline 0.001 -14"><span class='ocrx_word' id='word_1_88' title='bbox 323 1295 384 1349; x_wconf 88' lang='grc' dir='ltr'>τὸ</span> <span class='ocrx_word' id='word_1_89' title='bbox 421 1297 480 1350; x_wconf 83' lang='grc' dir='ltr'>δὲ</span> <span class='ocrx_word' id='word_1_90' title='bbox 509 1297 731 1351; x_wconf 80' lang='grc' dir='ltr'>Κιλίκων</span> <span class='ocrx_word' id='word_1_91' title='bbox 756 1296 1065 1363; x_wconf 83' lang='grc' dir='ltr'>τριςχιλίας,</span> <span class='ocrx_word' id='word_1_92' title='bbox 1101 1297 1164 1349; x_wconf 91' lang='grc' dir='ltr'>τὸ</span> <span class='ocrx_word' id='word_1_93' title='bbox 1191 1297 1250 1349; x_wconf 82' lang='grc' dir='ltr'>δὲ</span> <span class='ocrx_word' id='word_1_94' title='bbox 1272 1294 1571 1360; x_wconf 84' lang='grc' dir='ltr'>Αἰγυπτίων</span> <span class='ocrx_word' id='word_1_95' title='bbox 1596 1313 1855 1350; x_wconf 89' lang='grc' dir='ltr'>πεντακο-</span> 
     </span>
     <span class='ocr_line' id='line_1_15' title="bbox 326 1372 1856 1447; baseline 0.001 -15"><span class='ocrx_word' id='word_1_96' title='bbox 326 1379 434 1434; x_wconf 87' lang='grc' dir='ltr'>ςίας</span> <span class='ocrx_word' id='word_1_97' title='bbox 471 1382 555 1434; x_wconf 84' lang='grc' dir='ltr'>καὶ</span> <span class='ocrx_word' id='word_1_98' title='bbox 587 1381 784 1447; x_wconf 70' lang='grc' dir='ltr'>χιλίας,</span> <span class='ocrx_word' id='word_1_99' title='bbox 826 1381 900 1434; x_wconf 81' lang='grc' dir='ltr'>ὡς</span> <span class='ocrx_word' id='word_1_100' title='bbox 935 1381 1072 1445; x_wconf 88' lang='grc' dir='ltr'>πρὸς</span> <span class='ocrx_word' id='word_1_101' title='bbox 1114 1372 1210 1434; x_wconf 86' lang='grc' dir='ltr'>τὸν</span> <span class='ocrx_word' id='word_1_102' title='bbox 1237 1383 1329 1445; x_wconf 89' lang='grc' dir='ltr'>τῆς</span> <span class='ocrx_word' id='word_1_103' title='bbox 1363 1381 1591 1444; x_wconf 75' lang='grc' dir='ltr'>Ἀττικῆς</span> <span class='ocrx_word' id='word_1_104' title='bbox 1621 1383 1856 1446; x_wconf 88' lang='grc' dir='ltr'>δραχμῆς</span> 
     </span>
     <span class='ocr_line' id='line_1_16' title="bbox 244 1464 1854 1530; baseline 0.001 -14"><span class='ocrx_word' id='word_1_105' title='bbox 244 1472 296 1511; x_wconf 81' lang='grc'>15</span> <span class='ocrx_word' id='word_1_106' title='bbox 327 1465 606 1530; x_wconf 78' lang='grc' dir='ltr'>λογιςμόν,</span> <span class='ocrx_word' id='word_1_107' title='bbox 648 1465 828 1529; x_wconf 86' lang='grc' dir='ltr'>ὥςπερ</span> <span class='ocrx_word' id='word_1_108' title='bbox 862 1464 961 1518; x_wconf 78' lang='grc' dir='ltr'>οὖν</span> <span class='ocrx_word' id='word_1_109' title='bbox 989 1465 1073 1517; x_wconf 89' lang='grc' dir='ltr'>καὶ</span> <span class='ocrx_word' id='word_1_110' title='bbox 1100 1465 1194 1518; x_wconf 89' lang='grc' dir='ltr'>τὰς</span> <span class='ocrx_word' id='word_1_111' title='bbox 1223 1467 1356 1529; x_wconf 83' lang='grc' dir='ltr'>μνᾶς</span> <span class='ocrx_word' id='word_1_112' title='bbox 1382 1465 1476 1518; x_wconf 90' lang='grc' dir='ltr'>τὰς</span> <span class='ocrx_word' id='word_1_113' title='bbox 1499 1465 1755 1518; x_wconf 86' lang='grc' dir='ltr'>Ἀττικάς·</span> <span class='ocrx_word' id='word_1_114' title='bbox 1791 1465 1854 1518; x_wconf 91' lang='grc' dir='ltr'>τὸ</span> 
     </span>
     <span class='ocr_line' id='line_1_17' title="bbox 325 1547 1855 1614; baseline 0 -11"><span class='ocrx_word' id='word_1_115' title='bbox 325 1552 419 1614; x_wconf 81' lang='grc' dir='ltr'>μὲν</span> <span class='ocrx_word' id='word_1_116' title='bbox 445 1549 676 1604; x_wconf 84' lang='grc' dir='ltr'>Ἀττικὸν</span> <span class='ocrx_word' id='word_1_117' title='bbox 712 1549 969 1613; x_wconf 83' lang='grc' dir='ltr'>ἑξήκοντα</span> <span class='ocrx_word' id='word_1_118' title='bbox 994 1550 1126 1613; x_wconf 87' lang='grc' dir='ltr'>μνᾶς</span> <span class='ocrx_word' id='word_1_119' title='bbox 1154 1547 1289 1613; x_wconf 77' lang='grc' dir='ltr'>εἶχε,</span> <span class='ocrx_word' id='word_1_120' title='bbox 1326 1547 1388 1602; x_wconf 90' lang='grc' dir='ltr'>τὸ</span> <span class='ocrx_word' id='word_1_121' title='bbox 1416 1550 1477 1602; x_wconf 81' lang='grc' dir='ltr'>δὲ</span> <span class='ocrx_word' id='word_1_122' title='bbox 1511 1549 1855 1614; x_wconf 85' lang='grc' dir='ltr'>Βαβυλώνιον</span> 
     </span>
     <span class='ocr_line' id='line_1_18' title="bbox 326 1631 1856 1699; baseline 0.001 -13"><span class='ocrx_word' id='word_1_123' title='bbox 326 1635 703 1699; x_wconf 83' lang='grc' dir='ltr'>ἑβδομήκοντα,</span> <span class='ocrx_word' id='word_1_124' title='bbox 732 1633 794 1686; x_wconf 92' lang='grc' dir='ltr'>τὸ</span> <span class='ocrx_word' id='word_1_125' title='bbox 820 1633 879 1685; x_wconf 83' lang='grc' dir='ltr'>δὲ</span> <span class='ocrx_word' id='word_1_126' title='bbox 899 1631 1167 1695; x_wconf 81' lang='grc' dir='ltr'>Αἰγιναῖον</span> <span class='ocrx_word' id='word_1_127' title='bbox 1189 1633 1398 1697; x_wconf 80' lang='grc' dir='ltr'>ἑκατόν,</span> <span class='ocrx_word' id='word_1_128' title='bbox 1423 1632 1507 1685; x_wconf 88' lang='grc' dir='ltr'>καὶ</span> <span class='ocrx_word' id='word_1_129' title='bbox 1534 1631 1702 1685; x_wconf 81' lang='grc' dir='ltr'>τᾶλλα</span> <span class='ocrx_word' id='word_1_130' title='bbox 1727 1632 1856 1687; x_wconf 87' lang='grc' dir='ltr'>ἀνά-</span> 
     </span>
     <span class='ocr_line' id='line_1_19' title="bbox 325 1716 1856 1782; baseline 0.001 -13"><span class='ocrx_word' id='word_1_131' title='bbox 325 1720 506 1780; x_wconf 90' lang='grc' dir='ltr'>λογον.</span> <span class='ocrx_word' id='word_1_132' title='bbox 587 1719 619 1782; x_wconf 86' lang='grc' dir='ltr'>ἡ</span> <span class='ocrx_word' id='word_1_133' title='bbox 665 1719 769 1782; x_wconf 83' lang='grc' dir='ltr'>μνᾶ</span> <span class='ocrx_word' id='word_1_134' title='bbox 817 1718 875 1770; x_wconf 82' lang='grc' dir='ltr'>δὲ</span> <span class='ocrx_word' id='word_1_135' title='bbox 911 1717 986 1769; x_wconf 83' lang='grc' dir='ltr'>ὡς</span> <span class='ocrx_word' id='word_1_136' title='bbox 1021 1718 1153 1781; x_wconf 74' lang='grc' dir='ltr'>παρ’</span> <span class='ocrx_word' id='word_1_137' title='bbox 1189 1716 1481 1781; x_wconf 85' lang='grc' dir='ltr'>Ἀθηναίοις</span> <span class='ocrx_word' id='word_1_138' title='bbox 1517 1717 1706 1770; x_wconf 84' lang='grc' dir='ltr'>ἑκατὸν</span> <span class='ocrx_word' id='word_1_139' title='bbox 1745 1716 1856 1782; x_wconf 76' lang='grc' dir='ltr'>εἶχε</span> 
     </span>
     <span class='ocr_line' id='line_1_20' title="bbox 325 1800 1856 1866; baseline 0 -12"><span class='ocrx_word' id='word_1_140' title='bbox 325 1801 563 1866; x_wconf 90' lang='grc' dir='ltr'>δραχμὰς</span> <span class='ocrx_word' id='word_1_141' title='bbox 597 1801 855 1865; x_wconf 79' lang='grc' dir='ltr'>Ἀττικάς,</span> <span class='ocrx_word' id='word_1_142' title='bbox 903 1800 1048 1854; x_wconf 86' lang='grc' dir='ltr'>οὕτω</span> <span class='ocrx_word' id='word_1_143' title='bbox 1081 1801 1165 1853; x_wconf 91' lang='grc' dir='ltr'>καὶ</span> <span class='ocrx_word' id='word_1_144' title='bbox 1201 1801 1347 1866; x_wconf 88' lang='grc' dir='ltr'>παρὰ</span> <span class='ocrx_word' id='word_1_145' title='bbox 1387 1802 1500 1854; x_wconf 88' lang='grc' dir='ltr'>τοῖς</span> <span class='ocrx_word' id='word_1_146' title='bbox 1533 1800 1719 1854; x_wconf 84' lang='grc' dir='ltr'>ἄλλοις</span> <span class='ocrx_word' id='word_1_147' title='bbox 1761 1801 1856 1854; x_wconf 79' lang='grc' dir='ltr'>τὰς</span> 
     </span>
     <span class='ocr_line' id='line_1_21' title="bbox 240 1884 1855 1951; baseline -0.001 -12"><span class='ocrx_word' id='word_1_148' title='bbox 240 1892 295 1931; x_wconf 79' lang='lat'>20</span> <span class='ocrx_word' id='word_1_149' title='bbox 326 1885 646 1951; x_wconf 81' lang='grc' dir='ltr'>ἐπιχωρίους</span> <span class='ocrx_word' id='word_1_150' title='bbox 689 1884 991 1951; x_wconf 81' lang='grc' dir='ltr'>δυναμένας</span> <span class='ocrx_word' id='word_1_151' title='bbox 1042 1885 1179 1950; x_wconf 87' lang='grc' dir='ltr'>πρὸς</span> <span class='ocrx_word' id='word_1_152' title='bbox 1223 1884 1390 1947; x_wconf 89' lang='grc' dir='ltr'>λόγον</span> <span class='ocrx_word' id='word_1_153' title='bbox 1434 1887 1532 1938; x_wconf 82' lang='grc' dir='ltr'>τοῦ</span> <span class='ocrx_word' id='word_1_154' title='bbox 1570 1885 1704 1950; x_wconf 73' lang='grc' dir='ltr'>παρ’</span> <span class='ocrx_word' id='word_1_155' title='bbox 1738 1884 1855 1938; x_wconf 87' lang='grc' dir='ltr'>ἑκά-</span> 
     </span>
     <span class='ocr_line' id='line_1_22' title="bbox 326 1968 1852 2034; baseline -0.002 -11"><span class='ocrx_word' id='word_1_156' title='bbox 326 1986 464 2023; x_wconf 90' lang='grc' dir='ltr'>ςτοις</span> <span class='ocrx_word' id='word_1_157' title='bbox 506 1970 772 2023; x_wconf 88' lang='grc' dir='ltr'>ταλάντου</span> <span class='ocrx_word' id='word_1_158' title='bbox 812 1971 944 2022; x_wconf 90' lang='grc' dir='ltr'>κατά</span> <span class='ocrx_word' id='word_1_159' title='bbox 985 1986 1040 2022; x_wconf 89' lang='grc' dir='ltr'>τε</span> <span class='ocrx_word' id='word_1_160' title='bbox 1081 1969 1385 2034; x_wconf 87' lang='grc' dir='ltr'>προςθήκην</span> <span class='ocrx_word' id='word_1_161' title='bbox 1437 1968 1521 2021; x_wconf 84' lang='grc' dir='ltr'>καὶ</span> <span class='ocrx_word' id='word_1_162' title='bbox 1563 1968 1852 2034; x_wconf 86' lang='grc' dir='ltr'>ὑφαίρεςιν.</span> 
     </span>
     <span class='ocr_line' id='line_1_23' title="bbox 262 2051 1853 2119; baseline 0.002 -17"><span class='ocrx_word' id='word_1_163' title='bbox 262 2070 303 2103; x_wconf 83' lang='lat'>87</span> <span class='ocrx_word' id='word_1_164' title='bbox 325 2055 386 2107; x_wconf 90' lang='grc' dir='ltr'>τὸ</span> <span class='ocrx_word' id='word_1_165' title='bbox 421 2055 601 2119; x_wconf 83' lang='grc' dir='ltr'>μέντοι</span> <span class='ocrx_word' id='word_1_166' title='bbox 633 2053 895 2108; x_wconf 76' lang='grc' dir='ltr'>Εικελικὸν</span> <span class='ocrx_word' id='word_1_167' title='bbox 929 2053 1196 2107; x_wconf 88' lang='grc' dir='ltr'>τάλαντον</span> <span class='ocrx_word' id='word_1_168' title='bbox 1235 2053 1511 2118; x_wconf 82' lang='grc' dir='ltr'>ἐλάχιςτον</span> <span class='ocrx_word' id='word_1_169' title='bbox 1550 2051 1755 2118; x_wconf 83' lang='grc' dir='ltr'>ἴςχυεν,</span> <span class='ocrx_word' id='word_1_170' title='bbox 1791 2053 1853 2105; x_wconf 92' lang='grc' dir='ltr'>τὸ</span> 
     </span>
     <span class='ocr_line' id='line_1_24' title="bbox 326 2137 1854 2203; baseline -0.002 -12"><span class='ocrx_word' id='word_1_171' title='bbox 326 2139 420 2202; x_wconf 82' lang='grc' dir='ltr'>μὲν</span> <span class='ocrx_word' id='word_1_172' title='bbox 460 2139 709 2203; x_wconf 80' lang='grc' dir='ltr'>ἀρχαῖον,</span> <span class='ocrx_word' id='word_1_173' title='bbox 760 2138 835 2190; x_wconf 80' lang='grc' dir='ltr'>ὡς</span> <span class='ocrx_word' id='word_1_174' title='bbox 868 2138 1229 2202; x_wconf 86' lang='grc' dir='ltr'>Ἀριςτοτέλης</span> <span class='ocrx_word' id='word_1_175' title='bbox 1265 2138 1434 2202; x_wconf 84' lang='grc' dir='ltr'>λέγει,</span> <span class='ocrx_word' id='word_1_176' title='bbox 1482 2137 1735 2202; x_wconf 85' lang='grc' dir='ltr'>τέτταρας</span> <span class='ocrx_word' id='word_1_177' title='bbox 1770 2139 1854 2189; x_wconf 89' lang='grc' dir='ltr'>καὶ</span> 
     </span>
     <span class='ocr_line' id='line_1_25' title="bbox 327 2219 1852 2286; baseline -0.001 -11"><span class='ocrx_word' id='word_1_178' title='bbox 327 2221 486 2275; x_wconf 82' lang='grc' dir='ltr'>εἴκοςι</span> <span class='ocrx_word' id='word_1_179' title='bbox 511 2223 637 2275; x_wconf 86' lang='grc' dir='ltr'>τοὺς</span> <span class='ocrx_word' id='word_1_180' title='bbox 664 2221 952 2286; x_wconf 78' lang='grc' dir='ltr'>νούμμους,</span> <span class='ocrx_word' id='word_1_181' title='bbox 981 2221 1044 2274; x_wconf 90' lang='grc' dir='ltr'>τὸ</span> <span class='ocrx_word' id='word_1_182' title='bbox 1067 2221 1126 2274; x_wconf 81' lang='grc' dir='ltr'>δὲ</span> <span class='ocrx_word' id='word_1_183' title='bbox 1151 2219 1373 2285; x_wconf 86' lang='grc' dir='ltr'>ὕςτερον</span> <span class='ocrx_word' id='word_1_184' title='bbox 1399 2219 1736 2274; x_wconf 76' lang='grc' dir='ltr'>δυοκαίδεκα·</span> <span class='ocrx_word' id='word_1_185' title='bbox 1763 2221 1852 2275; x_wconf 86' lang='grc' dir='ltr'>δύ-</span> 
     </span>
     <span class='ocr_line' id='line_1_26' title="bbox 241 2302 1449 2370; baseline -0.003 -10"><span class='ocrx_word' id='word_1_186' title='bbox 241 2313 295 2353; x_wconf 83' lang='lat'>25</span> <span class='ocrx_word' id='word_1_187' title='bbox 325 2311 509 2360; x_wconf 86' lang='grc' dir='ltr'>ναςθαι</span> <span class='ocrx_word' id='word_1_188' title='bbox 533 2307 592 2359; x_wconf 81' lang='grc' dir='ltr'>δὲ</span> <span class='ocrx_word' id='word_1_189' title='bbox 615 2306 713 2360; x_wconf 88' lang='grc' dir='ltr'>τὸν</span> <span class='ocrx_word' id='word_1_190' title='bbox 737 2302 980 2370; x_wconf 81' lang='grc' dir='ltr'>νοῦμμον</span> <span class='ocrx_word' id='word_1_191' title='bbox 1005 2303 1122 2370; x_wconf 88' lang='grc' dir='ltr'>τρία</span> <span class='ocrx_word' id='word_1_192' title='bbox 1147 2304 1449 2370; x_wconf 82' lang='grc' dir='ltr'>ἡμιωβόλια.</span> 
     </span>
    </p>
   </div>
   <div class='ocr_carea' id='block_1_5' title="bbox 434 2416 1852 2486">
    <p class='ocr_par' dir='ltr' id='par_1_5' title="bbox 434 2416 1852 2486">
     <span class='ocr_line' id='line_1_27' title="bbox 434 2416 1852 2486; baseline -0.001 -15"><span class='ocrx_word' id='word_1_193' title='bbox 434 2419 640 2471; x_wconf 88' lang='grc' dir='ltr'>Κωλύοι</span> <span class='ocrx_word' id='word_1_194' title='bbox 665 2419 721 2471; x_wconf 76' lang='grc' dir='ltr'>δ’</span> <span class='ocrx_word' id='word_1_195' title='bbox 746 2418 812 2471; x_wconf 83' lang='grc' dir='ltr'>ἂν</span> <span class='ocrx_word' id='word_1_196' title='bbox 841 2417 999 2471; x_wconf 79' lang='grc' dir='ltr'>οὐδὲν</span> <span class='ocrx_word' id='word_1_197' title='bbox 1025 2418 1330 2482; x_wconf 83' lang='grc' dir='ltr'>προςθεῑναι</span> <span class='ocrx_word' id='word_1_198' title='bbox 1354 2421 1430 2486; x_wconf 84' lang='grc' dir='ltr'>τῷ</span> <span class='ocrx_word' id='word_1_199' title='bbox 1462 2417 1583 2481; x_wconf 85' lang='grc' dir='ltr'>περὶ</span> <span class='ocrx_word' id='word_1_200' title='bbox 1606 2416 1852 2482; x_wconf 89' lang='grc' dir='ltr'>νομιςμά-</span> 
     </span>
    </p>
   </div>
   <div class='ocr_carea' id='block_1_6' title="bbox 326 2499 1854 2652">
    <p class='ocr_par' dir='ltr' id='par_1_6' title="bbox 326 2499 1854 2652">
     <span class='ocr_line' id='line_1_28' title="bbox 326 2499 1851 2572; baseline -0.001 -18"><span class='ocrx_word' id='word_1_201' title='bbox 326 2520 436 2558; x_wconf 88' lang='grc' dir='ltr'>των</span> <span class='ocrx_word' id='word_1_202' title='bbox 460 2504 606 2572; x_wconf 82' lang='grc' dir='ltr'>λόγῳ</span> <span class='ocrx_word' id='word_1_203' title='bbox 634 2503 718 2556; x_wconf 83' lang='grc' dir='ltr'>καὶ</span> <span class='ocrx_word' id='word_1_204' title='bbox 743 2502 873 2556; x_wconf 89' lang='grc' dir='ltr'>διότι</span> <span class='ocrx_word' id='word_1_205' title='bbox 899 2502 1139 2567; x_wconf 86' lang='grc' dir='ltr'>χρήματα</span> <span class='ocrx_word' id='word_1_206' title='bbox 1164 2502 1258 2566; x_wconf 79' lang='grc' dir='ltr'>μὲν</span> <span class='ocrx_word' id='word_1_207' title='bbox 1286 2499 1489 2554; x_wconf 83' lang='grc' dir='ltr'>εἴποιεν</span> <span class='ocrx_word' id='word_1_208' title='bbox 1516 2501 1582 2554; x_wconf 82' lang='grc' dir='ltr'>ἂν</span> <span class='ocrx_word' id='word_1_209' title='bbox 1611 2500 1660 2553; x_wconf 79' lang='grc' dir='ltr'>οἱ</span> <span class='ocrx_word' id='word_1_210' title='bbox 1695 2502 1851 2554; x_wconf 86' lang='grc' dir='ltr'>Ἀττι-</span> 
     </span>
     <span class='ocr_line' id='line_1_29' title="bbox 328 2584 1854 2652; baseline 0.001 -16"><span class='ocrx_word' id='word_1_211' title='bbox 328 2587 432 2649; x_wconf 77' lang='grc' dir='ltr'>κοί,</span> <span class='ocrx_word' id='word_1_212' title='bbox 463 2588 524 2639; x_wconf 87' lang='grc' dir='ltr'>τὸ</span> <span class='ocrx_word' id='word_1_213' title='bbox 553 2588 611 2640; x_wconf 82' lang='grc' dir='ltr'>δὲ</span> <span class='ocrx_word' id='word_1_214' title='bbox 641 2589 851 2652; x_wconf 90' lang='grc' dir='ltr'>χρῆμα</span> <span class='ocrx_word' id='word_1_215' title='bbox 876 2587 1021 2651; x_wconf 87' lang='grc' dir='ltr'>παρὰ</span> <span class='ocrx_word' id='word_1_216' title='bbox 1046 2587 1140 2652; x_wconf 79' lang='grc' dir='ltr'>μὲν</span> <span class='ocrx_word' id='word_1_217' title='bbox 1170 2584 1351 2638; x_wconf 86' lang='grc' dir='ltr'>αὐτοῖς</span> <span class='ocrx_word' id='word_1_218' title='bbox 1376 2584 1461 2638; x_wconf 80' lang='grc' dir='ltr'>ἐπὶ</span> <span class='ocrx_word' id='word_1_219' title='bbox 1485 2587 1582 2638; x_wconf 83' lang='grc' dir='ltr'>τοῦ</span> <span class='ocrx_word' id='word_1_220' title='bbox 1615 2585 1854 2650; x_wconf 87' lang='grc' dir='ltr'>πράγμα-</span> 
     </span>
    </p>
   </div>
   <div class='ocr_carea' id='block_1_7' title="bbox 332 2727 668 2735">
    <p class='ocr_par' dir='ltr' id='par_1_7' title="bbox 332 2727 668 2735">
     <span class='ocr_line' id='line_1_30' title="bbox 332 2727 668 2735; baseline 0 485"><span class='ocrx_word' id='word_1_221' title='bbox 332 2727 668 2735; x_wconf 95' lang='lat' dir='ltr'> </span> 
     </span>
    </p>
   </div>
   <div class='ocr_carea' id='block_1_8' title="bbox 326 2807 1851 2989">
    <p class='ocr_par' dir='ltr' id='par_1_8' title="bbox 326 2807 1851 2989">
     <span class='ocr_line' id='line_1_31' title="bbox 441 2807 1850 2866; baseline 0.002 -19"><span class='ocrx_word' id='word_1_222' title='bbox 441 2810 477 2850; x_wconf 89' lang='grc'>1.</span> <span class='ocrx_word' id='word_1_223' title='bbox 509 2810 803 2860; x_wconf 87' lang='grc' dir='ltr'>νομιςμάτων</span> <span class='ocrx_word' id='word_1_224' title='bbox 836 2813 1002 2866; x_wconf 87' lang='lat' dir='ltr'>scripsi</span> <span class='ocrx_word' id='word_1_225' title='bbox 1031 2824 1111 2866; x_wconf 89' lang='lat' dir='ltr'>pro</span> <span class='ocrx_word' id='word_1_226' title='bbox 1143 2809 1396 2861; x_wconf 84' lang='grc' dir='ltr'>ὀνομάτων</span> <span class='ocrx_word' id='word_1_227' title='bbox 1426 2809 1518 2861; x_wconf 85' lang='lat' dir='ltr'>Be,</span> <span class='ocrx_word' id='word_1_228' title='bbox 1550 2810 1650 2850; x_wconf 84' lang='grc' dir='ltr'>τῶν</span> <span class='ocrx_word' id='word_1_229' title='bbox 1683 2807 1850 2861; x_wconf 78' lang='grc' dir='ltr'>ὀνομά·</span> 
     </span>
     <span class='ocr_line' id='line_1_32' title="bbox 326 2876 1851 2933; baseline 0.003 -16"><span class='ocrx_word' id='word_1_230' title='bbox 326 2889 427 2918; x_wconf 89' lang='grc' dir='ltr'>των</span> <span class='ocrx_word' id='word_1_231' title='bbox 459 2879 516 2918; x_wconf 85' lang='lat' dir='ltr'>Di</span> <span class='ocrx_word' id='word_1_232' title='bbox 628 2882 668 2920; x_wconf 89' lang='lat'>3.</span> <span class='ocrx_word' id='word_1_233' title='bbox 701 2879 963 2933; x_wconf 86' lang='grc' dir='ltr'>Βερενίκιον</span> <span class='ocrx_word' id='word_1_234' title='bbox 994 2883 1053 2922; x_wconf 86' lang='lat' dir='ltr'>Di</span> <span class='ocrx_word' id='word_1_235' title='bbox 1183 2882 1224 2921; x_wconf 85' lang='lat'>4.</span> <span class='ocrx_word' id='word_1_236' title='bbox 1257 2876 1550 2931; x_wconf 83' lang='grc' dir='ltr'>Δημαρέτιον</span> <span class='ocrx_word' id='word_1_237' title='bbox 1582 2879 1641 2919; x_wconf 87' lang='lat' dir='ltr'>Di</span> <span class='ocrx_word' id='word_1_238' title='bbox 1782 2881 1851 2921; x_wconf 81' lang='lat'>27.</span> 
     </span>
     <span class='ocr_line' id='line_1_33' title="bbox 327 2946 678 2989; baseline 0.006 -3"><span class='ocrx_word' id='word_1_239' title='bbox 327 2946 382 2987; x_wconf 86' lang='grc' dir='ltr'>ἂν</span> <span class='ocrx_word' id='word_1_240' title='bbox 414 2946 590 2989; x_wconf 82' lang='grc' dir='ltr'>εἴποιεν</span> <span class='ocrx_word' id='word_1_241' title='bbox 626 2949 678 2988; x_wconf 86' lang='lat' dir='ltr'>Di</span> 
     </span>
    </p>
   </div>
  </div>
 </body>
</html>
