1946 3220
33 149 54 182 ’ἶ
88 110 97 117 J
123 152 223 222 [95]
721 169 792 202 m:
828 168 1046 203 numus.
1545 151 1649 205 301

226 277 274 330 3.
314 275 451 330 Οἶδα
486 278 547 330 δὲ
581 276 665 330 καὶ
708 277 918 331 ξυλικὸν
954 276 1013 331 ἑν
1049 276 1341 344 Ἀντιοχείᾳ
1382 277 1649 332 τάλαντον

23 421 38 437 .
121 362 338 427 ἕτερον,
370 361 400 413 ὃ
432 362 565 426 μνᾶε
591 362 686 426 μὲν
716 360 847 413 ἰδία(
874 361 984 426 ἔχει
1009 360 1067 423 ξ’,
1102 362 1420 416 ἑξαπλάειον
1450 363 1511 415 δὲ
1536 378 1651 427 εχε-

121 447 219 499 δόν
256 451 333 515 τῷ
371 448 468 498 τοῦ
504 445 822 510 νομίεματοε
859 445 1087 514 ἀριθμῷ·
1138 446 1202 498 τὸ
1228 445 1287 499 δὲ
1313 446 1371 500 ἐν
1407 446 1649 502 Ἀλεξαν-

120 530 268 597 δρείᾳ
293 530 502 584 Ξυλικόν
529 532 606 598 τῷ
634 530 858 598 πέμπτῳ
885 530 1127 595 διαφέρει
1151 530 1288 595 πρὸς
1314 531 1377 584 τὸ
1403 547 1650 597 προειρη-

23 612 36 619 ’“
120 614 284 679 με’νον
312 613 603 679 ἐπιχώριον
630 617 958 679 περιττεῦον.
1682 620 1707 658 5

224 699 274 749 4.
314 697 389 751 Τὸ
426 698 486 751 δὲ
520 699 654 764 παρ’
689 699 902 768 Ὁμήρῳ
950 698 1217 752 τάλαντον
1261 698 1378 752 ἰἐον
1423 699 1650 753 ἐδύνατο

119 786 195 851 τῶ
235 783 364 847 μετὰ
400 785 567 835 ταῦτα
594 783 859 852 Δαρεικῷ.
910 782 1025 846 ἄγει
1065 781 1164 836 οὖν
1202 782 1264 835 τὸ
1301 785 1532 848 χρυεοῦν
1561 782 1651 836 τά-

121 868 319 922 λαντον
359 867 589 919 Ἀττικὰε
621 868 857 933 δραχμὰς
895 865 956 932 β’,
1003 867 1280 932 γράμματα
1313 863 1371 930 ς’,
1399 867 1651 932 τετάρτας

27 998 30 1002 .
120 952 321 1016 δηλαδὴ
351 952 627 1016 τεεεάρειε.

9 2386 35 2472 ‘fifh'
13 2341 22 2349 ›
16 2303 22 2311 ‹
13 2272 21 2281 κ

225 1035 271 1087 5.
313 1035 390 1087 Οὐ
435 1036 685 1090 λανθάνει
734 1036 794 1088 δέ
839 1052 900 1099 με
944 1035 1027 1087 καὶ
1063 1037 1174 1088 τῶν
1217 1037 1470 1101 δραχμῶν
1515 1035 1651 1088 εἶναι
1684 1043 1736 1081 10

120 1119 336 1173 πλείους
362 1121 650 1186 διαφοράς·
676 1120 772 1185 τήν
797 1137 853 1173 τε
879 1120 982 1184 γὰρ
1006 1119 1276 1182 Αἰγιναίαν
1302 1120 1386 1172 καὶ
1410 1120 1506 1184 τὴν
1533 1119 1649 1172 Ῥο-

120 1204 238 1258 δίαν
266 1206 401 1269 μνᾶν
428 1207 520 1269 τῆε
536 1206 903 1269 Πτολεμαϊκῆε
930 1202 1067 1258 εἶναι
1092 1204 1509 1268 πενταπλάειον,
1536 1205 1650 1258 ἑξα-

119 1289 345 1343 πλάειον
374 1291 432 1342 δ“ε
455 1291 554 1354 τὴν
579 1290 891 1354 νηειωτικὴν
920 1289 1063 1342 οὕτω
1091 1275 1652 1355 προεαγορευομένην.

226 1373 273 1425 6.
308 1374 383 1441 Τῇ
420 1373 519 1427 οὗν
560 1374 759 1443 Ἀττικῇ
796 1373 931 1438 πρόε
964 1391 1022 1426 τε
1057 1374 1286 1437 εταθμόν
1318 1373 1403 1425 καὶ
1427 1373 1651 1437 νόμιεμα

119 1457 396 1522 χρηετέον,
421 1457 741 1522 ἰεοδύναμοε
765 1457 869 1523 γάρ
894 1457 998 1510 ἐετι
1021 1459 1105 1510 καὶ
1130 1458 1416 1511 ἰεοετάειοε
1439 1461 1502 1525 τῇ
1529 1457 1651 1510 Ἰτα-
1683 1463 1736 1502 15
1777 1513 1784 1524 ,

121 1544 234 1611 λικῇ
261 1546 384 1610 μνᾷ,
417 1543 692 1608 ετατήρων
722 1542 778 1595 δ’
807 1542 944 1595 ἐετὶν
975 1541 1062 1595 κε’.
1114 1543 1146 1606 ἡ
1174 1543 1233 1595 δὲ
1259 1542 1472 1606 Ἰταλικὴ
1502 1540 1652 1607 λίτρα

121 1628 395 1693 ετατήρων
420 1626 510 1679 κδ’.
559 1627 611 1679 αἱ
635 1629 694 1680 δὲ
721 1627 901 1680 λοιπαὶ
926 1629 1050 1692 μναῖ
1075 1627 1342 1693 διάφοροι.

229 1712 274 1763 7.
312 1712 370 1765 Ἡ
409 1710 559 1775 λίτρα
597 1713 742 1765 ποιεῖ
778 1710 996 1774 οὐγγίαε
1034 1711 1098 1777 ιβ’
1125 1712 1209 1764 καὶ
1241 1711 1273 1775 ἡ
1302 1710 1491 1773 οὐγγία
1525 1714 1651 1774 δρα-

42 1873 46 1878 .
119 1795 254 1861 χμὰε
281 1794 343 1860 η’.
391 1795 422 1859 ἦ
450 1795 510 1848 δὲ
533 1797 737 1861 δραχμὴ
763 1796 1086 1860 γραμμάτων
1113 1796 1217 1848 ἐετὶ
1242 1795 1303 1858 γ’.
1352 1796 1416 1848 τό
1441 1794 1653 1860 γράμμα

121 1879 310 1946 ὀβολοὶ
349 1878 406 1945 β’.
457 1880 619 1933 πάλιν
655 1880 718 1932 τὸ
755 1879 965 1945 γράμμα
1000 1881 1227 1946 ψεμμῶν
1263 1879 1326 1942 γ’.
1383 1879 1415 1932 ὁ
1457 1879 1651 1944 θέρμος
1682 1894 1737 1933 20

121 1963 378 2029 κερατίων
416 1962 473 2029 β’.
527 1963 600 2016 ῶε
637 1963 777 2018 εἶναι
807 1965 903 2029 τὴν
949 1966 1131 2030 λίτραν
1169 1966 1421 2030 δραχμῶν
1458 1957 1560 2027 (ἧς’,
1597 1963 1653 2015 αἳ

121 2051 331 2102 ποιοῦει
375 2048 588 2112 κεράτια
628 2045 815 2119 ἀψκηῖ
873 2048 1071 2110 γίνεται
1117 2047 1216 2103 οὖν
1270 2048 1333 2101 τὸ
1383 2047 1650 2102 τάλαντον

237 2263 276 2304 1.
309 2258 543 2315 Ἀντιοχίᾳ
573 2260 691 2303 PbN
807 2264 846 2304 2.
879 2260 972 2313 ἔχει
1003 2260 1086 2313 μὲν
1117 2258 1234 2303 ἰδία(
1264 2261 1305 2303 N
1420 2264 1460 2304 3.
1492 2259 1549 2301 τὸ
1580 2259 1648 2313 δὲ]

122 2330 179 2372 τό
211 2342 264 2371 τε
294 2331 384 2372 ΜΝ
413 2331 528 2372 Scal.
561 2345 603 2385 p.
632 2333 712 2382 44,
745 2330 827 2374 ὅτε
858 2329 918 2373 Pb
1038 2329 1335 2385 Ἀλεξανδρίᾳ
1364 2331 1405 2372 N
1519 2331 1558 2371 4.
1594 2327 1653 2371 εἰ-

123 2398 326 2453 ρημένον
354 2400 395 2441 N
491 2403 531 2443 7.
562 2402 731 2453 χρυεοῠ
765 2402 882 2445 coni.
913 2402 1029 2444 Scal.
1059 2416 1102 2457 p.
1134 2404 1189 2443 20
1282 2402 1323 2443 8.
1351 2398 1436 2441 δύο
1467 2399 1515 2440 Μ
1611 2401 1653 2442 9.

123 2468 374 2523 τεεεάρειε]
411 2463 447 2520 β’
478 2468 607 2511 Salm.
640 2470 796 2513 Refut.
829 2485 875 2524 p.
907 2474 975 2515 32.
1094 2474 1161 2513 11.
1193 2469 1266 2524 τε]
1300 2469 1350 2511 δὲ
1379 2468 1440 2511 Pb
1542 2466 1654 2520 αἰγι-

124 2540 234 2582 νὲαν
263 2541 354 2583 ΜΝ
480 2542 544 2581 12.
577 2538 855 2582 ἑξαπλαείαν
885 2542 975 2584 ΜΝ
1005 2541 1118 2586 Scal.
1151 2555 1194 2595 p.
1224 2542 1280 2581 46
1418 2542 1484 2584 13.
1516 2551 1653 2593 προ(-

125 2609 415 2663 αγορεύομεν
445 2611 486 2652 Ν
623 2611 688 2651 14.
721 2608 980 2663 νομίεματα
1009 2613 1051 2653 Ν
1225 2612 1291 2654 16.
1324 2608 1575 2663 ετατήρων
1605 2609 1655 2652 δ’

123 2679 267 2734 ἑετίν]
302 2679 552 2733 ετατήρων
582 2678 708 2722 ἐετὶν
739 2680 863 2731 PbM,
896 2679 924 2733 ἣ
959 2680 1209 2734 (τατήρων
1238 2680 1363 2724 ἐετὶν
1390 2682 1454 2735 Ν,
1485 2678 1652 2733 ετατή-

125 2762 226 2802 ρων
256 2749 344 2803 γάρ
375 2750 468 2792 ἑετι
499 2750 612 2792 Scal.
647 2766 690 2806 p.
723 2753 789 2794 35.
821 2752 875 2791 46
992 2752 1141 2805 λΟτρα
1171 2752 1212 2794 Ν
1338 2753 1404 2795 17.
1434 2750 1651 2805 διάφορἀι

124 2820 231 2861 libri
376 2824 441 2862 19.
475 2820 674 2874 δραχμὴ]
716 2821 901 2873 γραμμὴ
942 2820 1001 2863 Pb
1115 2821 1173 2864 τὸ
1202 2820 1388 2875 γράμμα
1416 2835 1559 2878 usque
1594 2824 1651 2865 ad

125 2893 325 2941 ψεμμῶν
345 2885 405 2945 γ’]
441 2892 515 2933 καὶ
548 2891 603 2933 τὸ
634 2890 819 2944 γράμμα
848 2893 1036 2945 θερμῶν
1065 2894 1210 2945 τριῶν
1240 2892 1301 2935 Pb
1418 2896 1486 2937 20.
1518 2893 1592 2935 καὶ
1624 2891 1649 2934 ὁ

124 2958 288 3011 θὲρμο(
320 2961 380 3002 Pb
497 2964 565 3003 22.
599 2960 810 3013 γίνονται
840 2963 887 3004 Μ
