1946 3220
14 190 34 198 ἴ
13 157 29 178 ”²
21 140 29 150 ·
13 0 50 134 “'ffffim

674 121 1008 158 SCRIPTORES
1038 122 1293 158 GRAECOS.
1657 121 1744 160 VII

210 235 308 300 μὲν
341 246 448 300 post
476 234 632 298 κατὰ,
676 239 889 299 quoniam
922 251 976 284 ea
1007 252 1122 299 quae
1160 238 1215 283 de
1251 239 1467 299 quadrata
1504 247 1548 285 et
1585 238 1743 286 cubica

212 324 427 357 mensura
453 309 679 356 adduntur
702 309 948 369 adiungere
971 308 1115 355 nolui.

317 387 361 429 4.
398 379 614 428 Tabulam
648 378 948 425 Heronianam
974 379 991 424 1
1030 393 1054 424 e
1083 379 1238 426 codice
1269 379 1439 427 Graeco
1464 380 1604 426 Paris.
1631 383 1743 426 1670

215 448 341 513 (011111
374 450 503 510 2724)
539 449 617 496 fol.
656 443 975 495 woh—131b
1010 452 1185 511 primus
1221 450 1361 497 edidit
1390 451 1741 498 Montfauconus

212 524 259 568 in
286 521 513 568 Analectis
540 521 719 567 Graecis
748 516 861 581 (Par.
890 517 1015 581 1688)
1043 536 1087 582 p.
1109 523 1336 580 311-—15‚
1362 521 1572 583 repetivit
1595 535 1744 583 nuper
1813 566 1826 574 ,

209 592 481 639 Letronnius
509 591 828 652 (Becher-caes
863 605 948 636 sur
973 592 1137 637 Heron
1163 607 1207 652 p.
1235 596 1289 636 47
1318 592 1412 652 ss.).
1461 592 1581 639 Idem
1618 592 1743 653 frag-

210 671 414 710 mentum
451 665 572 708 inter
607 676 682 709 eas
719 662 996 708 Heronianas
1035 662 1253 722 reliquias
1290 662 1461 723 legitur
1500 678 1612 723 quas
1655 662 1742 709 sub

209 734 383 795 Didymi
422 733 554 779 titulo
591 734 705 793 Ang.
742 733 880 787 Maius
917 747 940 778 e
981 733 1135 779 codice
1165 732 1465 778 Ambrosiano
1505 733 1644 780 edidit
1682 733 1742 793 (v.

208 805 327 865 prol.
356 804 385 862 3
407 800 493 867 14).
543 803 633 850 Nos
658 804 807 849 denuo
836 803 1113 863 inspeximus
1138 804 1277 848 Paris.
1305 805 1419 847 1670
1445 802 1552 865 (Ρᾶ).
1608 804 1743 850 Ρ133-

206 883 332 922 terea
367 874 647 921 contulimus
669 873 811 921 Paris.
840 877 952 917 2475
980 874 1028 933 (Ρ
1040 868 1105 934 ¹³),
1142 873 1535 920 vindobonensem
1571 874 1741 935 philos,

206 946 286 991 Gr.
316 947 400 990 309
426 942 521 1007 (V),
548 945 859 992 Monacensem
884 947 966 989 165
994 943 1087 1005 (M),
1113 959 1261 1005 neque
1289 945 1524 991 omisimus
1550 945 1743 990 Ambro—
1819 961 1823 967 ¹

208 1018 383 1062 sianum
409 1030 434 1061 a
457 1015 572 1062 Maio
606 1016 775 1062 editum
802 1011 896 1076 (N),
938 1005 1134 1076 quorum
1160 1029 1435 1062 consensum
1470 1015 1744 1076 significavi-

206 1101 308 1133 mus
333 1086 488 1133 littera
514 1087 560 1132 C.
610 1086 863 1148 Aliquoties
891 1088 1025 1133 etiam
1061 1087 1381 1147 adscripsImus
1406 1084 1530 1132 illius
1561 1086 1742 1133 brevio·

207 1159 272 1205 ris
313 1158 552 1218 fragmenti
588 1159 880 1216 varietatem,
922 1158 977 1203 de
1013 1171 1103 1217 quo
1139 1159 1185 1202 in
1221 1156 1339 1217 prol.
1370 1157 1400 1215 S
1429 1159 1482 1200 19
1518 1157 1740 1203 diximus:

206 1227 541 1288 designavimus
574 1235 685 1275 nota
709 1223 772 1273 lb.
830 1228 906 1273 Mo
945 1234 1014 1273 est
1040 1228 1376 1285 Montfauconi,
1415 1228 1479 1272 Le
1504 1227 1741 1274 Letronnii

208 1299 361 1344 editio.
391 1322 455 1331 -
484 1299 543 1343 De
579 1298 770 1359 reliquis
803 1299 933 1345 libris
960 1300 1096 1345 manu
1131 1296 1314 1358 scriptis
1350 1298 1429 1359 qui
1463 1298 1578 1344 idem
1615 1298 1740 1358 frag-

205 1375 408 1415 mentum
446 1370 682 1415 continere
718 1368 935 1415 dicuntur
964 1368 1064 1414 vide
1098 1368 1315 1414 Letronn.
1356 1383 1402 1428 p.
1441 1371 1523 1427 46,
1561 1368 1740 1414 Martin.

206 1440 509 1487 Recherckes
541 1453 626 1485 sur
650 1440 813 1486 He'ron
838 1454 883 1500 p.
912 1441 1020 1495 2033
1058 1439 1268 1484 videntur
1292 1441 1429 1485 etiam
1453 1437 1664 1485 nonnulli
1689 1451 1741 1483 ex

205 1510 263 1557 iis
300 1524 416 1572 quos
441 1510 583 1556 Maius
619 1525 664 1571 p.
695 1512 774 1555 151
811 1516 1137 1556 commemorat
1172 1510 1289 1556 hanc
1323 1509 1523 1556 tabulam
1557 1508 1738 1555 habere.
1810 1545 1815 1547 μ

207 1581 399 1628 Omnino
422 1582 542 1628 inter
562 1595 720 1627 omnes
737 1587 783 1627 et
795 1580 1130 1627 vetustissimus
1151 1587 1222 1626 est
1248 1588 1293 1626 et
1318 1579 1740 1642 praestantissimus

204 1651 437 1701 Parisinus
466 1654 605 1711 1670,
647 1651 816 1699 saeculi
844 1659 920 1698 aut
944 1651 1037 1697 XIV
1062 1658 1140 1697 aut
1163 1651 1256 1696 XIII
1266 1668 1279 1708 3
1318 1651 1487 1712 reliqui
1525 1651 1621 1697 fere
1642 1663 1740 1695 sae·

204 1722 298 1769 culi
323 1722 429 1769 XVI.
482 1722 614 1769 Illum
643 1724 787 1782 igitur
806 1723 1014 1781 maxime,
1042 1729 1093 1768 ut
1116 1736 1199 1783 par
1218 1722 1325 1782 fuit⁷
1349 1724 1395 1768 in
1421 1721 1595 1768 edendo
1615 1721 1741 1781 frag·

205 1800 362 1840 mento
400 1795 544 1840 secuti
585 1808 768 1850 sumus3
806 1793 885 1839 sed
915 1794 1134 1853 quaedam
1169 1800 1319 1838 tamen
1351 1807 1404 1839 ex
1440 1793 1739 1838 Ambrosiano

206 1863 589 1922 repetenda‘esse
627 1864 835 1909 vidimus.
893 1862 1001 1908 Nam
1041 1865 1194 1908 statim
1225 1863 1381 1921 initio,
1419 1877 1522 1910 cum
1557 1861 1742 1920 vulgata

206 1935 434 1994 scriptura
469 1929 534 1982 τὰ
569 1930 689 1993 περὶ
721 1930 818 1994 τὴν
852 1927 1180 1992 γεωμετρίαν
1208 1934 1317 1979 ferri
1348 1947 1440 1979 non
1466 1940 1650 1994 posset,
1687 1945 1742 1977 ex

205 2003 506 2050 Ambrosiano
543 1999 608 2052 τὰ
648 2000 768 2064 περὶ
795 2000 893 2063 τὴν
930 2001 1100 2061 γαιῶν
1132 1999 1372 2064 μέτρηειν
1407 2003 1661 2064 recepimus
1689 2003 1741 2048 ac

205 2082 367 2135 postea
391 2088 445 2120 ex
469 2074 627 2120 eodem
652 2075 873 2121 concinne
892 2070 1153 2134 διανομὴν
1181 2075 1462 2135 scripsimus.
1510 2074 1740 2119 Poeticam

204 2145 397 2191 formam
425 2142 595 2203 γαιῶν
621 2146 894 2206 praetulisse
921 2145 1098 2191 videtur
1125 2147 1337 2206 scriptor,
1371 2146 1583 2206 quoniam
1610 2158 1741 2190 voca-

204 2214 301 2262 buli
327 2214 394 2274 γῆ
422 2216 655 2277 genetivus
690 2216 879 2277 pluralis
907 2218 953 2261 in
982 2230 1071 2262 usu
1098 2230 1191 2262 non
1218 2215 1319 2262 suit.
1374 2211 1430 2278 (Γ
1433 2212 1495 2263 ἃς
1522 2214 1742 2262 accusati·

207 2300 310 2332 vum
345 2285 480 2332 habet
505 2285 698 2347 Etymol.
732 2287 786 2334 M.
814 2286 899 2334 sub
929 2280 1157 2348 ἄκαινα.)
1180 2311 1252 2320 --
1277 2285 1436 2333 Paullo
1481 2285 1597 2332 infra
1639 2299 1740 2331 cor-

206 2356 299 2402 rexi
336 2351 463 2404 ὑπὸ
502 2354 599 2404 τοῦ
627 2352 819 2405 Νείλου
856 2372 940 2418 pro
979 2351 1103 2405 ἀπό.
1132 2384 1201 2391 —-
1228 2357 1256 2416 S
1284 2362 1323 2405 4.
1362 2360 1415 2404 19
1441 2364 1526 2402 cet.
1555 2349 1739 2409 ἄκενα,

207 2440 322 2486 quae
348 2434 420 2473 est
445 2427 673 2473 recentior
700 2442 785 2489 pro
812 2422 1003 2476 ἄκαινα
1028 2428 1192 2486 forma,
1221 2443 1244 2473 e
1275 2429 1506 2473 constanti
1532 2425 1739 2472 codicum

206 2497 435 2557 scriptura
470 2498 653 2543 retinui.
685 2523 745 2531 —
778 2498 807 2556 S
843 2503 872 2547 9
908 2498 1192 2559 reliquisque
1229 2496 1344 2544 locis
1381 2490 1740 2556 Φιλεταίρειο(

206 2565 314 2628 (pro
335 2562 688 2630 Φιλεταίριοε)
715 2569 893 2630 scripsi.
937 2568 1046 2615 Nam
1073 2581 1157 2614 nec
1183 2574 1306 2613 tanta
1331 2574 1402 2613 est
1426 2569 1471 2614 in
1496 2567 1567 2613 his
1593 2567 1739 2612 minu·

207 2638 266 2682 t'is
291 2638 426 2684 rebus
457 2637 664 2685 codicum
692 2652 784 2684 non
808 2639 1049 2685 admodum
1076 2639 1369 2699 antiquorum
1399 2639 1664 2694 auctoritas,
1695 2644 1742 2681 et

205 2707 453 2754 multorum
484 2708 808 2755 adiectivorum
835 2709 1082 2755 similitudo
1109 2708 1291 2767 suadet,
1320 2715 1371 2755 ut
1401 2708 1446 2754 id
1472 2707 1740 2755 vocabulum

206 2791 289 2838 per
312 2789 357 2826 ει
386 2778 630 2825 scribatur.
682 2778 824 2834 Quam
850 2779 1184 2839 diphthongum
1206 2779 1315 2825 olim
1336 2782 1472 2825 etiam
1491 2777 1738 2824 Salmasius

205 2847 422 2907 praetulit
452 2846 505 2908 (v.
534 2857 633 2896 not.
655 2849 710 2895 ad
736 2850 894 2910 script.
922 2848 1028 2895 hist.
1056 2850 1248 2909 August.
1278 2864 1322 2909 p.
1341 2842 1460 2897 248b
1485 2847 1553 2907 C),
1583 2861 1738 2909 quam·

208 2931 340 2978 quam
367 2917 570 2978 alioquin
600 2913 931 2979 Φιλεταίρῑοε
962 2919 1162 2967 scribere
1192 2925 1502 2967 consueverat.
1532 2942 1591 2954 -
1624 2917 1654 2976 S
1679 2922 1739 2964 20
