1946 3220
287 853 751 922 ADDENDA
794 853 911 922 ΕΤ
951 854 1592 924 CORRIGENDA.

283 1111 389 1172 pag.
419 1111 483 1158 23
512 1126 575 1157 vs.
608 1110 671 1156 12
698 1125 781 1171 pro
813 1119 987 1171 quarto
1013 1111 1112 1172 lege
1138 1127 1265 1171 qum
1262 1121 1317 1157 ’.ο

287 1182 351 1228 29
379 1182 478 1228 adn.
506 1182 535 1227 2
566 1188 679 1227 extr.
722 1181 963 1243 Inscriptio
989 1182 1155 1228 Graeca
1182 1184 1227 1228 in
1253 1197 1340 1243 qua
1365 1177 1599 1242 κάλαμος
1631 1184 1697 1228 in·

177 1253 355 1298 venitur
381 1259 450 1298 est
474 1253 726 1298 Dauliensis
753 1253 870 1313 apud
897 1253 1167 1299 Boeckhium
1187 1254 1274 1298 vol.
1300 1253 1318 1298 I
1343 1268 1388 1312 p.
1411 1248 1537 1299 851:
1565 1248 1701 1301 ὁδὸς

176 1319 235 1371 δὲ
259 1320 290 1381 ἡ
320 1318 406 1370 ἐπὶ
431 1317 526 1370 τὸν
554 1319 871 1382 Ἀρχαγέτην
900 1318 1000 1373 ἕξει
1026 1318 1227 1370 πλάτος
1251 1318 1517 1382 καλάμους
1548 1319 1660 1370 δύο.

283 1393 349 1440 32
377 1394 478 1438 adn.
509 1393 555 1439 3.
603 1389 945 1452 Ὁλοςηρικόν
977 1391 1296 1442 ςκουτλᾶτον
1333 1394 1378 1438 in
1415 1394 1560 1440 edicto
1593 1394 1694 1439 Dio-

175 1464 357 1510 cletiani
385 1464 437 1508 de
464 1470 579 1523 pret.
607 1479 642 1508 r.
671 1478 767 1509 ven.
799 1466 1001 1509 restituit
1028 1464 1124 1509 Car.
1151 1463 1321 1510 Keilius
1348 1466 1391 1509 in
1420 1465 1531 1509 Mus.
1551 1464 1696 1510 Rhen.

174 1533 265 1579 XIX
289 1549 335 1594 p.
365 1533 490 1587 612;
521 1541 566 1579 et
591 1534 748 1579 confer
773 1534 899 1579 locos
928 1536 1002 1594 qui
1029 1533 1192 1579 ibidem
1219 1535 1485 1580 afferuntur.

281 1604 346 1651 39
369 1619 432 1650 vs,
457 1604 485 1650 7
508 1618 608 1649 cum
636 1604 797 1665 scripsi
827 1606 1062 1650 levissimo
1090 1605 1374 1650 discrimine
1397 1607 1698 1650 recentiorem

174 1674 375 1721 artabam
409 1675 688 1720 imminutam
726 1689 851 1732 esse,
897 1674 1144 1734 significavi
1177 1683 1232 1720 et
1265 1675 1525 1735 quintam
1563 1690 1702 1735 par-

175 1753 294 1790 tem·
328 1745 493 1806 pedis
530 1745 763 1791 Romani
804 1752 856 1791 et
894 1760 1060 1791 unum
1099 1745 1344 1804 digitum
1384 1744 1522 1803 (conf.
1557 1760 1600 1804 p.
1629 1745 1697 1789 44

173 1830 232 1861 vs.
266 1815 295 1861 9
325 1831 362 1862 a.
390 1814 470 1874 ιι),
506 1815 547 1859 id
577 1816 697 1875 quod
730 1815 806 1861 hic
841 1816 981 1873 addo,
1023 1817 1235 1875 quoniam
1263 1830 1393 1861 secus
1431 1815 1564 1860 verba
1598 1829 1696 1860 mea

173 1885 393 1932 intellexit
420 1885 641 1931 Christius
666 1901 711 1946 p.
735 1883 897 1948 452¹).

278 1957 344 2003 58
365 1971 430 2004 vs,
457 1956 503 2002 3.
541 1955 668 2001 Licet
694 1971 814 2002 nunc
840 1956 982 2002 multo
1009 1955 1260 2016 pleniorem
1285 1956 1521 2001 Pediasimi
1549 1955 1699 2000 locum

175 2027 436 2073 adscribere
472 2027 716 2087 repetitum
754 2042 776 2072 a
814 2041 884 2072 me
920 2041 972 2072 ex
999 2026 1096 2072 cod.
1125 2026 1324 2071 Gudiano
1357 2026 1429 2071 Gr.
1457 2026 1487 2071 8
1521 2027 1567 2070 in
1599 2026 1714 2085 fol.‚‚

172 2093 249 2142 ‘ubi
280 2097 359 2144 fol.
389 2097 438 2143 5³
477 2097 588 2143 haec
626 2096 864 2157 leguntur:
906 2092 1012 2156 πρὸ
1040 2093 1098 2143 δὲ
1127 2094 1219 2154 τῆς
1247 2090 1470 2155 θεωρίας
1495 2091 1579 2142 καὶ
1606 2094 1698 2154 τῆς

171 2163 599 2227 καταμετρήςειυς
630 2161 901 2227 αἰτιάματα
934 2179 1051 2214 τινα
1080 2162 1162 2213 καὶ
1196 2162 1434 2225 λήμματα
1458 2163 1694 2226 προλαμ-

173 2233 421 2298 βάνομεν.
474 2234 556 2284 καὶ
583 2232 856 2297 αἰτιάματα
881 2233 975 2296 μέν
1003 2231 1125 2284 εἰςιν
1153 2232 1271 2284 οἷον
1298 2233 1360 2283 τὸ
1388 2230 1527 2283 εἶναι·
1548 2232 1644 2283 τὸν
1660 2231 1694 2294 ²)

167 2304 524 2368 γεωμετρικὸν
578 2303 766 2367 μόδιον
815 2302 1382 2366 τεςςαρακοντάλιτρον
1401 2341 1414 2362 ,
1467 2302 1552 2352 καὶ
1597 2302 1693 2364 τὴν

174 2373 355 2437 λίτραν
382 2373 522 2437 ἔχειν
550 2371 767 2437 ὀργυιὰς
794 2374 970 2434 πέντε,
996 2374 1092 2436 τὴν
1121 2373 1178 2423 δὲ
1206 2371 1426 2436 ὀργυιὰν
1455 2371 1571 2434 ἤτοι
1594 2371 1692 2423 τὸν

167 2443 521 2508 γεωμετρικὸν
557 2443 794 2506 κάλαμον
834 2443 1087 2506 ςπιθαμὰς
1133 2442 1314 2494 κοινὰς
1351 2442 1539 2494 ἕνδεκα
1575 2441 1694 2506 ἤτοι

286 2654 328 2707 1)
370 2654 446 2695 Sic
484 2653 580 2694 solo
623 2654 825 2694 auctoris
864 2654 1044 2694 nomine
1079 2658 1123 2693 et
1154 2653 1228 2694 hic
1261 2657 1306 2694 et
1336 2653 1525 2707 posthac
1563 2652 1691 2692 illum

172 2711 545 2751 commentarium
578 2711 720 2751 citavi
753 2723 838 2762 quo
872 2710 994 2754 Guil.
1028 2709 1254 2750 Christius
1285 2709 1393 2750 libri
1423 2709 1556 2750 huius
1588 2722 1690 2749 cen-

172 2779 323 2808 suram
356 2768 452 2818 egit
482 2767 528 2806 in
557 2766 853 2806 Fleckeiseni
885 2766 1128 2806 annalibus
1160 2779 1201 2807 a.
1238 2766 1345 2807 1865
1375 2780 1418 2819 p.
1449 2767 1533 2807 433
1564 2778 1621 2806 ss.

281 2823 325 2874 2)
355 2822 412 2864 τὸ
444 2823 587 2863 habet
617 2822 714 2863 cod.
747 2835 812 2875 gr.
845 2823 1137 2862 Monacensis
1167 2824 1273 2873 431,
1308 2835 1362 2863 ex
1393 2835 1480 2875 quo
1510 2825 1687 2876 partem

63 2901 93 2922 ¹.
170 2879 266 2920 eius
296 2879 389 2920 loci
422 2892 552 2933 quem
583 2891 722 2932 supra
754 2879 975 2931 exscripsi
1015 2878 1158 2918 edidit
1185 2878 1495 2919 Friedleinius
1528 2879 1576 2918 in
1607 2890 1685 2917 an-

165 2935 350 2976 nalibus
387 2935 718 2990 paedagogicis
756 2934 1093 2974 Teubnerianis
1139 2934 1276 2987 (Neue
1312 2935 1577 2976 «ΙαΙινόἰὶεΙιεν
1609 2934 1688 2986 fiir

166 2992 320 3034 Philoz.
352 3006 392 3034 u.
426 2991 700 3045 Pcidayoyilc„
733 2994 876 3031 :weite
907 2989 1180 3044 Abtheiluny)
1214 2992 1322 3033 1865
1353 3005 1394 3044 p.
1419 2991 1516 3032 368.

1320 3059 1427 3111 10*
