1946 3220
1852 0 1939 110 ,ξ

306 151 406 204 192
693 164 1011 201 FRAGMENTA
1046 165 1115 197 DE
1152 162 1412 200 Mnusbms
1668 148 1828 218 [9.10]

670 327 716 379 9.
778 327 1136 393 Fragmentum
1163 326 1227 376 de
1254 328 1454 394 orqyia.
1482 311 1486 314 ⁴

828 423 967 478 (Vide
996 425 1113 479 prol.
1146 427 1171 477 ἓ
1202 426 1292 478 28.)

409 523 513 576 Δεῖ
541 521 815 584 γινώςκειν
839 520 921 575 ὅτι
949 522 982 587 ἠ
1010 520 1200 588 ὀργυιά
1226 522 1335 587 ἔχει
1363 522 1616 587 ςπιθαμὰς
1642 516 1688 575 θ’
1713 521 1773 576 δ”
1795 524 1828 589 ἢ

302 606 591 659 παλαιςτὰς
626 604 706 672 κη’
730 605 954 671 ἐχούςης
983 607 1076 671 τῆς
1103 606 1319 672 πρώτης
1346 607 1633 672 παλαιςτῆς
1667 623 1827 673 προς-

243 700 271 740 5
302 690 463 756 θήκην
499 690 781 743 κονδύλου.
843 690 937 742 Καὶ
973 688 1166 742 ἄλλως.
1213 689 1347 755 ἀνὴρ
1375 690 1531 755 μέςος
1557 690 1683 755 μήτε
1706 707 1827 745 κον-

301 775 393 828 τὸς
412 774 538 840 μήτε
563 774 761 840 μακρὸς
790 773 992 827 ςταθεὶς
1013 772 1193 840 ὄρθιος
1217 773 1497 827 ἐκτεινάτω
1525 775 1621 839 τὴν
1652 775 1826 830 δεξιὰν

302 858 468 911 αὑτοῦ
507 859 658 924 χεῖρα
691 857 834 922 ἄνω,
867 857 951 910 καὶ
981 857 1110 911 ἔνθα
1143 858 1210 911 ἂν
1237 857 1413 927 φθάςῃ
1444 858 1511 910 τὰ
1549 857 1684 924 ἄκρα
1716 862 1828 912 τῶν

301 941 579 996 δακτύλων
615 940 811 1005 αὐτοῦ,
855 941 963 995 ἐκεῖ
995 941 1098 994 ἑςτι
1128 941 1322 1007 μέτρον
1357 940 1558 994 δικαίας
1596 941 1827 1007 ὀργυιᾶς.

306 1025 398 1078 Καὶ
432 1024 624 1078 ἄλλως.
675 1026 857 1091 λαβὼν
900 1025 1134 1090 ςχοινίον
1159 1025 1191 1089 ἢ
1220 1026 1457 1091 κάλαμον
1484 1025 1515 1078 ὃ
1546 1028 1639 1090 τῆς
1672 1026 1827 1090 μέςης

222 1120 274 1161 10
303 1109 506 1173 ἡλικίας
533 1108 670 1174 ἀνὴρ
696 1109 979 1174 πατηςάτω
1006 1109 1102 1173 τὴν
1129 1107 1296 1174 ἄκραν
1327 1109 1386 1162 ἐν
1411 1110 1525 1162 τοῖς
1546 1109 1829 1166 δακτύλοις

301 1195 399 1245 τοῦ
444 1193 617 1246 ποδὸς
661 1191 842 1246 αὑτοῦ.
908 1192 1022 1245 εἶτα
1065 1192 1434 1258 ἀναβιβαςάτω
1478 1192 1540 1245 τὸ
1593 1194 1826 1258 ςχοινίον

301 1275 423 1341 ἄχρι
459 1278 556 1329 τοῦ
594 1275 745 1341 ὤμου
782 1275 975 1339 αὑτοῦ,
1015 1274 1121 1329 εἷθ’
1147 1275 1323 1329 οὕτως
1366 1276 1627 1342 καμψάτω
1663 1279 1826 1330 τοῦτο

301 1358 516 1414 ὄπιςθεν
543 1359 667 1425 ἄχρι
691 1363 789 1413 τοῦ
815 1361 994 1414 κώλου
1020 1359 1212 1425 αὑτοῦ,
1246 1361 1331 1414 καὶ
1364 1360 1569 1425 ποιήςει
1603 1360 1825 1427 ὀργυιὰν

300 1443 444 1497 πάνυ
473 1443 821 1508 δικαιοτάτην.

218 1649 269 1690 15
660 1625 739 1677 10.
798 1625 1001 1676 Tabula
1038 1624 1346 1677 Heroniana
1387 1624 1471 1676 VI.

838 1722 972 1776 <Vide
1003 1724 1116 1778 prol.
1148 1727 1173 1776 ς
1203 1726 1297 1775 29.)

412 1820 456 1872 1.
493 1820 594 1873 Εἰςὶ
630 1822 690 1874 δὲ
723 1821 807 1872 καὶ
841 1822 1005 1886 μέτρα
1041 1821 1189 1873 τάδε·
1224 1820 1507 1882 δάκτυλος,
1546 1819 1824 1883 κόνδυλος,

305 1905 588 1969 παλαιςτή,
623 1904 796 1970 διχάς,
823 1906 1072 1969 ςπιθαμή,
1112 1905 1276 1968 πούς,
1301 1907 1501 1969 πῆχυς,
1538 1906 1700 1974 βῆμα,
1734 1902 1824 1967 ὀρ-

299 1989 448 2052 γυιά,
486 1989 779 2052 ςωκάριον,
816 1989 1078 2052 πλέθρον,
1116 1988 1390 2053 ἰούγερον,
1431 1979 1823 2050 δίαυλος,’ςτά-

217 2088 273 2128 20
303 2075 445 2134 διον,
471 2070 686 2135 ἄκαινα,
713 2071 912 2136 μίλιον,
944 2074 1158 2136 ςχοῖνος
1183 2073 1266 2123 καὶ
1290 2071 1643 2136 παραςάγγης.

201 2150 206 2154 ’
406 2154 454 2208 2.
491 2155 567 2207 Τὸ
593 2155 830 2219 πλέθρον
858 2155 1118 2220 ςωκάριον
1147 2154 1227 2207 α’5
1253 2154 1326 2214 ς”.

406 2238 453 2290 3.
493 2238 568 2291 Τὸ
599 2237 847 2303 ἰούγερον
875 2237 921 2300 γ’
950 2239 1034 2291 καὶ
1058 2237 1135 2300 γ”.

403 2322 452 2374 4.
490 2322 549 2374 Ὁ
578 2321 794 2374 δίαυλος
821 2322 1000 2374 ςτάδια
1026 2322 1083 2388 β’.

407 2406 454 2458 5.
491 2405 566 2458 Τό
598 2406 810 2459 ςτάδιον
842 2406 871 2457 ι’
903 2406 1160 2471 ςωκάρια.·

415 2590 457 2631 4.
495 2587 761 2642 προςθήκης
799 2587 1030 2631 κόνδυλον
1069 2589 1167 2631 eod.
1286 2590 1324 2631 7.
1357 2586 1505 2630 αὐτοῦ
1539 2586 1637 2630 cod.
1671 2590 1717 2628 et
1746 2587 1822 2629 hic

307 2660 354 2696 et
383 2656 504 2698 infra
621 2661 688 2701 10.
718 2658 768 2701 ἐν
797 2657 917 2713 τοῖς]
952 2656 1087 2701 ἐντὸς
1120 2658 1217 2700 οοᾶ.
1337 2659 1405 2700 12.
1433 2657 1520 2699 τοῦ
1553 2654 1702 2710 ὤμου]
1736 2658 1822 2709 τῆς

308 2724 425 2776 ὅμου
457 2726 555 2766 cod.
673 2730 737 2771 14.
769 2727 1066 2771 δικαιότατον
1097 2728 1198 2771 eod.

421 2796 487 2836 17.
519 2794 593 2836 καὶ
625 2809 710 2841 om.
728 2799 792 2839 Le
909 2799 974 2841 18.
1007 2796 1200 2852 οὐργυιά
1219 2798 1276 2839 P⁶
1392 2797 1459 2840 19.
1492 2795 1728 2849 πλεῡθρον
1748 2796 1820 2848 Pe,

307 2864 506 2916 itemque
538 2865 590 2904 21
706 2868 774 2907 21.
807 2862 847 2909 α’
877 2878 922 2913 Δ
956 2863 995 2914 ς’
1017 2870 1096 2920 Le,
1129 2861 1170 2909 α’
1190 2877 1235 2912 Δ
1259 2859 1322 2909 ιε”
1342 2863 1398 2907 Pr
1428 2865 1564 2918 (teste
1587 2866 1684 2918 Le),
1716 2859 1758 2907 α’
1779 2868 1828 2908 u?

304 2934 346 2973 τε.
375 2934 430 2974 Pe
545 2935 598 2974 23
629 2932 713 2976 δύο
745 2937 808 2977 Le
922 2939 992 2983 24.
1025 2933 1050 2979 ι’
1081 2935 1303 2992 εωκάρια]
1329 2939 1380 2980 -ιε
1410 2933 1478 2990 pf,
1507 2928 1566 2986 ήέ
1596 2934 1652 2976 Pe
