1946 3220
319 141 424 194 236
512 153 517 158 '
714 158 1031 193 FRAGMENTA
1067 158 1137 191 DE
1175 157 1435 192 mmsmus
1743 140 1845 210 [61]
1878 124 1925 204 ’ᾗ

1889 215 1914 249 ε

323 270 383 322 δὲ
409 268 444 337 <
467 265 537 322 ιε’.
579 269 611 331 ἡ
641 268 699 319 δὲ
725 266 962 318 ἐλάττων
988 265 1152 330 κόγχη
1181 265 1288 330 ἔχει
1314 266 1488 332 μέτρῳ
1513 265 1607 331 μὲν
1630 266 1845 331 ἡμικύα-

324 357 449 414 Θον,
481 355 690 419 ςταθμῶ
719 351 778 403 δὲ
802 351 836 418 <
864 347 919 403 ε’.

392 434 475 486 26.
516 435 766 498 Μύςτρον
799 435 861 487 τὸ
896 434 1030 499 μέγα
1061 434 1169 499 ἔχει
1203 433 1428 499 κοτύλης
1461 434 1524 487 τὸ
1551 433 1846 487 ἑκκαιδέκα-
1913 430 1937 435 ”

321 536 446 582 τον,
474 519 504 570 ὃ
530 517 729 580 γίνεται
755 518 789 586 <
813 517 860 580 γ’
878 528 909 570 5
933 518 1206 583 τέταρτον.
1245 520 1308 571 τὸ
1334 519 1393 571 δὲ
1418 519 1730 583 μικρότερον
1758 535 1848 571 κο-

267 616 293 654 5
323 602 483 668 τύλης
507 603 569 655 τ“ὸ
597 599 705 668 κβ”,
736 602 766 654 ὃ
793 602 993 664 γίνεται
1017 603 1241 669 δραχμαὶ
1263 603 1362 656 δύο
1390 595 1436 664 [53
1462 602 1506 668 β’
1530 603 1774 667 κεράτιον
1801 601 1849 654 α’
1911 612 1913 616 ’
1936 658 1939 662 ,

322 687 408 739 καὶ
431 687 675 752 κερατίου
706 687 769 739 τὸ
799 687 1100 741 ἑνδέκατον.

393 770 478 824 27.
516 771 576 824 Ὁ
604 775 735 837 χοῦς
762 771 870 836 ἔχει
893 772 1067 840 μέτρῳ
1102 774 1195 836 μὲν
1234 771 1462 824 κοτύλας
1489 770 1720 824 Ἀττικὰς
1745 770 1850 822 δώ-
1939 831 1941 834 ⁴

325 861 480 919 bem,
519 857 701 911 ξέςτας
727 857 787 909 δὲ
813 855 874 919 ς’,
911 856 1147 922 Χοίνικας
1180 857 1239 909 δὲ
1266 855 1327 919 δ’,
1362 861 1569 924 ςταθμῷ
1597 857 1657 908 δὲ
1685 854 1793 919 ἔχει
1819 853 1850 907 ὁ

325 943 459 1004 xofic
481 941 515 1009 <
531 939 634 1009 tw<-

242 1036 295 1074 10
395 1023 478 1076 28.
517 1025 576 1077 ‘O
622 1028 791 1089 χοῖνιξ
835 1025 944 1090 ἔχει
987 1025 1161 1093 μέτρῳ
1204 1027 1297 1089 μὲν
1354 1025 1578 1077 κοτύλας
1621 1023 1852 1077 Ἀττικὰς

326 1112 491 1173 τρεῖς,
521 1113 725 1177 ςταθμῷ
755 1110 813 1161 δὲ
838 1109 872 1176 <
899 1107 1000 1173 ρπ’.

400 1274 483 1327 29.
533 1276 616 1330 Ἐν
663 1276 722 1328 δὲ
761 1279 874 1329 τοῖς
916 1278 1230 1342 γεωργικοῖς
1279 1275 1440 1341 εὗρον
1488 1278 1585 1341 τὴν
1626 1276 1856 1340 κοτύλην

328 1359 547 1424 ῒτρίτον
580 1361 612 1424 ἢ
640 1360 896 1424 τέταρτον
934 1361 1142 1416 ξέςτου·
1184 1362 1282 1415 τὸν
1312 1362 1371 1414 δὲ
1401 1363 1535 1425 χοῦν
1573 1363 1767 1415 Ξεςτῶν
1795 1358 1857 1422 θ’,

275 1502 279 1509 “
328 1446 572 1498 κοτυλῶν
599 1445 659 1497 δὲ
692 1444 780 1509 ιβ’·
816 1445 900 1497 καὶ
932 1446 1029 1498 τὸν
1055 1445 1306 1510 ἀμφορέα
1339 1447 1535 1500 ξεςτῶν
1570 1444 1666 1507 λς’,
1702 1460 1858 1514 κοτυ-

247 1538 299 1577 15
330 1529 444 1582 λῶν
472 1527 577 1592 μη’·
608 1528 705 1581 τὸν
742 1529 801 1581 δὲ
831 1530 1091 1594 μετρητὴν
1127 1532 1323 1582 ξεςτῶν
1355 1526 1450 1594 οβ’,
1480 1530 1724 1582 κοτυλῶν
1750 1524 1859 1592 qg'·

332 1612 430 1665 τὸν
461 1614 519 1665 δὲ
548 1612 798 1676 μέδιμνον
825 1615 1020 1666 ξεςτῶν
1047 1611 1152 1685 ρβ’,Ι
1170 1615 1414 1666 κοτυλῶν
1445 1612 1571 1678 ρλς’.

403 1695 486 1747 30.
524 1696 584 1748 ‘O
611 1697 669 1748 δὲ
695 1696 829 1748 κατὰ
850 1696 1050 1761 (ύρους
1077 1698 1331 1761 μετρητὴς
1350 1697 1379 1762 ξ
1399 1694 1461 1760 ς’,
1485 1697 1747 1749 Ἰταλικῶν
1768 1695 1859 1761 ρκ’.

248 1787 306 1819 ⁷⁷1
402 1779 485 1831 31.
525 1780 599 1833 Τὸ
634 1779 885 1845 τρυβλίον
917 1781 1091 1833 καὶτὸ
1125 1780 1404 1846 ὀξύβαφον
1445 1780 1644 1844 ὁμοίως
1683 1780 1862 1844 ἕχουςι

332 1863 558 1928 κοτύλης
587 1864 650 1916 τὸ
678 1858 761 1916 δ”·
787 1863 818 1916 ὁ
846 1865 904 1917 δὲ
928 1865 1126 1918 κύαθος
1146 1864 1373 1929 κοτύλης
1394 1865 1457 1917 τὸ
1485 1863 1559 1923 ς”.

249 2021 303 2060 20
888 2019 954 2070 61
999 2020 1142 2090 (cap.
1183 2019 1305 2089 XI).

871 2117 1005 2169 (Vide
1036 2118 1149 2171 prol.
1182 2120 1206 2168 ἓ
1235 2118 1324 2170 78.)

724 2200 932 2252 Ἄλλως
966 2201 1086 2265 περὶ
1113 2202 1224 2253 τῶν
1259 2200 1452 2253 αὐτῶν.

442 2297 485 2347 1.
522 2296 582 2348 Ἡ
611 2299 715 2360 μνᾶ
739 2297 771 2362 ἡ
802 2298 1001 2362 Ἀττικὴ
1031 2297 1139 2363 ἔχει
1164 2299 1205 2352 β’
1230 2296 1294 2363 ιβ’
1316 2307 1367 2362 5,
1391 2298 1424 2362 ἡ
1454 2298 1513 2351 δὲ
1538 2297 1690 2363 ἑτέρα
1717 2298 1757 2351 [3
1782 2295 1862 2360 ις’,

331 2378 364 2442 ἡ
390 2380 449 2432 δὲ
473 2379 808 2446 Πτολεμαϊκὴ
836 2382 944 2446 ἔχει
968 2384 1009 2436 [3
1034 2381 1113 2447 ιη’.
1165 2421 1167 2424 -

446 2523 488 2563 4.
510 2522 706 2574 δραχμαὶ
728 2521 780 2563 St
893 2526 933 2564 5.
966 2522 995 2575 <
1023 2517 1058 2574 β’
1080 2525 1146 2564 Ne
1234 2525 1277 2563 6.
1309 2520 1527 2574 κερατίου
1550 2536 1635 2564 om.
1659 2523 1725 2562 Ne
1821 2523 1862 2563 7.

334 2584 388 2638 ιβ’
419 2591 485 2631 Ne
601 2594 640 2635 8.
671 2587 731 2645 ς’]
763 2591 899 2643 ἥμιςυ
930 2591 982 2634 St
1097 2595 1164 2635 10.
1200 2591 1411 2634 Ἀττικὰς
1441 2605 1526 2635 om.
1558 2589 1677 2631 NeSt
1793 2592 1860 2630 11.

335 2657 482 2711 τρεῖς]
513 2654 555 2710 γ’
576 2662 642 2701 Ne
760 2664 827 2703 13.
859 2660 1023 2714 τρίτον
1052 2662 1082 2715 ἢ
1113 2660 1362 2714 τέταρτον]
1396 2662 1502 2715 lege
1523 2658 1630 2712 τρία
1659 2658 1863 2710 τέταρτα

340 2725 400 2777 (ν.
422 2728 536 2779 prol.
560 2731 583 2778 ξ
605 2730 677 2781 77)
795 2732 862 2771 16.
895 2729 943 2780 EC
967 2732 1099 2772 NeClz
1201 2734 1269 2774 17.
1300 2729 1352 2772 ‘0
1385 2730 1434 2771 δὲ
1463 2742 1606 2783 usque
1638 2729 1698 2770 ad
1726 2727 1863 2768 finem
1936 2767 1940 2772 ,

337 2809 423 2837 om.
455 2797 519 2836 Ne
608 2795 654 2846 ΕΕ
682 2800 738 2839 012
852 2804 956 2852 post
985 2796 1024 2845 ς’
1058 2802 1117 2842 012
1148 2801 1251 2842 add.
1284 2799 1383 2842 ἄλλ.
1414 2793 1453 2845 ς’
1487 2798 1705 2850 (voluisse
1734 2797 1860 2838 vide-

336 2870 410 2905 tur
441 2863 573 2906 ἄλλοι
602 2860 663 2918 q',
693 2880 799 2908 nam
828 2882 909 2921 pro
940 2865 982 2923 ρ’
1013 2871 1198 2925 saepius
1228 2870 1370 2911 habet
1399 2874 1557 2910 notam
1587 2861 1645 2919 ς’)

449 2936 519 2979 20.
550 2932 814 2985 Κεφάλαιον
844 2932 902 2978 ια’
935 2939 993 2979 Gk
1107 2943 1177 2983 23.
1206 2946 1234 2982 ,5
1264 2939 1406 2981 habet
1434 2939 1516 2991 Ne,
1547 2950 1633 2979 om.
1666 2935 1780 2978 stola
