1946 3220
34 0 167 106 ‘ff'
235 0 238 1 ff

171 118 272 189 [14]
554 132 848 170 PORRECTIS
884 133 954 167 m·
993 131 1311 173 QUADRATIS.
1597 113 1696 167 197

277 242 323 295 6.
358 243 417 296 Ἡ
445 240 635 308 ὀργυιὰ
661 242 863 307 βήματα
890 241 933 308 β’
957 236 1035 305 δ”,
1063 241 1236 295 πόδας
1267 239 1313 293 δ’
1326 249 1372 293 5.

277 328 321 380 7.
361 328 419 380 Ἡ
446 327 682 391 ἄμπελος
714 325 936 391 ὀργυιὰν
962 322 1009 378 α’
1033 321 1110 391 θ”,
1141 326 1342 392 βήματα
1373 322 1418 390 β’
1437 333 1483 376 5.

276 412 321 464 8.
360 411 436 465 Τὸ
461 411 664 464 πάςςον
693 408 935 474 ἄμπελον
968 405 1016 461 α’
1037 406 1106 462 ε”.

276 495 321 548 9.
360 496 420 549 Ἡ
447 493 638 548 ἄκαινα
661 494 831 558 πάςςα
859 492 916 559 β’.

242 580 321 632 10.
359 578 435 633 Τὸ
462 579 696 644 πλέθρον
722 577 939 631 ἀκαίνας
966 576 1027 642 ρ’,
1069 575 1240 631 πάςςα
1265 577 1323 642 ς’,
1357 576 1576 642 ὀργυιὰς
1599 574 1702 635 (ξι-τ’
1732 593 1758 631 5

169 661 268 728 1²⁷⁰,
296 664 499 730 βήματα
522 661 584 727 x'·

242 749 322 801 11.
354 748 430 801 Τό
461 747 709 811 ἰούγερον
736 746 941 811 πλέθρα
969 744 1027 811 β’.

243 830 323 884 12.
362 831 438 884 Τὸ
465 830 675 885 ςτάδιόν
703 830 807 883 ἑςτι
834 829 1072 894 πλέθρου
1098 829 1161 882 τὸ
1185 838 1233 881 5.

242 915 322 968 13.
361 915 436 968 Τὸ
464 914 635 979 μίλιον
661 914 843 968 ςτάδια
867 910 910 970 ζ’
934 923 984 977 5,
1013 913 1217 979 πλέθρα
1246 909 1295 975 γ’
1318 922 1350 966 5
1377 911 1449 965 δ”.

16 913 39 979 ἑ

15 980 38 1030 ὶ

0 1111 42 1210 Ϋζι
142 1112 255 1164 .14.
314 1110 518 1163 Tabula
541 1110 755 1163 Euclide·
788 1110 1007 1174 tributa,
1044 1109 1229 1162 similis
1262 1109 1602 1163 Heronianae
1627 1109 1701 1160 ΙΙ.
1737 1125 1790 1165 10

8 1172 41 1371 ἒ
711 1209 846 1262 <Vide
879 1209 994 1264 prol.
1025 1210 1050 1260 ἓ
1080 1208 1170 1262 33.)

8 1309 33 1392 '4'
604 1306 887 1360 Εὐκλείδου
918 1306 1272 1372 εὐθυμετρικά.

279 1407 323 1457 1.
363 1406 487 1459 Τῶν
535 1404 923 1471 εὐθυμετρικῶν
972 1405 1334 1469 διαςτημάτων
1393 1405 1556 1471 μέτρα
1603 1404 1707 1457 έςτὶ

169 1489 321 1544 τάδε·
366 1489 655 1554 δάκτυλος,
689 1489 1004 1554 παλαιςτής,
1031 1489 1283 1554 ςπιθαμή,
1316 1489 1483 1553 πούς,
1516 1491 1706 1554 πῆχυς,

171 1577 335 1640 βῆμα,
363 1573 580 1639 ὀργυιά,
610 1573 827 1636 ἄκαινα,
855 1574 1117 1640 πλέθρον,
1142 1573 1379 1638 ςτάδιον,
1412 1574 1599 1638 μίλιον.
1739 1587 1791 1628 15

275 1659 323 1710 2.
361 1659 584 1711 Τούτων
616 1659 676 1711 δὲ
699 1657 978 1723 ἑλάχιςτόν
1004 1658 1109 1711 ἐςτι
1134 1658 1421 1728 δάκτυλος.-

278 1742 325 1795 3.
364 1743 506 1807 Ἔχει
530 1743 624 1806 μὲν
644 1742 674 1794 ὁ
690 1744 979 1807 παλαιςτὴς
1004 1742 1297 1795 δακτύλους
1321 1739 1385 1807 δ’,
1414 1741 1631 1804 οὐγγίας
1645 1741 1709 1804 γ’.

278 1826 327 1878 4.
365 1827 423 1879 Ἡ
452 1827 511 1879 δὲ
532 1827 754 1891 ςπιθαμὴ
781 1825 891 1891 ἔχει
914 1826 1203 1879 παλαιςτὰς
1220 1825 1285 1890 γ’,
1308 1825 1602 1879 δακτύλους
1626 1824 1708 1890 ιβ’,

173 1910 392 1974 οὐγγίας
422 1909 481 1962 θ’.

277 1994 324 2047 5.
363 1994 422 2047 ‘O
461 1994 521 2047 δὲ
557 1994 696 2048 ποὺς
730 1993 839 2059 ἔχει
875 1994 1165 2047 παλαιςτὰς
1198 1992 1260 2058 δ’,
1297 1994 1593 2048 δακτύλους
1626 1993 1708 2059 ις’,
1739 2009 1794 2049 20

175 2079 394 2142 οὐγγίας
422 2077 500 2144 ιβ’.
996 2144 999 2147 ,

278 2163 326 2216 6.
363 2163 423 2215 Ὁ
449 2164 621 2227 πῆχυς
647 2162 756 2227 ἔχει
781 2162 925 2215 πόδα
950 2161 999 2215 α’
1023 2162 1071 2215 C.

280 2248 325 2299 7.
364 2247 440 2300 Τὸ
468 2249 605 2312 βῆμα
636 2246 745 2311 ἔχει
768 2247 953 2312 πήχεις
981 2246 1043 2313 β’,
1072 2246 1245 2300 πόδας
1270 2246 1332 2310 γ’.

282 2330 328 2382 8.
366 2330 425 2382 Ἡ
455 2329 645 2395 ὀργυιὰ
669 2330 778 2396 ἔχει
802 2331 989 2395 πήχεις
1013 2327 1075 2394 δ’,
1102 2331 1273 2384 πόδας
1299 2329 1357 2389 ς’.

284 2413 328 2465 9.
368 2414 426 2465 Ἡ
458 2412 648 2467 ἄκαινα
672 2413 780 2478 ἔχει
804 2415 990 2479 πήχεις
1015 2414 1060 2473 ς’
1078 2413 1154 2480 β”,
1187 2414 1358 2467 πόδας
1389 2412 1432 2466 ι’.
1736 2431 1791 2472 25

290 2573 328 2613 1.
360 2568 408 2622 5]
443 2572 494 2611 3,
528 2569 626 2610 cod.
743 2572 785 2610 3.
819 2567 1014 2622 πάςςον]
1049 2567 1198 2610 ποςὸν
1229 2570 1328 2610 cod.
1433 2562 1482 2611 ε”
1513 2582 1603 2611 non
1634 2583 1706 2612 sa·

173 2641 234 2680 tis
264 2640 509 2693 perspicue
541 2639 763 2692 seriptum
792 2638 840 2678 in
863 2638 984 2688 cod.;
1017 2632 1071 2678 θ”
1090 2638 1248 2693 legere
1279 2638 1371 2680 sibi
1398 2639 1525 2681 visus
1549 2644 1620 2682 est
1639 2642 1706 2682 Le

0 2706 18 2791 Ξ
172 2711 214 2749 4.
248 2708 394 2752 ἄκενα
433 2709 530 2752 eod.
563 2722 591 2750 a
621 2723 686 2762 pr.
718 2723 774 2750 m.
892 2707 1011 2749 ποςά
1050 2702 1086 2759 β’
1119 2708 1217 2752 cod.
1258 2708 1460 2761 (minime
1497 2709 1646 2753 πόδας
1677 2706 1707 2755 ξ

174 2779 294 2832 quod
329 2779 446 2833 legit
482 2779 566 2831 Le)
710 2780 751 2822 5.
793 2777 915 2820 παςὰ
957 2771 996 2819 Γ’
1036 2777 1254 2831 οὐργυιάς
1292 2779 1392 2822 eod.
1538 2782 1579 2822 6.
1611 2774 1702 2833 uY']

174 2851 225 2891 ὅ,
258 2848 357 2890 cod.
474 2842 534 2902 χ’]
575 2846 832 2902 τριάκοντα
873 2848 970 2893 cod.
1118 2850 1157 2890 7.
1195 2847 1406 2903 πλεύθρα
1437 2850 1536 2892 cod.
1663 2850 1703 2892 ὃ.

175 2917 410 2971 πλευθρον
438 2917 498 2960 τὸ
529 2922 574 2961 ὥ
606 2919 704 2960 cod.

0 2103 36 2694 ‘vv-'ffifflaysffqmwtpmf
6 2037 29 2081 ,μ
15 1973 17 1975 ,
12 1923 20 1936 ,,
12 1891 18 1894 ,
6 1839 16 1858 ,,
10 1744 12 1746 .
