<?xml version="1.0" encoding="UTF-8"?>
<!DOCTYPE html PUBLIC "-//W3C//DTD XHTML 1.0 Transitional//EN"
    "http://www.w3.org/TR/xhtml1/DTD/xhtml1-transitional.dtd">
<html xmlns="http://www.w3.org/1999/xhtml" xml:lang="en" lang="en">
 <head>
  <title>
</title>
<meta http-equiv="Content-Type" content="text/html;charset=utf-8" />
  <meta name='ocr-system' content='tesseract 3.04.00' />
  <meta name='ocr-capabilities' content='ocr_page ocr_carea ocr_par ocr_line ocrx_word'/>
</head>
<body>
  <div class='ocr_page' id='page_1' title='image "./metrologicorumsc01hultuoft_0295.png"; bbox 0 0 1946 3220; ppageno 0'>
   <div class='ocr_carea' id='block_1_1' title="bbox 26 0 283 114">
    <p class='ocr_par' dir='ltr' id='par_1_1' title="bbox 26 0 283 114">
     <span class='ocr_line' id='line_1_1' title="bbox 125 0 283 21; baseline -0.013 0"><span class='ocrx_word' id='word_1_1' title='bbox 125 0 243 21; x_wconf 38' lang='lat' dir='ltr'>uva-1</span> <span class='ocrx_word' id='word_1_2' title='bbox 280 16 283 17; x_wconf 20' lang='lat'><em>⁷</em></span> 
     </span>
     <span class='ocr_line' id='line_1_2' title="bbox 26 0 262 114; baseline -0.008 0"><span class='ocrx_word' id='word_1_3' title='bbox 26 0 205 114; x_wconf 52' lang='lat' dir='ltr'>w·</span> <span class='ocrx_word' id='word_1_4' title='bbox 248 31 262 36; x_wconf 94' lang='lat'><strong>·</strong></span> 
     </span>
    </p>
   </div>
   <div class='ocr_carea' id='block_1_2' title="bbox 27 112 46 127">
    <p class='ocr_par' dir='ltr' id='par_1_2' title="bbox 27 112 46 127">
     <span class='ocr_line' id='line_1_3' title="bbox 27 112 46 127; baseline 0 0"><span class='ocrx_word' id='word_1_5' title='bbox 27 112 46 127; x_wconf 51' lang='grc' dir='ltr'>ἃ</span> 
     </span>
    </p>
   </div>
   <div class='ocr_carea' id='block_1_3' title="bbox 30 137 1648 220">
    <p class='ocr_par' dir='ltr' id='par_1_3' title="bbox 25 137 1648 226">
     <span class='ocr_line' id='line_1_4' title="bbox 30 137 1648 220; baseline 0.017 -31.917"><span class='ocrx_word' id='word_1_6' title='bbox 30 137 74 175; x_wconf 99' lang='lat'><em>³</em></span> <span class='ocrx_word' id='word_1_7' title='bbox 120 149 223 220; x_wconf 83' lang='lat'><strong>[83]</strong></span> <span class='ocrx_word' id='word_1_8' title='bbox 562 167 715 203; x_wconf 78' lang='lat' dir='ltr'>cAV1s</span> <span class='ocrx_word' id='word_1_9' title='bbox 752 167 818 203; x_wconf 80' lang='lat' dir='ltr'>Ao</span> <span class='ocrx_word' id='word_1_10' title='bbox 855 141 1202 204; x_wconf 69' lang='lat' dir='ltr'>Pounnt&#39;US.</span> <span class='ocrx_word' id='word_1_11' title='bbox 1543 150 1648 204; x_wconf 79' lang='lat'>267</span> 
     </span>
    </p>
   </div>
   <div class='ocr_carea' id='block_1_4' title="bbox 25 268 1700 849">
    <p class='ocr_par' dir='ltr' id='par_1_4' title="bbox 25 268 1700 849">
     <span class='ocr_line' id='line_1_5' title="bbox 33 268 1649 343; baseline 0.001 -12"><span class='ocrx_word' id='word_1_12' title='bbox 33 268 38 274; x_wconf 67' lang='grc'><em>’</em></span> <span class='ocrx_word' id='word_1_13' title='bbox 82 304 86 308; x_wconf 90' lang='grc'><strong>-</strong></span> <span class='ocrx_word' id='word_1_14' title='bbox 115 289 231 331; x_wconf 85' lang='grc' dir='ltr'>νος.</span> <span class='ocrx_word' id='word_1_15' title='bbox 281 274 462 329; x_wconf 84' lang='grc' dir='ltr'>ἔκτοτε</span> <span class='ocrx_word' id='word_1_16' title='bbox 487 276 590 342; x_wconf 87' lang='grc' dir='ltr'>γὰρ</span> <span class='ocrx_word' id='word_1_17' title='bbox 615 276 746 331; x_wconf 83' lang='grc' dir='ltr'>ἔνθα</span> <span class='ocrx_word' id='word_1_18' title='bbox 768 278 835 332; x_wconf 86' lang='grc' dir='ltr'>ἂν</span> <span class='ocrx_word' id='word_1_19' title='bbox 860 275 1046 343; x_wconf 84' lang='grc' dir='ltr'>εὑρέθη</span> <span class='ocrx_word' id='word_1_20' title='bbox 1081 277 1179 343; x_wconf 88' lang='grc' dir='ltr'>τὴν</span> <span class='ocrx_word' id='word_1_21' title='bbox 1209 278 1308 330; x_wconf 87' lang='grc' dir='ltr'>τοῦ</span> <span class='ocrx_word' id='word_1_22' title='bbox 1341 276 1649 343; x_wconf 86' lang='grc' dir='ltr'>ἀναιρεθέν-</span> 
     </span>
     <span class='ocr_line' id='line_1_6' title="bbox 116 361 1646 436; baseline 0.001 -22"><span class='ocrx_word' id='word_1_23' title='bbox 116 374 212 436; x_wconf 83' lang='grc' dir='ltr'>τος</span> <span class='ocrx_word' id='word_1_24' title='bbox 256 361 513 425; x_wconf 87' lang='grc' dir='ltr'>βαςιλέως</span> <span class='ocrx_word' id='word_1_25' title='bbox 554 362 744 427; x_wconf 86' lang='grc' dir='ltr'>φέρων</span> <span class='ocrx_word' id='word_1_26' title='bbox 788 361 992 425; x_wconf 82' lang='grc' dir='ltr'>εἰκόνα,</span> <span class='ocrx_word' id='word_1_27' title='bbox 1045 361 1290 428; x_wconf 84' lang='grc' dir='ltr'>κίβδηλος</span> <span class='ocrx_word' id='word_1_28' title='bbox 1335 362 1646 428; x_wconf 81' lang='grc' dir='ltr'>ὠνομάζετο</span> 
     </span>
     <span class='ocr_line' id='line_1_7' title="bbox 112 443 577 510; baseline -0.002 -12.155"><span class='ocrx_word' id='word_1_29' title='bbox 112 443 285 509; x_wconf 87' lang='grc' dir='ltr'>ἤγουν</span> <span class='ocrx_word' id='word_1_30' title='bbox 314 445 577 510; x_wconf 89' lang='grc' dir='ltr'>ἀδόκιμος.</span> 
     </span>
     <span class='ocr_line' id='line_1_8' title="bbox 185 527 1646 596; baseline 0.003 -16"><span class='ocrx_word' id='word_1_31' title='bbox 185 527 269 581; x_wconf 86' lang='grc'>49.</span> <span class='ocrx_word' id='word_1_32' title='bbox 310 528 506 582; x_wconf 87' lang='grc' dir='ltr'>Φόλλις</span> <span class='ocrx_word' id='word_1_33' title='bbox 543 528 574 582; x_wconf 90' lang='grc' dir='ltr'>ὃ</span> <span class='ocrx_word' id='word_1_34' title='bbox 611 530 695 582; x_wconf 86' lang='grc' dir='ltr'>καὶ</span> <span class='ocrx_word' id='word_1_35' title='bbox 730 529 1014 596; x_wconf 84' lang='grc' dir='ltr'>βαλάντιον</span> <span class='ocrx_word' id='word_1_36' title='bbox 1039 532 1284 584; x_wconf 84' lang='grc' dir='ltr'>καλεῖται.</span> <span class='ocrx_word' id='word_1_37' title='bbox 1332 531 1558 584; x_wconf 82' lang='grc' dir='ltr'>διπλοῦν</span> <span class='ocrx_word' id='word_1_38' title='bbox 1583 530 1646 583; x_wconf 85' lang='grc' dir='ltr'>δέ</span> 
     </span>
     <span class='ocr_line' id='line_1_9' title="bbox 39 610 1700 680; baseline 0.002 -15"><span class='ocrx_word' id='word_1_39' title='bbox 39 610 46 626; x_wconf 77' lang='grc'><em>”</em></span> <span class='ocrx_word' id='word_1_40' title='bbox 113 612 252 667; x_wconf 83' lang='grc' dir='ltr'>ἐςτιν</span> <span class='ocrx_word' id='word_1_41' title='bbox 278 612 386 666; x_wconf 83' lang='grc' dir='ltr'>ὑπὸ</span> <span class='ocrx_word' id='word_1_42' title='bbox 412 613 512 666; x_wconf 87' lang='grc' dir='ltr'>δύο</span> <span class='ocrx_word' id='word_1_43' title='bbox 541 612 796 679; x_wconf 87' lang='grc' dir='ltr'>ἀργύρων</span> <span class='ocrx_word' id='word_1_44' title='bbox 836 614 1194 679; x_wconf 82' lang='grc' dir='ltr'>ςυγκείμενον,</span> <span class='ocrx_word' id='word_1_45' title='bbox 1227 615 1281 668; x_wconf 80' lang='grc' dir='ltr'>οἳ</span> <span class='ocrx_word' id='word_1_46' title='bbox 1303 614 1542 679; x_wconf 89' lang='grc' dir='ltr'>γίνονται</span> <span class='ocrx_word' id='word_1_47' title='bbox 1567 613 1645 680; x_wconf 89' lang='grc' dir='ltr'>ςη’</span> <span class='ocrx_word' id='word_1_48' title='bbox 1674 628 1700 669; x_wconf 89' lang='lat'>5</span> 
     </span>
     <span class='ocr_line' id='line_1_10' title="bbox 25 692 1642 765; baseline 0.002 -15"><span class='ocrx_word' id='word_1_49' title='bbox 25 692 34 700; x_wconf 70' lang='grc'><em>’</em></span> <span class='ocrx_word' id='word_1_50' title='bbox 106 697 350 763; x_wconf 86' lang='grc' dir='ltr'>δηνάρια.</span> <span class='ocrx_word' id='word_1_51' title='bbox 389 698 474 751; x_wconf 87' lang='grc' dir='ltr'>καὶ</span> <span class='ocrx_word' id='word_1_52' title='bbox 497 698 691 764; x_wconf 90' lang='grc' dir='ltr'>φόλλις</span> <span class='ocrx_word' id='word_1_53' title='bbox 716 699 815 752; x_wconf 85' lang='grc' dir='ltr'>δύο</span> <span class='ocrx_word' id='word_1_54' title='bbox 842 700 1010 753; x_wconf 89' lang='grc' dir='ltr'>λεπτὰ</span> <span class='ocrx_word' id='word_1_55' title='bbox 1033 700 1165 752; x_wconf 86' lang='grc' dir='ltr'>κατὰ</span> <span class='ocrx_word' id='word_1_56' title='bbox 1184 699 1281 753; x_wconf 90' lang='grc' dir='ltr'>τὸν</span> <span class='ocrx_word' id='word_1_57' title='bbox 1302 699 1642 765; x_wconf 84' lang='grc' dir='ltr'>δηναριςμόν,</span> 
     </span>
     <span class='ocr_line' id='line_1_11' title="bbox 27 780 975 849; baseline 0.003 -17"><span class='ocrx_word' id='word_1_58' title='bbox 27 826 30 832; x_wconf 91' lang='grc'><strong>.</strong></span> <span class='ocrx_word' id='word_1_59' title='bbox 63 808 66 810; x_wconf 29' lang='lat' dir='ltr'>v</span> <span class='ocrx_word' id='word_1_60' title='bbox 107 780 240 834; x_wconf 78' lang='grc' dir='ltr'>ἀλλ’</span> <span class='ocrx_word' id='word_1_61' title='bbox 267 781 332 834; x_wconf 87' lang='grc' dir='ltr'>οὐ</span> <span class='ocrx_word' id='word_1_62' title='bbox 360 783 493 836; x_wconf 87' lang='grc' dir='ltr'>κατὰ</span> <span class='ocrx_word' id='word_1_63' title='bbox 518 783 615 837; x_wconf 86' lang='grc' dir='ltr'>τὸν</span> <span class='ocrx_word' id='word_1_64' title='bbox 639 782 975 849; x_wconf 87' lang='grc' dir='ltr'>ἀργυριςμόν.</span> 
     </span>
    </p>
   </div>
   <div class='ocr_carea' id='block_1_5' title="bbox 251 963 1495 1117">
    <p class='ocr_par' dir='ltr' id='par_1_5' title="bbox 251 963 1495 1117">
     <span class='ocr_line' id='line_1_12' title="bbox 251 963 1495 1031; baseline -0.001 -15"><span class='ocrx_word' id='word_1_65' title='bbox 251 963 332 1017; x_wconf 82' lang='lat'>83.</span> <span class='ocrx_word' id='word_1_66' title='bbox 360 964 442 1017; x_wconf 88' lang='grc'>84.</span> <span class='ocrx_word' id='word_1_67' title='bbox 480 965 605 1016; x_wconf 74' lang='lat' dir='ltr'><em>Alia</em></span> <span class='ocrx_word' id='word_1_68' title='bbox 634 970 892 1016; x_wconf 81' lang='lat' dir='ltr'><strong><em>tractatus</em></strong></span> <span class='ocrx_word' id='word_1_69' title='bbox 916 964 1281 1031; x_wconf 70' lang='lat' dir='ltr'><em>Epiphaniam</em></span> <span class='ocrx_word' id='word_1_70' title='bbox 1301 966 1495 1031; x_wconf 81' lang='lat' dir='ltr'><strong><em>forma.</em></strong></span> 
     </span>
     <span class='ocr_line' id='line_1_13' title="bbox 647 1064 1101 1117; baseline 0.004 -11"><span class='ocrx_word' id='word_1_71' title='bbox 647 1064 781 1116; x_wconf 81' lang='lat' dir='ltr'>(Vide</span> <span class='ocrx_word' id='word_1_72' title='bbox 812 1065 926 1117; x_wconf 89' lang='lat' dir='ltr'>prol.</span> <span class='ocrx_word' id='word_1_73' title='bbox 958 1066 982 1115; x_wconf 66' lang='grc' dir='ltr'>ξ</span> <span class='ocrx_word' id='word_1_74' title='bbox 1014 1064 1101 1117; x_wconf 91' lang='grc'>90.)</span> 
     </span>
    </p>
   </div>
   <div class='ocr_carea' id='block_1_6' title="bbox 562 1160 1725 1226">
    <p class='ocr_par' dir='ltr' id='par_1_6' title="bbox 562 1160 1725 1226">
     <span class='ocr_line' id='line_1_14' title="bbox 562 1160 1725 1226; baseline 0.001 -13"><span class='ocrx_word' id='word_1_75' title='bbox 562 1160 643 1214; x_wconf 84' lang='grc'>83.</span> <span class='ocrx_word' id='word_1_76' title='bbox 717 1161 851 1226; x_wconf 89' lang='grc' dir='ltr'>Περὶ</span> <span class='ocrx_word' id='word_1_77' title='bbox 887 1161 1182 1215; x_wconf 87' lang='grc' dir='ltr'>ταλάντων.</span> <span class='ocrx_word' id='word_1_78' title='bbox 1672 1173 1725 1214; x_wconf 89' lang='grc'>10</span> 
     </span>
    </p>
   </div>
   <div class='ocr_carea' id='block_1_7' title="bbox 8 1272 1722 1845">
    <p class='ocr_par' dir='ltr' id='par_1_7' title="bbox 3 1272 1722 1847">
     <span class='ocr_line' id='line_1_15' title="bbox 13 1272 1638 1348; baseline 0.001 -24"><span class='ocrx_word' id='word_1_79' title='bbox 13 1335 22 1347; x_wconf 7' lang='grc' dir='ltr'>ἢ,</span> <span class='ocrx_word' id='word_1_80' title='bbox 215 1273 259 1324; x_wconf 94' lang='grc'>1.</span> <span class='ocrx_word' id='word_1_81' title='bbox 298 1273 591 1348; x_wconf 86' lang='grc' dir='ltr'>Τάλαντον.</span> <span class='ocrx_word' id='word_1_82' title='bbox 639 1276 800 1326; x_wconf 83' lang='grc' dir='ltr'>τοῦτο</span> <span class='ocrx_word' id='word_1_83' title='bbox 843 1272 950 1338; x_wconf 89' lang='grc' dir='ltr'>ρκε’</span> <span class='ocrx_word' id='word_1_84' title='bbox 973 1275 1170 1338; x_wconf 82' lang='grc' dir='ltr'>λιτρῶν</span> <span class='ocrx_word' id='word_1_85' title='bbox 1208 1273 1462 1340; x_wconf 81' lang='grc' dir='ltr'>ὑπάρχει,</span> <span class='ocrx_word' id='word_1_86' title='bbox 1503 1273 1638 1327; x_wconf 89' lang='grc' dir='ltr'>κατὰ</span> 
     </span>
     <span class='ocr_line' id='line_1_16' title="bbox 13 1348 1637 1426; baseline 0.001 -16"><span class='ocrx_word' id='word_1_87' title='bbox 13 1348 22 1393; x_wconf 59' lang='lat' dir='ltr'><em>f</em></span> <span class='ocrx_word' id='word_1_88' title='bbox 102 1358 163 1411; x_wconf 84' lang='grc' dir='ltr'>δὲ</span> <span class='ocrx_word' id='word_1_89' title='bbox 198 1357 293 1411; x_wconf 89' lang='grc' dir='ltr'>τὰς</span> <span class='ocrx_word' id='word_1_90' title='bbox 328 1358 655 1423; x_wconf 89' lang='grc' dir='ltr'>λεπτότητας</span> <span class='ocrx_word' id='word_1_91' title='bbox 687 1357 747 1411; x_wconf 81' lang='grc' dir='ltr'>ἐν</span> <span class='ocrx_word' id='word_1_92' title='bbox 783 1361 859 1426; x_wconf 83' lang='grc' dir='ltr'>τῷ</span> <span class='ocrx_word' id='word_1_93' title='bbox 898 1358 1171 1423; x_wconf 90' lang='grc' dir='ltr'>νομίςματι</span> <span class='ocrx_word' id='word_1_94' title='bbox 1209 1356 1282 1411; x_wconf 91' lang='grc' dir='ltr'>εἰς</span> <span class='ocrx_word' id='word_1_95' title='bbox 1318 1357 1517 1412; x_wconf 90' lang='grc' dir='ltr'>λεπτὸν</span> <span class='ocrx_word' id='word_1_96' title='bbox 1548 1374 1637 1411; x_wconf 89' lang='grc' dir='ltr'>κο-</span> 
     </span>
     <span class='ocr_line' id='line_1_17' title="bbox 15 1430 1636 1512; baseline -0.001 -16"><span class='ocrx_word' id='word_1_97' title='bbox 15 1430 27 1457; x_wconf 58' lang='lat'><em>³</em></span> <span class='ocrx_word' id='word_1_98' title='bbox 101 1441 286 1496; x_wconf 80' lang='grc' dir='ltr'>πείςας</span> <span class='ocrx_word' id='word_1_99' title='bbox 311 1442 383 1495; x_wconf 87' lang='grc' dir='ltr'>εἰς</span> <span class='ocrx_word' id='word_1_100' title='bbox 409 1459 456 1512; x_wconf 66' lang='grc' dir='ltr'>,ς</span> <span class='ocrx_word' id='word_1_101' title='bbox 480 1442 648 1496; x_wconf 88' lang='grc' dir='ltr'>λεπτὰ</span> <span class='ocrx_word' id='word_1_102' title='bbox 674 1444 974 1507; x_wconf 85' lang='grc' dir='ltr'>διαιρεῖται·</span> <span class='ocrx_word' id='word_1_103' title='bbox 1007 1442 1041 1495; x_wconf 89' lang='grc' dir='ltr'>ἃ</span> <span class='ocrx_word' id='word_1_104' title='bbox 1067 1443 1300 1495; x_wconf 84' lang='grc' dir='ltr'>καλεῖται</span> <span class='ocrx_word' id='word_1_105' title='bbox 1325 1441 1565 1507; x_wconf 89' lang='grc' dir='ltr'>ἀςςάρια·</span> <span class='ocrx_word' id='word_1_106' title='bbox 1603 1442 1636 1495; x_wconf 91' lang='grc' dir='ltr'>ὃ</span> 
     </span>
     <span class='ocr_line' id='line_1_18' title="bbox 8 1519 1638 1600; baseline -0.001 -18"><span class='ocrx_word' id='word_1_107' title='bbox 8 1519 28 1600; x_wconf 60' lang='grc' dir='ltr'>,ζ’</span> <span class='ocrx_word' id='word_1_108' title='bbox 102 1525 444 1591; x_wconf 81' lang='grc' dir='ltr'>ἑρμηνεύεται</span> <span class='ocrx_word' id='word_1_109' title='bbox 489 1526 548 1579; x_wconf 82' lang='grc' dir='ltr'>ἑκ</span> <span class='ocrx_word' id='word_1_110' title='bbox 595 1529 689 1590; x_wconf 90' lang='grc' dir='ltr'>τῆς</span> <span class='ocrx_word' id='word_1_111' title='bbox 741 1526 1015 1591; x_wconf 75' lang='grc' dir='ltr'>Ἑβραῖδος</span> <span class='ocrx_word' id='word_1_112' title='bbox 1059 1525 1463 1591; x_wconf 48' lang='grc' dir='ltr'>ἠλαττωμένον.Ἰ</span> <span class='ocrx_word' id='word_1_113' title='bbox 1506 1525 1550 1581; x_wconf 84' lang='grc' dir='ltr'>ξ’</span> <span class='ocrx_word' id='word_1_114' title='bbox 1577 1527 1638 1580; x_wconf 85' lang='grc' dir='ltr'>δὲ</span> 
     </span>
     <span class='ocr_line' id='line_1_19' title="bbox 81 1609 1722 1677; baseline -0.001 -13.043"><span class='ocrx_word' id='word_1_115' title='bbox 81 1610 319 1677; x_wconf 87' lang='grc' dir='ltr'>-άςςάρια</span> <span class='ocrx_word' id='word_1_116' title='bbox 344 1611 585 1677; x_wconf 84' lang='grc' dir='ltr'>ὑπῆρχεν</span> <span class='ocrx_word' id='word_1_117' title='bbox 601 1610 632 1664; x_wconf 87' lang='grc' dir='ltr'>ὁ</span> <span class='ocrx_word' id='word_1_118' title='bbox 653 1610 944 1675; x_wconf 82' lang='grc' dir='ltr'>ἀργυροῦς·</span> <span class='ocrx_word' id='word_1_119' title='bbox 970 1610 1195 1676; x_wconf 92' lang='grc' dir='ltr'>δηνάρια</span> <span class='ocrx_word' id='word_1_120' title='bbox 1219 1611 1279 1663; x_wconf 80' lang='grc' dir='ltr'>δὲ</span> <span class='ocrx_word' id='word_1_121' title='bbox 1301 1609 1433 1675; x_wconf 87' lang='grc' dir='ltr'>ἦςαν</span> <span class='ocrx_word' id='word_1_122' title='bbox 1459 1610 1638 1664; x_wconf 80' lang='grc' dir='ltr'>ἐκεῖνα</span> <span class='ocrx_word' id='word_1_123' title='bbox 1670 1614 1722 1655; x_wconf 85' lang='grc'>15</span> 
     </span>
     <span class='ocr_line' id='line_1_20' title="bbox 8 1694 1633 1762; baseline -0.001 -14"><span class='ocrx_word' id='word_1_124' title='bbox 8 1695 28 1757; x_wconf 60' lang='lat'>{—</span> <span class='ocrx_word' id='word_1_125' title='bbox 99 1694 148 1760; x_wconf 86' lang='grc' dir='ltr'>β’</span> <span class='ocrx_word' id='word_1_126' title='bbox 173 1696 239 1748; x_wconf 90' lang='grc' dir='ltr'>τὰ</span> <span class='ocrx_word' id='word_1_127' title='bbox 264 1695 373 1749; x_wconf 84' lang='grc' dir='ltr'>ὑπὸ</span> <span class='ocrx_word' id='word_1_128' title='bbox 393 1698 487 1759; x_wconf 83' lang='grc' dir='ltr'>τῆς</span> <span class='ocrx_word' id='word_1_129' title='bbox 513 1695 680 1761; x_wconf 87' lang='grc' dir='ltr'>χήρας</span> <span class='ocrx_word' id='word_1_130' title='bbox 707 1696 780 1748; x_wconf 89' lang='grc' dir='ltr'>εἰς</span> <span class='ocrx_word' id='word_1_131' title='bbox 804 1695 868 1748; x_wconf 88' lang='grc' dir='ltr'>τὸ</span> <span class='ocrx_word' id='word_1_132' title='bbox 895 1695 1298 1761; x_wconf 79' lang='grc' dir='ltr'>γαζοφυλάκιον</span> <span class='ocrx_word' id='word_1_133' title='bbox 1324 1695 1633 1762; x_wconf 85' lang='grc' dir='ltr'>βεβλημένα.</span> 
     </span>
     <span class='ocr_line' id='line_1_21' title="bbox 100 1777 1633 1845; baseline -0.001 -13.06"><span class='ocrx_word' id='word_1_134' title='bbox 100 1779 134 1832; x_wconf 85' lang='grc' dir='ltr'>ἃ</span> <span class='ocrx_word' id='word_1_135' title='bbox 162 1779 247 1831; x_wconf 87' lang='grc' dir='ltr'>καὶ</span> <span class='ocrx_word' id='word_1_136' title='bbox 276 1779 375 1832; x_wconf 86' lang='grc' dir='ltr'>δύο</span> <span class='ocrx_word' id='word_1_137' title='bbox 402 1779 571 1833; x_wconf 89' lang='grc' dir='ltr'>λεπτὰ</span> <span class='ocrx_word' id='word_1_138' title='bbox 596 1779 860 1834; x_wconf 79' lang='grc' dir='ltr'>ἐκαλεῖτο·</span> <span class='ocrx_word' id='word_1_139' title='bbox 894 1779 961 1832; x_wconf 93' lang='grc' dir='ltr'>τὰ</span> <span class='ocrx_word' id='word_1_140' title='bbox 997 1779 1100 1844; x_wconf 92' lang='grc' dir='ltr'>γὰρ</span> <span class='ocrx_word' id='word_1_141' title='bbox 1135 1778 1354 1845; x_wconf 87' lang='grc' dir='ltr'>ἀςςάρια</span> <span class='ocrx_word' id='word_1_142' title='bbox 1386 1777 1633 1833; x_wconf 87' lang='grc' dir='ltr'>λεπτεπί-</span> 
     </span>
    </p>
   </div>
   <div class='ocr_carea' id='block_1_8' title="bbox 4 1863 1719 2096">
    <p class='ocr_par' dir='ltr' id='par_1_8' title="bbox 1 1845 1719 2102">
     <span class='ocr_line' id='line_1_22' title="bbox 92 1863 385 1927; baseline 0 -11"><span class='ocrx_word' id='word_1_143' title='bbox 92 1865 268 1918; x_wconf 81' lang='grc' dir='ltr'>λεπτα</span> <span class='ocrx_word' id='word_1_144' title='bbox 304 1863 385 1927; x_wconf 81' lang='grc' dir='ltr'>ἦν.</span> 
     </span>
     <span class='ocr_line' id='line_1_23' title="bbox 12 1946 1629 2023; baseline 0.001 -24"><span class='ocrx_word' id='word_1_145' title='bbox 12 1975 32 2023; x_wconf 22' lang='lat' dir='ltr'>j..</span> <span class='ocrx_word' id='word_1_146' title='bbox 205 1946 252 1999; x_wconf 81' lang='lat'>2.</span> <span class='ocrx_word' id='word_1_147' title='bbox 295 1948 635 2013; x_wconf 89' lang='grc' dir='ltr'>Κεντινάριον</span> <span class='ocrx_word' id='word_1_148' title='bbox 658 1948 767 2002; x_wconf 87' lang='grc' dir='ltr'>ἀπὸ</span> <span class='ocrx_word' id='word_1_149' title='bbox 793 1949 889 2000; x_wconf 84' lang='grc' dir='ltr'>τοῦ</span> <span class='ocrx_word' id='word_1_150' title='bbox 911 1946 1055 2012; x_wconf 90' lang='grc' dir='ltr'>παρὰ</span> <span class='ocrx_word' id='word_1_151' title='bbox 1081 1946 1358 2012; x_wconf 85' lang='grc' dir='ltr'>Ῥωμαίοις</span> <span class='ocrx_word' id='word_1_152' title='bbox 1384 1946 1629 2012; x_wconf 87' lang='grc' dir='ltr'>κεντούμ,</span> 
     </span>
     <span class='ocr_line' id='line_1_24' title="bbox 4 2029 1719 2096; baseline -0.005 -12.014"><span class='ocrx_word' id='word_1_153' title='bbox 1 2026 29 2102; x_wconf 57' lang='lat' dir='ltr'>{j</span> <span class='ocrx_word' id='word_1_154' title='bbox 91 2029 133 2083; x_wconf 76' lang='grc' dir='ltr'>ιὸ</span> <span class='ocrx_word' id='word_1_155' title='bbox 158 2030 296 2086; x_wconf 82' lang='grc' dir='ltr'>ἐςτιν</span> <span class='ocrx_word' id='word_1_156' title='bbox 323 2031 382 2096; x_wconf 94' lang='grc' dir='ltr'>ρ’.</span> <span class='ocrx_word' id='word_1_157' title='bbox 1662 2034 1719 2076; x_wconf 82' lang='lat'>20</span> 
     </span>
    </p>
   </div>
   <div class='ocr_carea' id='block_1_9' title="bbox 0 2103 1630 2349">
    <p class='ocr_par' dir='ltr' id='par_1_9' title="bbox 0 2103 1630 2349">
     <span class='ocr_line' id='line_1_25' title="bbox 4 2103 1630 2182; baseline -0.001 -13"><span class='ocrx_word' id='word_1_158' title='bbox 4 2169 29 2177; x_wconf 60' lang='grc'>,,</span> <span class='ocrx_word' id='word_1_159' title='bbox 206 2115 254 2169; x_wconf 84' lang='lat'>3.</span> <span class='ocrx_word' id='word_1_160' title='bbox 294 2116 454 2182; x_wconf 84' lang='grc' dir='ltr'>Λίτρα</span> <span class='ocrx_word' id='word_1_161' title='bbox 491 2103 638 2170; x_wconf 77' lang='grc' dir='ltr'>δὲ’ἐξ</span> <span class='ocrx_word' id='word_1_162' title='bbox 676 2115 974 2182; x_wconf 78' lang='grc' dir='ltr'>Ἑβραΐδος·</span> <span class='ocrx_word' id='word_1_163' title='bbox 1023 2116 1073 2168; x_wconf 89' lang='grc' dir='ltr'>λὶ</span> <span class='ocrx_word' id='word_1_164' title='bbox 1115 2114 1216 2180; x_wconf 89' lang='grc' dir='ltr'>γὰρ</span> <span class='ocrx_word' id='word_1_165' title='bbox 1250 2114 1459 2178; x_wconf 87' lang='grc' dir='ltr'>λέγεται</span> <span class='ocrx_word' id='word_1_166' title='bbox 1495 2114 1630 2181; x_wconf 84' lang='grc' dir='ltr'>ἐμοί,</span> 
     </span>
     <span class='ocr_line' id='line_1_26' title="bbox 2 2200 662 2265; baseline -0.005 -10"><span class='ocrx_word' id='word_1_167' title='bbox 2 2203 30 2261; x_wconf 62' lang='lat' dir='ltr'>f,</span> <span class='ocrx_word' id='word_1_168' title='bbox 87 2200 196 2265; x_wconf 74' lang='grc' dir='ltr'>τρὰ</span> <span class='ocrx_word' id='word_1_169' title='bbox 225 2200 285 2254; x_wconf 82' lang='grc' dir='ltr'>δὲ</span> <span class='ocrx_word' id='word_1_170' title='bbox 313 2201 377 2254; x_wconf 87' lang='grc' dir='ltr'>τὸ</span> <span class='ocrx_word' id='word_1_171' title='bbox 406 2200 662 2265; x_wconf 86' lang='grc' dir='ltr'>διαφέρει.</span> 
     </span>
     <span class='ocr_line' id='line_1_27' title="bbox 0 2271 1630 2349; baseline -0.001 -14"><span class='ocrx_word' id='word_1_172' title='bbox 0 2271 22 2335; x_wconf 56' lang='grc' dir='ltr'>ἕ-</span> <span class='ocrx_word' id='word_1_173' title='bbox 204 2284 254 2337; x_wconf 90' lang='grc'>4.</span> <span class='ocrx_word' id='word_1_174' title='bbox 291 2285 350 2337; x_wconf 91' lang='grc' dir='ltr'>Ἡ</span> <span class='ocrx_word' id='word_1_175' title='bbox 379 2283 566 2346; x_wconf 84' lang='grc' dir='ltr'>οὐγκία</span> <span class='ocrx_word' id='word_1_176' title='bbox 591 2284 700 2349; x_wconf 82' lang='grc' dir='ltr'>ἔχει</span> <span class='ocrx_word' id='word_1_177' title='bbox 726 2286 979 2349; x_wconf 88' lang='grc' dir='ltr'>ςτατῆρας</span> <span class='ocrx_word' id='word_1_178' title='bbox 1006 2281 1063 2349; x_wconf 90' lang='grc' dir='ltr'>β’·</span> <span class='ocrx_word' id='word_1_179' title='bbox 1090 2283 1317 2349; x_wconf 83' lang='grc' dir='ltr'>ἑβραϊςτὶ</span> <span class='ocrx_word' id='word_1_180' title='bbox 1336 2282 1395 2336; x_wconf 80' lang='grc' dir='ltr'>δὲ</span> <span class='ocrx_word' id='word_1_181' title='bbox 1420 2280 1630 2345; x_wconf 84' lang='grc' dir='ltr'>λέγεται</span> 
     </span>
    </p>
   </div>
   <div class='ocr_carea' id='block_1_10' title="bbox 0 2374 1630 3009">
    <p class='ocr_par' dir='ltr' id='par_1_10' title="bbox 0 2374 1630 3009">
     <span class='ocr_line' id='line_1_28' title="bbox 0 2374 1630 2484; baseline 0.001 -49"><span class='ocrx_word' id='word_1_182' title='bbox 0 2381 26 2484; x_wconf 61' lang='grc' dir='ltr'>ἓ</span> <span class='ocrx_word' id='word_1_183' title='bbox 87 2374 90 2376; x_wconf 13' lang='grc' dir='ltr'><em>Ὗ</em></span> <span class='ocrx_word' id='word_1_184' title='bbox 212 2398 255 2436; x_wconf 85' lang='grc'>4.</span> <span class='ocrx_word' id='word_1_185' title='bbox 288 2395 455 2447; x_wconf 91' lang='grc' dir='ltr'>φόλλις</span> <span class='ocrx_word' id='word_1_186' title='bbox 495 2397 592 2439; x_wconf 87' lang='lat' dir='ltr'>cod.</span> <span class='ocrx_word' id='word_1_187' title='bbox 624 2399 758 2449; x_wconf 83' lang='lat'><strong>2665,</strong></span> <span class='ocrx_word' id='word_1_188' title='bbox 799 2396 883 2449; x_wconf 83' lang='lat' dir='ltr'>Sa,</span> <span class='ocrx_word' id='word_1_189' title='bbox 927 2396 1088 2450; x_wconf 84' lang='grc' dir='ltr'>φόλης</span> <span class='ocrx_word' id='word_1_190' title='bbox 1126 2396 1264 2450; x_wconf 86' lang='lat' dir='ltr'>vulgo</span> <span class='ocrx_word' id='word_1_191' title='bbox 1382 2394 1630 2445; x_wconf 88' lang='grc' dir='ltr'>βαλάντιον</span> 
     </span>
     <span class='ocr_line' id='line_1_29' title="bbox 0 2464 1628 2528; baseline 0 -20"><span class='ocrx_word' id='word_1_192' title='bbox 0 2476 26 2528; x_wconf 49' lang='lat'>:32</span> <span class='ocrx_word' id='word_1_193' title='bbox 89 2466 197 2508; x_wconf 66' lang='grc' dir='ltr'>ιοοᾱ.</span> <span class='ocrx_word' id='word_1_194' title='bbox 227 2466 355 2518; x_wconf 84' lang='lat'><strong>2665,</strong></span> <span class='ocrx_word' id='word_1_195' title='bbox 388 2464 667 2516; x_wconf 88' lang='grc' dir='ltr'>βαλλάντιον</span> <span class='ocrx_word' id='word_1_196' title='bbox 698 2467 908 2520; x_wconf 65' lang='lat' dir='ltr'><em>Scaliger,</em></span> <span class='ocrx_word' id='word_1_197' title='bbox 940 2466 1016 2519; x_wconf 87' lang='lat' dir='ltr'>Sa,</span> <span class='ocrx_word' id='word_1_198' title='bbox 1048 2464 1304 2507; x_wconf 89' lang='grc' dir='ltr'>ταλάντιον</span> <span class='ocrx_word' id='word_1_199' title='bbox 1333 2464 1470 2518; x_wconf 87' lang='lat' dir='ltr'>vulgo</span> <span class='ocrx_word' id='word_1_200' title='bbox 1587 2466 1628 2509; x_wconf 86' lang='lat'>5.</span> 
     </span>
     <span class='ocr_line' id='line_1_30' title="bbox 0 2523 1628 2589; baseline 0 -12"><span class='ocrx_word' id='word_1_201' title='bbox 0 2523 13 2547; x_wconf 69' lang='lat'>&#39;⁷</span> <span class='ocrx_word' id='word_1_202' title='bbox 88 2534 183 2578; x_wconf 71' lang='grc' dir='ltr'>ἐδύο</span> <span class='ocrx_word' id='word_1_203' title='bbox 223 2533 446 2588; x_wconf 85' lang='grc' dir='ltr'>ἀργύρων</span> <span class='ocrx_word' id='word_1_204' title='bbox 485 2535 559 2577; x_wconf 84' lang='grc' dir='ltr'>καὶ</span> <span class='ocrx_word' id='word_1_205' title='bbox 599 2534 733 2587; x_wconf 84' lang='grc' dir='ltr'>ἥμιςυ</span> <span class='ocrx_word' id='word_1_206' title='bbox 774 2540 819 2577; x_wconf 84' lang='lat' dir='ltr'>et</span> <span class='ocrx_word' id='word_1_207' title='bbox 856 2530 922 2578; x_wconf 85' lang='lat' dir='ltr'>cv&#39;</span> <span class='ocrx_word' id='word_1_208' title='bbox 959 2534 1155 2589; x_wconf 89' lang='grc' dir='ltr'>δηνάρια</span> <span class='ocrx_word' id='word_1_209' title='bbox 1190 2534 1252 2576; x_wconf 85' lang='lat' dir='ltr'>Sa</span> <span class='ocrx_word' id='word_1_210' title='bbox 1394 2535 1434 2577; x_wconf 84' lang='lat'>6.</span> <span class='ocrx_word' id='word_1_211' title='bbox 1473 2532 1628 2588; x_wconf 87' lang='grc' dir='ltr'>φόλης</span> 
     </span>
     <span class='ocr_line' id='line_1_31' title="bbox 90 2603 1627 2660; baseline -0.001 -12"><span class='ocrx_word' id='word_1_212' title='bbox 90 2605 253 2660; x_wconf 72' lang='lat' dir='ltr'>vulgo.</span> <span class='ocrx_word' id='word_1_213' title='bbox 386 2604 472 2647; x_wconf 88' lang='grc' dir='ltr'>δύο</span> <span class='ocrx_word' id='word_1_214' title='bbox 512 2604 664 2648; x_wconf 86' lang='grc' dir='ltr'>λεπτὰ</span> <span class='ocrx_word' id='word_1_215' title='bbox 703 2618 789 2646; x_wconf 91' lang='lat' dir='ltr'>om.</span> <span class='ocrx_word' id='word_1_216' title='bbox 829 2604 891 2646; x_wconf 83' lang='lat' dir='ltr'>Sa</span> <span class='ocrx_word' id='word_1_217' title='bbox 1024 2607 1064 2646; x_wconf 84' lang='lat'>7.</span> <span class='ocrx_word' id='word_1_218' title='bbox 1105 2606 1157 2646; x_wconf 92' lang='lat' dir='ltr'>In</span> <span class='ocrx_word' id='word_1_219' title='bbox 1195 2604 1283 2646; x_wconf 82' lang='lat' dir='ltr'>fine</span> <span class='ocrx_word' id='word_1_220' title='bbox 1321 2603 1458 2658; x_wconf 88' lang='lat' dir='ltr'>vulgo</span> <span class='ocrx_word' id='word_1_221' title='bbox 1499 2604 1627 2647; x_wconf 53' lang='lat' dir='ltr'>adda</span> 
     </span>
     <span class='ocr_line' id='line_1_32' title="bbox 2 2671 1261 2729; baseline -0.002 -12"><span class='ocrx_word' id='word_1_222' title='bbox 2 2671 14 2708; x_wconf 57' lang='grc' dir='ltr'>ι’</span> <span class='ocrx_word' id='word_1_223' title='bbox 90 2672 375 2727; x_wconf 55' lang='grc' dir='ltr'>ἳῗΕπιφανίου</span> <span class='ocrx_word' id='word_1_224' title='bbox 405 2675 513 2729; x_wconf 84' lang='grc' dir='ltr'>περὶ</span> <span class='ocrx_word' id='word_1_225' title='bbox 545 2673 729 2728; x_wconf 89' lang='grc' dir='ltr'>μέτρων</span> <span class='ocrx_word' id='word_1_226' title='bbox 760 2675 834 2716; x_wconf 83' lang='grc' dir='ltr'>καὶ</span> <span class='ocrx_word' id='word_1_227' title='bbox 866 2675 1085 2726; x_wconf 84' lang='grc' dir='ltr'>ςταθμῶν</span> <span class='ocrx_word' id='word_1_228' title='bbox 1115 2673 1261 2716; x_wconf 88' lang='grc' dir='ltr'>τέλος.</span> 
     </span>
     <span class='ocr_line' id='line_1_33' title="bbox 214 2743 1624 2798; baseline 0.001 -12"><span class='ocrx_word' id='word_1_229' title='bbox 214 2747 282 2788; x_wconf 90' lang='grc'>11.</span> <span class='ocrx_word' id='word_1_230' title='bbox 315 2746 491 2798; x_wconf 85' lang='grc' dir='ltr'>λιτρῶν</span> <span class='ocrx_word' id='word_1_231' title='bbox 511 2746 588 2798; x_wconf 83' lang='lat' dir='ltr'>Sa,</span> <span class='ocrx_word' id='word_1_232' title='bbox 621 2745 687 2788; x_wconf 85' lang='grc' dir='ltr'>Ην</span> <span class='ocrx_word' id='word_1_233' title='bbox 712 2746 926 2798; x_wconf 80' lang='lat' dir='ltr'>ambigue</span> <span class='ocrx_word' id='word_1_234' title='bbox 957 2757 1044 2787; x_wconf 81' lang='lat' dir='ltr'>ser.</span> <span class='ocrx_word' id='word_1_235' title='bbox 1078 2745 1126 2785; x_wconf 90' lang='lat' dir='ltr'>in</span> <span class='ocrx_word' id='word_1_236' title='bbox 1156 2743 1205 2786; x_wconf 84' lang='lat' dir='ltr'>Pi</span> <span class='ocrx_word' id='word_1_237' title='bbox 1322 2745 1388 2786; x_wconf 82' lang='lat'>12.</span> <span class='ocrx_word' id='word_1_238' title='bbox 1421 2743 1506 2788; x_wconf 80' lang='grc' dir='ltr'>τὰς</span> <span class='ocrx_word' id='word_1_239' title='bbox 1538 2758 1624 2788; x_wconf 88' lang='lat' dir='ltr'>om.</span> 
     </span>
     <span class='ocr_line' id='line_1_34' title="bbox 6 2812 1623 2866; baseline 0.001 -11"><span class='ocrx_word' id='word_1_240' title='bbox 6 2827 9 2829; x_wconf 92' lang='lat'>·</span> <span class='ocrx_word' id='word_1_241' title='bbox 99 2814 162 2856; x_wconf 69' lang='lat' dir='ltr'>‘Sa</span> <span class='ocrx_word' id='word_1_242' title='bbox 192 2831 197 2834; x_wconf 89' lang='grc'><em>·</em></span> <span class='ocrx_word' id='word_1_243' title='bbox 279 2817 347 2859; x_wconf 86' lang='lat'>13.</span> <span class='ocrx_word' id='word_1_244' title='bbox 377 2815 529 2858; x_wconf 88' lang='grc' dir='ltr'>λεπτὰ</span> <span class='ocrx_word' id='word_1_245' title='bbox 568 2829 654 2860; x_wconf 91' lang='lat' dir='ltr'>om.</span> <span class='ocrx_word' id='word_1_246' title='bbox 684 2816 744 2856; x_wconf 83' lang='lat' dir='ltr'>Sa</span> <span class='ocrx_word' id='word_1_247' title='bbox 890 2817 957 2857; x_wconf 86' lang='lat'>14.</span> <span class='ocrx_word' id='word_1_248' title='bbox 995 2812 1301 2866; x_wconf 77' lang='grc' dir='ltr'>ἠλατωμένον</span> <span class='ocrx_word' id='word_1_249' title='bbox 1337 2815 1435 2858; x_wconf 81' lang='lat' dir='ltr'>cod.</span> <span class='ocrx_word' id='word_1_250' title='bbox 1554 2817 1623 2857; x_wconf 90' lang='lat'>15.</span> 
     </span>
     <span class='ocr_line' id='line_1_35' title="bbox 95 2882 1624 2938; baseline 0.001 -13"><span class='ocrx_word' id='word_1_251' title='bbox 95 2882 327 2936; x_wconf 75' lang='grc' dir='ltr'>ᾶςςαρίων</span> <span class='ocrx_word' id='word_1_252' title='bbox 359 2884 420 2927; x_wconf 83' lang='lat' dir='ltr'>Sa</span> <span class='ocrx_word' id='word_1_253' title='bbox 566 2888 633 2929; x_wconf 84' lang='grc'>17.</span> <span class='ocrx_word' id='word_1_254' title='bbox 679 2883 818 2927; x_wconf 84' lang='grc' dir='ltr'>λέπτ’</span> <span class='ocrx_word' id='word_1_255' title='bbox 847 2884 923 2927; x_wconf 78' lang='grc' dir='ltr'>ἐπὶ</span> <span class='ocrx_word' id='word_1_256' title='bbox 954 2883 1106 2927; x_wconf 85' lang='grc' dir='ltr'>λεπτὰ</span> <span class='ocrx_word' id='word_1_257' title='bbox 1134 2883 1201 2938; x_wconf 67' lang='lat' dir='ltr'>Pi,</span> <span class='ocrx_word' id='word_1_258' title='bbox 1233 2897 1348 2929; x_wconf 86' lang='lat' dir='ltr'>corr.</span> <span class='ocrx_word' id='word_1_259' title='bbox 1379 2885 1440 2926; x_wconf 84' lang='lat' dir='ltr'>Sa</span> <span class='ocrx_word' id='word_1_260' title='bbox 1556 2885 1624 2927; x_wconf 87' lang='lat'>18.</span> 
     </span>
     <span class='ocr_line' id='line_1_36' title="bbox 0 2950 1566 3009; baseline 0 -14"><span class='ocrx_word' id='word_1_261' title='bbox 0 2965 12 2986; x_wconf 52' lang='grc' dir='ltr'>κ·</span> <span class='ocrx_word' id='word_1_262' title='bbox 96 2950 218 3004; x_wconf 84' lang='grc' dir='ltr'>ἦςαν</span> <span class='ocrx_word' id='word_1_263' title='bbox 247 2955 309 2996; x_wconf 83' lang='lat' dir='ltr'>Sa</span> <span class='ocrx_word' id='word_1_264' title='bbox 422 2957 492 3001; x_wconf 84' lang='lat'>21.</span> <span class='ocrx_word' id='word_1_265' title='bbox 524 2955 567 2997; x_wconf 88' lang='grc' dir='ltr'>λι</span> <span class='ocrx_word' id='word_1_266' title='bbox 596 2954 684 3008; x_wconf 88' lang='grc' dir='ltr'>γὰρ</span> <span class='ocrx_word' id='word_1_267' title='bbox 716 2954 918 3007; x_wconf 86' lang='grc' dir='ltr'>λέγεται·</span> <span class='ocrx_word' id='word_1_268' title='bbox 952 2954 1251 3009; x_wconf 87' lang='grc' dir='ltr'>εμοιτραδετο</span> <span class='ocrx_word' id='word_1_269' title='bbox 1281 2953 1487 3007; x_wconf 84' lang='grc' dir='ltr'>διαφέρει</span> <span class='ocrx_word' id='word_1_270' title='bbox 1516 2953 1566 2996; x_wconf 81' lang='lat' dir='ltr'>Pi</span> 
     </span>
    </p>
   </div>
   <div class='ocr_carea' id='block_1_11' title="bbox 98 2369 437 2376">
    <p class='ocr_par' dir='ltr' id='par_1_11' title="bbox 98 2369 437 2376">
     <span class='ocr_line' id='line_1_37' title="bbox 98 2369 437 2376; baseline 0 844"><span class='ocrx_word' id='word_1_271' title='bbox 98 2369 437 2376; x_wconf 95' lang='lat' dir='ltr'> </span> 
     </span>
    </p>
   </div>
  </div>
 </body>
</html>
