1946 3220
316 162 438 215 <316
931 176 1253 212 FRAGMENTA
1433 130 1437 132 Π
1732 127 1863 230 [104]

337 288 410 340 ὥς
437 289 495 340 δὲ
523 287 711 350 ἕτεροι,
742 285 873 338 ὅταν
904 285 1032 338 τοὺς
1056 284 1307 349 τέςςαρας
1333 284 1628 338 δακτύλους
1657 285 1862 351 ςυςτρέ·

334 387 442 435 ψας
468 369 673 437 ἐγείρῃς
697 368 795 422 τὸν
822 367 1114 435 ἀντίχειρα,
1143 367 1218 420 ὡς
1242 367 1610 434 Πλούταρχος.

442 453 652 517 Δέμας,
680 453 932 518 ςχοινίον.
1430 444 1433 446 ’

439 536 839 601 Δημαρέτειον,
877 536 1101 601 νόμιςμα
1130 535 1189 590 ἐν
1217 536 1445 603 Εικελίᾳ,
1480 535 1588 589 ὑπὸ
1619 536 1862 590 Γέλωνος

1888 158 1894 182 x.

1883 185 1898 196 4.

1887 210 1902 228 ,Ι

1901 182 1937 206 =¹.-'.

1903 218 1915 236 ηε

276 639 300 678 5
331 620 525 683 κοπέν,
559 620 843 685 ἑπιδούςης
878 620 1024 690 αὐτῷ
1049 620 1366 686 Δημαρέτης
1390 623 1484 686 τῆς
1508 618 1759 683 γυναικὸς
1792 618 1864 673 εἰς
1916 631 1918 633 ’

332 703 466 756 αὐτὸ
492 705 595 758 τὸν.
618 705 831 770 κόςμον.

440 788 746 854 Δηνάριον,
773 790 837 842 τὸ
863 788 1114 854 νόμιςμα,
1141 788 1174 853 ἢ
1206 787 1352 842 εἶδος
1381 789 1651 855 ἀργυρίου.

439 872 704 936 Δίαυλος,
735 872 932 939 μέτρον
963 874 1154 937 πηχῶν
1182 871 1257 925 ω’.

441 955 782 1022 Δίδραχμον,
807 957 871 1010 τὸ
895 956 1150 1022 τέταρτον
1174 959 1268 1021 τῆς
1296 956 1525 1020 οὐγκίας.

251 1060 305 1098 10
443 1041 662 1106 Διητία,
691 1041 1051 1106 ἡμιμέδιμνον.

440 1125 766 1191 Δικαιοςύνη
783 1164 795 1187 ,
823 1126 856 1188 ἡ
880 1127 1073 1189 χοῖνιξ·
1106 1127 1374 1189 μυςτικῶς.

439 1208 740 1273 Δίκρατον,
767 1209 991 1274 νόμιςμα
1018 1208 1071 1276 [ἢ
1097 1207 1389 1277 δίκρανον].

439 1293 790 1358 Διμέδιμνον,
818 1293 1012 1357 μέτρον
1047 1295 1267 1358 χωροῦν
1294 1292 1394 1346 δύο
1421 1291 1654 1358 μοδίους.

438 1377 714 1441 Δίπτυον,
743 1376 963 1441 Κύπριοι
986 1377 1207 1441 μέτρον·
1254 1377 1304 1430 οἱ
1333 1378 1392 1430 δὲ
1417 1378 1480 1430 τὸ
1509 1377 1867 1443 ἡμιμέδιμνον.

250 1477 303 1517 15
440 1461 754 1524 Διςτάςιον,
789 1461 852 1513 τὸ
879 1461 1018 1525 πρὸς
1048 1462 1239 1524 διπλῆν
1269 1460 1550 1526 ἱςτάμενον
1588 1463 1688 1527 τὴν
1714 1463 1867 1527 τιμὴν

332 1545 551 1610 χρυςίου
589 1545 623 1609 ἢ
670 1543 950 1609 ἀργυρίου·
1002 1544 1077 1596 ὡς
1123 1544 1415 1599 ἰςοςτάςιον
1465 1546 1528 1598 τὸ
1578 1547 1716 1610 πρὸς
1770 1547 1867 1610 τὴν
1915 1535 1939 1621 γ..

333 1646 464 1694 ιςην.

441 1713 708 1776 Δόλιχος,
736 1711 962 1776 μακρός,
990 1713 1022 1776 ἢ
1049 1711 1244 1776 μέτρον
1270 1715 1384 1777 γῆς.

423 1796 636 1861 ’Δοχμή
649 1837 664 1860 ,
691 1796 914 1860 ςπιθαμή
930 1836 944 1859 ,
970 1796 1242 1860 παλαιςτή.

249 1897 303 1937 20
404 1880 618 1946 ίΔράξ,
646 1880 827 1945 δράκα.
879 1879 964 1932 καὶ
990 1880 1174 1935 ξέςτου
1203 1880 1267 1933 τό
1295 1880 1568 1946 τέταρτον.

440 1964 699 2029 Δραχμή,
727 1963 872 2017 εἶδος
898 1963 1117 2028 μέτρου,
1144 1964 1361 2030 κεράτια
1385 1964 1464 2030 ιη’.

441 2047 697 2112 Δραχμή,
721 2049 786 2101 τὸ
815 2046 1019 2110 ὄγδοον
1047 2051 1140 2112 τῆς
1166 2048 1400 2111 οὐγγίας.

441 2132 668 2195 Δραχμὴ
704 2130 952 2196 χρυςίου,
989 2131 1119 2196 ὁλκὴ
1154 2133 1474 2197 νομίςματος
1507 2132 1579 2186 εἰς
1612 2132 1867 2199 ἀργυρίου

336 2213 506 2276 λόγον
532 2218 787 2279 δραχμῶν
815 2215 860 2268 ι’.

251 2316 304 2354 25
442 2299 671 2364 Δραχμὴ
705 2299 768 2352 τὸ
805 2298 1007 2362 ὄγδοόν
1051 2299 1155 2352 ἐςτι
1200 2302 1294 2363 τῆς
1337 2299 1555 2362 οὐγγίας
1591 2300 1650 2352 ἐν
1686 2302 1866 2370 χαλκῷ
1929 2290 1939 2297 ”

335 2382 420 2434 καὶ
456 2382 678 2451 ςιδήρῳ·
715 2382 775 2437 ἐν
809 2384 870 2436 δὲ
911 2388 1089 2452 χρυςῷ
1128 2384 1213 2437 καὶ
1245 2383 1464 2451 ἀργύρῳ
1503 2382 1865 2448 ὀγδοηκοςτόν
1916 2400 1933 2455 j

451 2609 491 2648 4.
522 2606 821 2661 Δημαρέτιον
853 2609 968 2661 cod„
1010 2608 1135 2663 vulg.
1307 2610 1347 2652 6.
1387 2607 1508 2651 αὐτὸ
1545 2609 1678 2662 Musa,
1717 2607 1868 2651 αὐτόν
1915 2594 1919 2629 1

341 2675 441 2715 cod.
556 2678 597 2718 8.
631 2672 684 2718 ω’
714 2692 800 2719 om.
833 2679 950 2732 cod„
983 2679 1089 2722 add.
1118 2679 1302 2719 Palmer.
1420 2681 1459 2719 9.
1488 2675 1741 2730 δίδραγμον
1770 2678 1867 2721 cod.
1916 2695 1938 2723 ῑ,

341 2746 407 2783 11.
442 2742 609 2795 ςχοίνιξ
642 2749 741 2790 cod.
887 2751 955 2790 13.
988 2746 1093 2800 δύο]
1126 2746 1308 2789 δώδεκα
1337 2747 1519 2798 malim3
1563 2751 1612 2787 at
1641 2747 1761 2790 conf.
1793 2759 1867 2799 με·
1916 2744 1918 2748 ’

340 2811 551 2863 διμναῖον
696 2819 763 2858 14.
796 2817 981 2870 κύπρον
1014 2818 1132 2860 coni.
1164 2817 1320 2870 Solem„
1355 2815 1562 2868 Κύπριον
1595 2828 1680 2870 ego
1796 2819 1865 2858 21.

342 2879 532 2934 κεράτια
563 2881 760 2938 Salmas„
792 2886 965 2938 κέρατα
995 2888 1091 2929 cod.
1264 2887 1333 2926 22.
1366 2885 1544 2937 δραγμὴ
1579 2886 1679 2927 οοᾶ.
1795 2888 1865 2928 23.

343 2951 522 3003 δραγμὴ
557 2953 652 2993 eod.
771 2957 838 2995 24.
871 2956 1090 3008 δραχμῶν
1123 2958 1322 3008 Gronov„
1355 2954 1620 3007 διδράγμων
1652 2955 1752 2998 cod.
