1946 3220
214 394 277 446 82

205 2145 211 2150 ’
298 2122 648 2179 tribuuntur.(b'
670 2129 990 2182 corrigendum
1011 2128 1231 2179 videtur);
1273 2126 1515 2169 Ποντικὸν
1546 2125 1721 2179 κάρυον
1751 2126 1829 2167 hic
1876 2171 1881 2174 ,

300 159 404 213 134
821 173 1209 208 PROLEGOMENA
1233 174 1288 208 IN

362 315 428 355 De
458 315 619 355 decima
646 314 879 365 ponderum
908 315 950 351 et
979 323 1266 352 mensurarum
1295 311 1438 353 tabula
1468 310 1583 366 (cap.
1616 312 1745 366 XV).

398 401 447 446 In
474 399 626 446 tabula
651 399 824 445 decima
848 412 963 459 quae
984 392 1191 446 Ἄλλως
1215 395 1338 459 περὶ
1359 395 1569 460 μέτρων
1595 396 1680 448 καὶ
1701 411 1820 448 ςτα-

298 469 446 531 θμῶν
476 469 744 516 inscribitur
769 471 966 530 primum
991 482 1230 516 mensurae
1257 485 1282 517 a
1308 470 1533 517 medimno
1562 471 1616 517 ad
1635 471 1822 517 chemen

299 541 589 587 definiuntur.
639 539 911 586 Medimnum
947 539 1274 586 Ptolemaicum
1311 555 1414 588 esse
1451 556 1590 602 supra
1622 541 1823 587 ostendi-

297 626 398 657 mus
427 609 475 670 (S
504 607 592 673 73).
641 611 797 656 Partes
823 609 1001 671 cotylae
1027 616 1135 663 sunt
1159 604 1460 672 ὀξύβαφον,
1484 606 1702 671 κύαθος,
1728 607 1822 672 χή-

296 694 364 742 μη
379 718 392 740 ,
419 681 692 742 eaedemque
715 694 870 727 earum
895 682 1096 726 rationes
1122 687 1261 741 atque
1286 683 1333 727 in
1357 681 1516 728 tabula
1535 681 1824 729 Dioscoridea

299 751 347 810 (S
372 751 461 811 81).
509 751 718 798 Pondera
746 765 1063 798 mensurarum
1087 751 1315 813 descripta
1341 759 1448 799 sunt
1475 753 1724 800 secundum
1747 766 1824 800 co-

295 822 436 882 tylam
458 821 532 867 LX
557 822 873 870 drachmarum
903 819 948 884 (S
974 821 1063 881 45).

402 892 482 938 His
511 893 661 939 addita
688 899 795 940 sunt
822 893 908 939 alia
926 892 1061 938 variis
1083 906 1107 938 e
1126 892 1257 938 libris
1278 892 1535 953 compilata.
1572 887 1822 952 Μύςτρον

295 963 541 1025 tripliciter
560 963 827 1024 explicatur,
848 958 945 1009 tu'm
968 958 1295 1023 κοχλιάριον,
1318 959 1581 1024 βαςιλικόν
1602 959 1824 1024 κάρυον,

299 1033 385 1080 alia
410 1033 684 1092 afferuntur,
713 1035 769 1080 de
795 1034 960 1095 quibus
989 1034 1124 1080 latius
1153 1047 1378 1095 exponere
1403 1049 1496 1080 non
1526 1047 1691 1095 operae
1722 1048 1827 1095 pre-

297 1107 411 1151 tium
450 1118 550 1151 esse
586 1104 702 1150 duco
716 1100 763 1163 ¹).
822 1104 910 1150 Sed
942 1105 1030 1151 hoc
1065 1118 1158 1151 non
1189 1106 1352 1152 omitto
1379 1105 1602 1152 nonnulla
1628 1110 1825 1165 cognata

299 1190 401 1222 esse
429 1189 530 1222 cum
555 1175 858 1222 Dioscorideis
872 1170 922 1238 ²).

296 1339 599 1450 χήμη)μῑκρά
638 1339 770 1395 (prol.
804 1341 829 1390 ἓ
859 1338 931 1393 52)
967 1343 1014 1380 et
1043 1338 1308 1392 κοχλιάριον
1349 1339 1392 1391 (ἓ
1422 1342 1491 1382 59.
1525 1340 1600 1393 79)
1643 1339 1828 1394 aliaque

301 1397 343 1450 (ἓ
411 1452 453 1506 1)
486 1451 612 1494 Satis
653 1465 754 1494 esse
793 1452 976 1493 videtur
1013 1451 1133 1493 haec
1170 1452 1376 1494 breviter
1415 1453 1659 1494 adnotare:
1713 1449 1830 1503 μέγα

300 1506 529 1562 μὺςτρον,
572 1509 693 1562 quod
723 1508 906 1561 cotylae
945 1521 1054 1562 pars
1086 1510 1166 1550 18ἃ
1199 1521 1300 1550 esse
1341 1509 1532 1562 dicitur,
1574 1508 1723 1550 simile
1758 1511 1828 1549 est

297 1564 370 1606 illi
408 1565 530 1618 quod
568 1565 691 1619 apud
730 1565 1025 1618 Cleopatram
1064 1564 1245 1616 cotylae
1276 1570 1409 1619 parte
1443 1566 1523 1606 161ι
1556 1565 1830 1606 aestimatur

299 1620 344 1687 ςξ
373 1622 462 1687 76).
523 1622 642 1688 Tum
680 1619 844 1673 μικρὸν
884 1619 1089 1673 μύςτρον
1129 1623 1322 1675 aequale
1363 1625 1435 1662 est
1474 1621 1665 1662 chemae
1708 1633 1827 1674 quae

295 1677 1378 1788 {¹3„3¹:222ssptttuzJffzussiiiptiff{3333}‚
1398 1676 1730 1788 {¹333ssssss
1749 1690 1830 1773 31²1}

299 1788 557 1843 μικροτέρῳ
592 1789 780 1844 μύςτρῳ
814 1791 935 1844 quod
966 1791 1087 1843 apud
1119 1790 1416 1844 Cleopatram
1444 1803 1554 1844 pars
1587 1792 1670 1830 223ι
1702 1793 1830 1842 coty-

297 1846 373 1887 lae
414 1847 600 1887 dicitur.
659 1848 801 1888 Porro
832 1844 1097 1899 κοχλιάριον
1128 1849 1154 1888 3
1185 1847 1488 1900 scripulorum
1528 1845 1724 1899 aequale
1758 1849 1830 1886 est

300 1901 610 1956 Cleopatrano
642 1904 717 1944 cui
745 1904 881 1944 unius
913 1903 1159 1944 drachmae
1199 1904 1376 1957 pondus
1407 1903 1625 1944 tribuitur
1657 1902 1699 1955 (ξ
1731 1901 1829 1954 76);

300 1958 534 2008 βαςιλικὸν
572 1957 748 2012 κάρυον
790 1959 910 2013 apud
950 1959 1247 2013 Cleopatram
1289 1965 1358 2001 est
1388 1960 1590 2000 drachm.
1621 1959 1650 1998 4
1682 1956 1724 2009 (ἓ
1756 1957 1828 2010 76)

302 2017 626 2069 consentitque
658 2017 854 2069 scriptor
883 2016 1077 2057 tabulae
1108 2017 1279 2057 tertiae
1314 2014 1433 2069 (cap.
1466 2016 1599 2065 VIII,
1633 2013 1703 2066 18)
1736 2015 1829 2054 tria

300 2072 456 2125 stagia
494 2072 723 2123 scribens;
773 2072 854 2113 sed
902 2073 951 2112 in
988 2072 1078 2113 hac
1117 2072 1280 2113 tabula
1329 2072 1476 2112 eidem
1517 2073 1542 2112 7
1580 2070 1829 2110 drachmae

297 2183 442 2224 habet
471 2183 739 2225 drachmam
770 2187 807 2236 1,
841 2185 890 2225 in
919 2184 1082 2225 tabula
1111 2185 1253 2225 tertia
1284 2185 1336 2225 18
1369 2184 1588 2237 siliquas,
1622 2182 1740 2235 quod
1772 2182 1831 2222 ad

297 2239 419 2280 idem
448 2240 582 2284 redit.
639 2241 847 2282 Eandem
882 2253 1145 2282 mensuram
1182 2240 1447 2295 significare
1477 2240 1662 2282 videtur
1694 2238 1830 2280 Gale·

299 2307 384 2336 nus
408 2296 533 2347 (tom.
555 2297 671 2338 XIII
691 2311 735 2350 p.
758 2298 840 2338 431
863 2296 1026 2348 Kizhn).
1068 2298 1192 2338 Huic
1223 2297 1454 2338 accedunt
1484 2295 1673 2336 dimidia
1703 2306 1828 2347 pars,

301 2349 500 2402 βάλανος
532 2356 580 2393 et
610 2356 793 2406 quarta,
830 2351 1144 2404 Αἰγυπτιακὸς
1175 2351 1368 2404 κύαμος.
1418 2352 1630 2405 Denique
1664 2349 1830 2403 ὄροβος

299 2409 422 2448 inter
450 2421 690 2450 mensuras
722 2409 931 2460 affertur3
973 2410 1054 2450 sed
1086 2422 1247 2451 cares
1278 2408 1566 2450 incredibilis
1599 2411 1688 2455 est,
1723 2419 1830 2460 quo-

299 2464 426 2504 niam
462 2478 700 2517 mensura,
742 2478 860 2519 quae
901 2466 1084 2519 cotylae
1124 2467 1185 2507 sit
1223 2478 1331 2519 pars
1365 2467 1546 2518 14401112,
1586 2464 1700 2516 fingi
1738 2474 1831 2503 non

300 2524 466 2571 potest.
515 2522 824 2563 Vehementer
852 2522 929 2562 hic
962 2522 1133 2564 erravit
1164 2527 1323 2563 auctor
1353 2521 1561 2572 tabulae,
1595 2520 1694 2572 qui,
1728 2531 1830 2558 cum

301 2575 420 2615 haec
464 2590 489 2617 e
527 2578 802 2619 Dioscoride
840 2582 1110 2632 excerperet
1142 2577 1202 2631 (v,
1236 2579 1341 2621 adn.
1372 2578 1439 2630 2),
1479 2576 1653 2630 pondus
1684 2574 1826 2629 signi·
1911 2625 1914 2628 Δ

302 2629 435 2671 ficari
463 2645 555 2672 non
583 2634 883 2676 intellexerit.

417 2685 461 2738 2)
492 2688 620 2729 Inter
649 2691 988 2732 medicamenta
1010 2704 1037 2731 a
1057 2690 1329 2732 Dioscoride
1359 2701 1408 2730 π.
1427 2687 1543 2740 ὕλης
1574 2688 1597 2728 Ι
1626 2701 1670 2741 p.
1690 2687 1770 2728 156
1792 2698 1828 2727 S.

306 2742 626 2783 describuntur
657 2744 832 2797 κάρυον
864 2745 1097 2798 βαςιλικόν
1130 2751 1177 2788 et
1206 2745 1382 2798 κάρυον
1401 2742 1656 2785 Ποντικόν.
1695 2743 1830 2783 Prius

307 2798 415 2851 quid
445 2799 526 2849 sit,
568 2801 668 2851 ipse
702 2803 929 2855 explieat:
968 2801 1118 2856 κάρυα
1159 2799 1384 2854 βαςιλικά,
1423 2798 1452 2840 ἃ
1482 2798 1596 2841 ἔνιοι
1624 2795 1830 2850 Περςικὰ

306 2854 509 2895 καλοῦςι.
568 2855 684 2895 Tum
723 2858 772 2897 in
807 2857 924 2899 libro
955 2860 1001 2899 11
1033 2859 1324 2912 explicantur
1354 2855 1531 2907 κύαμος
1563 2852 1829 2907 Ἑλληνικός

307 2924 353 2962 p.
383 2912 467 2951 246
497 2922 572 2961 ss„
616 2909 868 2971 Αἰγύπτιρς
900 2913 1100 2966 κύαμος,
1141 2914 1198 2956 ὃν
1229 2913 1341 2955 ἔνιοι
1369 2910 1612 2954 Ποντικὸν
1642 2909 1832 2951 καλοῠςι

305 2980 349 3019 p.
382 2967 465 3007 248
497 2979 549 3019 s.,
593 2964 760 3019 ὀροβός
798 2982 841 3021 p.
875 2972 956 3011 251
989 2983 1040 3021 s.,
1082 2969 1250 3024 θέρμος
1279 2984 1323 3023 p.
1355 2971 1438 3010 252
1470 2980 1528 3008 ss.
1589 2968 1676 3007 His
1714 2965 1829 3007 locis

1832 80 1834 82 “
1825 0 1852 30 0¹

1856 22 1876 69 «ζ’ἑ,

1888 164 1890 166 ,
1894 105 1900 109 »
1890 79 1896 86 Α
1882 51 1899 65 ‚3

1913 188 1921 196 ,
1916 105 1917 109 Α

1934 606 1946 624 -.=
1918 243 1946 593 ,=x=;—=.-.·2‹1'54¹·2‡.?²÷ffl
