1946 3220
315 136 383 190 82
841 149 1229 186 PROLEGOMENA
1254 149 1308 183 m

314 264 508 328 τρικῶν
548 261 875 323 ςυναγωγῶν
926 244 1073 308 libris*
1098 260 1244 306 LXXll
1287 260 1512 319 confecit,
1561 261 1638 307 ubi
1691 264 1842 309 omnia

319 350 630 398 quaecumque
656 350 680 381 a
708 333 939 395 prioribus
975 332 1161 378 medicis
1189 331 1373 392 egregie
1401 338 1446 377 et
1471 330 1647 377 utiliter
1670 333 1841 393 scripta
1916 347 1946 401 ’ῃ

1863 0 1943 206 l

1903 209 1945 253 ’.ι

1912 253 1946 274 Es!

1912 278 1946 319 τι]

1917 311 1922 318 ’
1941 322 1946 362 ι

318 422 420 454 esse
444 407 702 452 viderentur
728 417 781 448 ex
806 417 964 448 eorum
992 402 1122 448 libris
1152 401 1413 462 compilavit
1437 409 1657 463 certoque
1682 403 1847 448 ordine
1918 435 1922 438 -

319 473 608 537 disposuit2).
637 474 776 521 Cuius
802 480 952 519 vastae
979 479 1024 518 et
1049 473 1249 533 ingentis
1273 472 1559 519 collectionis
1587 473 1686 534 ipse
1713 480 1847 533 post·
1921 468 1930 530 ξ
1944 479 1946 483 ’

318 562 368 593 ea
404 547 658 592 breviorem
699 543 928 605 epitomen
963 543 1096 601 fecit,
1134 555 1250 603 quae
1286 537 1517 603 Εὐνοψις
1561 543 1841 589 inscribitur.

318 616 517 662 Eundem
549 630 656 661 vero
690 615 824 660 etiam
856 614 910 660 de
945 615 1171 660 mensuris
1208 619 1253 658 et
1287 613 1565 674 ponderibus
1604 613 1847 674 scripsisse

318 692 514 733 testatur
539 686 738 746 scriptor
762 684 885 731 illius
911 683 1213 745 expositionis
1245 697 1360 743 quae
1391 684 1587 744 primum
1611 683 1762 730 locum
1795 686 1842 730 in
1925 695 1932 710 ·’

317 755 588 804 collectione
618 756 809 802 Galenea
847 755 1023 801 obtinet
1051 754 1098 814 (S
1123 757 1193 799 50.
1222 752 1310 813 52).
1360 752 1491 809 Quod
1516 769 1602 815 ego
1629 769 1730 801 cum
1767 769 1849 801 co·

319 828 575 887 gnovissem
600 827 795 888 primum
830 825 1154 886 inquirendum
1190 837 1292 871 esse
1328 826 1464 885 duxi,
1503 839 1612 872 num
1646 825 1767 872 sorte
1797 826 1843 871 in

317 897 448 943 libris
477 895 807 955 ςυναγωγῶν
834 897 887 943 de
916 909 968 942 eo
995 902 1265 956 argumento
1295 896 1514 956 quaedam
1541 896 1847 942 traderentur.

319 967 407 1014 Sed
431 968 493 1014 ibi
520 970 564 1013 in
590 968 818 1013 variorum
843 967 1121 1014 medicorum
1146 965 1261 1012 locis
1290 968 1434 1012 varias
1462 966 1640 1027 quidem
1663 979 1848 1012 mensu·

317 1052 392 1085 ras
427 1038 578 1084 afferri
611 1038 726 1096 vidi,
763 1037 876 1084 nihil
912 1044 1063 1084 tamen
1104 1036 1226 1098 quod
1262 1036 1316 1082 ab
1352 1038 1454 1098 ipso
1482 1036 1687 1084 Oribasio
1714 1037 1769 1083 de
1795 1050 1846 1083 ea

320 1121 371 1154 re
396 1114 827 1155 commemoraretur
855 1104 1067 1168 inveni3).
1120 1109 1232 1154 Tum
1256 1120 1363 1153 vero
1391 1108 1563 1154 maiore
1589 1107 1722 1155 etiam
1750 1113 1849 1154 stu·

433 1315 475 1367 2)
510 1315 680 1357 Confer
725 1316 1065 1369 praefationem
1114 1316 1258 1368 ipsius
1304 1315 1456 1368 operis
1507 1315 1566 1355 ad
1614 1315 1847 1356 Iulianum

319 1371 559 1425 scriptam:
593 1370 816 1424 δευτέραν
848 1371 1072 1415 ἐπέταξας
1103 1371 1271 1424 πρᾶξιν
1291 1369 1491 1413 πάντων
1519 1373 1620 1413 τῶν
1641 1368 1845 1423 ἀρίςτων

319 1425 499 1480 ἰατρῶν
549 1427 906 1481 ἀναζητήςαντά
943 1440 999 1480 με
1038 1426 1098 1469 τὰ
1137 1426 1426 1480 καιριώτατα
1465 1430 1741 1479 ςυναγαγεῑν
1771 1427 1848 1469 καὶ

318 1483 471 1525 πανθ’
501 1483 583 1525 ὅςα
620 1483 881 1538 χρηςιμεύει
919 1483 1037 1536 πρὸς
1077 1482 1196 1525 αὐτὸ
1236 1483 1295 1524 τὸ
1334 1483 1469 1526 τέλος
1507 1485 1592 1536 τῆς
1625 1482 1851 1537 ἰατρικῆς.
1938 1535 1940 1538 v

322 1540 490 1581 Libros
511 1541 683 1582 LXXII
711 1542 758 1581 id
788 1554 900 1594 opus
931 1541 1150 1582 habuisse
1182 1541 1345 1581 scribit
1376 1540 1542 1582 Suidas
1570 1553 1605 1583 s,
1627 1554 1670 1583 v.
1706 1539 1849 1593 Ὀρει-

336 1594 506 1646 βάςιος;
560 1598 858 1651 septuaginta
894 1601 1072 1637 tantum
1109 1596 1253 1637 libros
1292 1597 1439 1638 eidem
1468 1597 1628 1638 tribuit
1656 1596 1852 1639 Photius

330 1652 380 1692 in
409 1652 530 1694 Bibl.
554 1655 652 1695 cod.
674 1656 770 1697 217.
830 1654 921 1704 Qui
950 1654 1130 1694 omnino
1162 1654 1392 1707 copiosius
1422 1652 1547 1706 (inde
1571 1666 1599 1694 a
1620 1666 1722 1708 cap.
1744 1652 1851 1706 216)

331 1708 387 1749 de
419 1708 626 1750 Oribasii
654 1711 840 1764 scriptis
870 1710 1065 1751 disserit.

443 1765 491 1817 3)
523 1765 716 1808 Omissis
746 1767 1035 1809 brevioribus
1068 1768 1164 1807 eius
1196 1767 1346 1820 operis
1377 1765 1588 1819 reliquiis
1619 1778 1737 1819 quae
1769 1766 1848 1807 ad-

328 1820 418 1862 huc
460 1822 613 1863 editae
652 1827 757 1864 sunt
797 1823 858 1876 (v.
889 1823 1130 1865 Choulant.
1160 1823 1182 1863 I
1211 1837 1254 1876 p.
1289 1824 1369 1863 122
1399 1822 1460 1875 s.)
1502 1822 1691 1863 adhibui
1726 1824 1848 1864 Mat-

326 1878 455 1919 thaei
497 1880 697 1932 priorum
745 1880 1005 1933 quindecim
1049 1879 1264 1920 librorum
1312 1879 1584 1928 editionem,
1629 1891 1748 1932 quae
1778 1880 1847 1919 in-

322 1934 540 1975 scribitur
569 1937 677 1976 XXI
722 1941 928 1979 veterum
977 1936 1255 1977 medicorum
1303 1936 1580 1977 Graecorum
1626 1935 1853 1989 opuscula

325 1991 562 2044 (Mosquae
596 1992 739 2044 1808).
797 1993 930 2035 Unde
961 1992 1079 2033 haec
1111 1992 1166 2033 de
1197 1993 1422 2039 mensuris
1455 1993 1686 2045 excerpsi:
1737 1992 1847 2032 An-

322 2046 525 2099 tyllus,
565 2049 770 2090 medicus
810 2050 1019 2089 incertae
1051 2049 1219 2089 aetatis
1253 2048 1408 2100 (Fabr.
1440 2049 1554 2089 XIII
1583 2061 1628 2101 p.
1661 2047 1733 2099 71)
1765 2048 1847 2090 ha-

322 2103 403 2143 bet
432 2101 642 2155 δραχμήν
675 2105 735 2159 (p.
771 2105 887 2157 168),
918 2103 1184 2157 τριώβολον
1215 2102 1279 2158 (p.
1315 2104 1430 2156 174),
1462 2102 1666 2157 κοτύλης
1700 2103 1851 2146 Ἀττι-

323 2159 406 2211 κῆς
427 2157 562 2209 ἥμιςυ
585 2161 721 2211 (168),
744 2160 922 2203 κύαθον
945 2161 1077 2212 (174),
1114 2159 1318 2213 μύςτρον
1340 2160 1477 2213 (171).
1521 2161 1648 2202 Adde
1670 2174 1714 2215 p.
1739 2162 1844 2203 186:

324 2212 442 2255 ὀπὸς
477 2214 763 2268 Κυρηναϊκὸς
803 2216 886 2258 ςὺν
923 2216 1059 2258 ὕδατι
1097 2215 1319 2268 διειμένος
1349 2239 1405 2246 -
1435 2215 1688 2268 πινόμενος
1720 2215 1849 2268 μέγε-

323 2271 403 2312 θος
435 2270 545 2312 ὅςον
576 2271 825 2324 ἐρεβίνθου.
854 2296 912 2302 -
939 2274 1318 2327 Archigenes,
1362 2274 1439 2326 qui
1479 2278 1587 2314 ante
1620 2273 1846 2314 Galenum

321 2328 496 2368 Romae
528 2333 674 2370 artem
703 2330 983 2371 medicinam
1014 2330 1219 2370 exercuit
1248 2329 1452 2380 (Fabric.
1482 2344 1526 2383 p.
1559 2328 1649 2382 80),
1682 2334 1729 2370 et
1756 2331 1848 2372 Ro-

322 2384 472 2424 manis
514 2388 560 2425 et
599 2385 791 2427 Graecis
830 2386 906 2428 vel
943 2386 1187 2440 Aegyptiis
1226 2387 1452 2427 mensuris
1481 2398 1590 2426 usus
1624 2389 1709 2427 est.
1767 2387 1846 2427 In-

323 2441 569 2482 veniuntur
600 2443 721 2495 apud
753 2456 853 2484 eum
884 2440 1042 2495 ξέςτης
1074 2443 1210 2495 (163),
1241 2441 1547 2493 ἡμικοτύλιον
1569 2443 1704 2494 (157),
1737 2441 1848 2484 κύα-

325 2495 405 2536 θος
438 2496 570 2550 (221),
602 2497 737 2550 λίτρα
765 2498 887 2552 (162.
919 2501 1034 2550 163),
1066 2497 1328 2551 ἡμιλίτριον
1361 2498 1495 2552 (156),
1526 2497 1704 2551 δραχμή
1730 2499 1845 2551 (162.

325 2549 442 2603 221),
475 2551 590 2605 ὁλκή
615 2552 735 2607 (221.
766 2555 883 2608 222),
913 2554 1158 2606 ἡμιόλκιον
1180 2554 1324 2610 (222),
1359 2556 1480 2609 quod
1510 2555 1689 2608 quidem
1720 2555 1851 2597 nullo

327 2605 419 2646 alio
450 2607 550 2648 loco
580 2609 696 2663 legi,
738 2612 933 2666 denique
975 2610 1179 2664 μύςτρου
1210 2610 1468 2664 ςυμμέτρου
1499 2611 1680 2663 πλῆθος
1712 2610 1845 2665 (163).

324 2661 427 2702 Uno
464 2662 567 2704 loco
598 2668 793 2719 ςφαῑρα,
834 2670 865 2708 i.
901 2681 941 2709 e.
973 2668 1207 2722 globulus,
1246 2668 1565 2721 magnitudine
1605 2665 1849 2710 Ποντικοῦ-

326 2715 503 2768 καρύου
534 2719 746 2763 definitur
777 2723 911 2777 (221).
942 2746 995 2753 —
1026 2724 1338 2776 Dieuches,
1380 2724 1456 2776 qui
1487 2737 1514 2764 a
1544 2723 1697 2764 Plinio
1730 2725 1845 2765 cita-

325 2777 398 2813 tur
430 2774 587 2824 (Fabr.
620 2776 746 2830 141),
786 2780 925 2831 plane
957 2781 1184 2822 Graecam
1215 2779 1594 2822 consuetudinem
1624 2781 1843 2833 sequitur.

324 2829 539 2871 Pondera
568 2835 674 2871 sunt
703 2835 792 2882 μνᾶ
824 2835 929 2888 (40),
961 2835 1138 2889 δραχμή
1173 2835 1259 2889 (44.
1290 2838 1360 2878 45.
1392 2838 1461 2877 46.
1494 2837 1610 2888 216),
1650 2835 1845 2888 τριώβο-

328 2885 413 2926 λον
437 2885 527 2937 (392
561 2885 670 2928 ὅςον
699 2899 769 2940 τρ.
791 2888 975 2944 ὁλκῆς);
1008 2906 1247 2934 mensurae
1269 2891 1446 2945 κοτύλη
1470 2891 1559 2945 (38.
1579 2893 1648 2934 40.
1669 2894 1726 2933 42
1749 2892 1849 2947 aL),
