1946 3220
0 0 86 37 ’rt-'³‘
107 4 159 29 ν
182 0 188 2 ·
200 0 926 45 ssffxfwwfflmwwmffwam
986 24 998 38 „
1042 7 1070 30 v.
1091 25 1102 34 ,
1227 6 1300 37 w.

332 172 401 226 36
852 175 1244 221 PnonEGOMENA
1278 187 1335 222 m

335 304 563 363 farragine
599 301 675 346 illa
704 302 1084 360 geometricarum
1115 307 1160 346 et
1186 302 1536 362 gromaticarum
1561 301 1909 363 reliquiarum
1924 268 1946 382 Ξ

335 387 452 434 quae
482 372 617 430 vulgo
647 371 730 416 suh
750 370 893 416 Boetii
916 369 1053 416 titulo
1080 370 1242 416 fertur.
1292 371 1324 416 E
1353 371 1517 433 quihus
1543 385 1682 417 unum
1707 386 1855 419 emen·

335 444 437 489 date
477 441 616 487 edidit
639 441 975 499 Lachmannus‚
1016 440 1092 486 alii
1132 441 1222 487 duo
1259 443 1303 486 in
1339 442 1537 488 editione
1561 442 1705 488 Boetii
1733 444 1856 502 prin-
1939 493 1942 498 ,

335 514 435 572 cipe
472 517 650 556 exstant
683 512 955 572 repetitique
993 518 1099 557 sunt
1136 513 1180 556 in
1216 507 1617 572 posterioribus⁴);
1662 511 1741 559 sed
1771 512 1870 559 hae*
1937 539 1946 556 .-

335 581 556 642 reliquiae
582 596 665 628 nec
691 596 774 642 per
800 595 849 627 se
873 581 1016 627 ullum
1042 582 1239 628 fructum
1266 582 1427 628 afferre
1446 589 1640 643 possunt
1660 582 1714 628 ad
1733 589 1858 629 vete-.

335 666 435 697 rum
471 665 787 698 mensurarum
825 666 875 698 ac
895 652 1146 712 ponderum
1174 652 1434 712 scientiam,
1467 667 1554 698 nec
1578 653 1778 711 omnino,
1805 658 1858 698 ut
1928 678 1937 686 -·

337 723 529 783 opinor,
565 723 635 767 his
677 724 744 768 uti
785 721 941 769 licebit
967 724 1095 782 prius
1124 736 1256 783 quam
1282 723 1483 769 de'omni
1506 723 1648 769 Boetii
1674 737 1856 783 geome-

336 794 451 839 trico
483 806 621 854 opere
649 793 793 853 deque
822 793 920 838 aliis
949 807 1063 853 quae
1094 793 1259 838 iniuria
1286 793 1391 839 olim
1417 794 1572 840 Boetio
1600 792 1858 840 tribuerunt
1932 795 1946 818 ’·

336 863 447 910 satis
472 877 556 924 pro
583 865 649 910 rei
676 865 894 924 gravitate
921 863 1196 924 disputatum
1225 859 1368 923 erit5).
1424 865 1502 910 His
1542 863 1713 910 accedit
1749 865 1860 910 scri·
1888 901 1890 903 .
1933 863 1944 897 ’ἱ

334 939 443 995 ptor
471 935 636 980 saeculi
662 935 847 993 decimi,
871 923 1231 992 *non'mediocri,
1261 940 1312 979 ut
1336 934 1427 980 illis
1456 934 1752 995 temporibus,
1779 934 1858 999 do-

333 1006 507 1061 ctrina,
534 1004 660 1051 Abbo
688 1004 1005 1062 floriacensis,
1032 1006 1161 1049 cuius
1188 1019 1211 1050 e
1238 1006 1569 1059 commentariis
1596 1004 1642 1049 in
1670 1004 1858 1051 Victorii

336 1073 558 1120 calculum
595 1077 775 1136 scriptis
812 1081 967 1135 partes
1004 1074 1192 1120 selectas
1230 1089 1376 1136 nuper
1411 1075 1550 1121 edidit
1574 1070 1855 1133 Christius⁶).

335 1145 384 1190 In
422 1144 585 1205 quihus
627 1145 836 1191 nonnulli
878 1145 967 1191 loci
1009 1152 1117 1190 sunt
1151 1145 1205 1191 de
1240 1145 1516 1205 ponderibus
1555 1152 1601 1190 et
1635 1146 1858 1191 mensuris

337 1211 598 1276 antiquis⁷)‚
627 1230 743 1276 quos
771 1216 954 1260 minime
979 1215 1288 1275 neglegendos
1313 1228 1413 1262 esse
1443 1217 1676 1271 existim03
1708 1215 1788 1261 sed
1813 1222 1859 1261 et
1907 1257 1909 1259 .

337 1292 460 1332 aetas
496 1287 594 1346 ipsa
630 1300 719 1346 qua
748 1286 859 1331 haec
894 1285 1152 1346 conscripta
1187 1293 1294 1331 sunt
1329 1299 1398 1331 me
1422 1284 1690 1347 prohibuit,
1725 1299 1780 1331 ne
1806 1299 1857 1331 ea
1931 1323 1940 1327 -

336 1356 384 1401 in
410 1355 530 1403 hunc
556 1356 723 1402 librum
750 1358 1023 1417 reciperem,
1047 1370 1131 1403 nec
1155 1357 1305 1414 volui,
1333 1371 1435 1403 cum
1462 1359 1559 1417 ipse
1585 1356 1718 1417 plane
1745 1355 1856 1402 nihil

335 1440 436 1472 meo
477 1427 627 1473 studio
658 1427 819 1473 addere
846 1440 1056 1488 possem,
1093 1434 1263 1473 tantam
1286 1434 1460 1488 partem
1487 1427 1671 1472 Christii
1698 1426 1858 1472 editio·

338 1498 409 1542 nis
438 1504 660 1557 repetere.

309 1576 311 1578 ’
442 1567 492 1611 V.
529 1567 587 1613 De
618 1567 736 1612 Calvi
767 1569 1143 1628 interpretatione
1174 1567 1427 1613 tabularum
1454 1567 1856 1613 Alexandrinarum

337 1636 453 1682 infra
480 1639 722 1698 separatim
749 1638 948 1684 dicemus
974 1638 1020 1696 (S
1050 1637 1181 1696 123).

751 1776 816 1815 De
847 1774 989 1815 tabula
1018 1776 1176 1816 codicis
1207 1774 1447 1816 Bobiensis.

229 1865 318 1918 122
444 1861 636 1908 Carmini
670 1862 725 1908 de
759 1861 1035 1925 ponderibus
1063 1861 1110 1921 (S
1145 1861 1260 1921 118)
1289 1864 1335 1907 in
1361 1862 1515 1909 codice
1539 1862 1749 1908 Bobiensi
1782 1863 1858 1910 ad-

340 1934 509 1993 scripta
545 1939 615 1979 est
642 1932 824 1979 brevior
850 1933 1066 1993 quaedam
1093 1933 1246 1978 tabula
1272 1947 1359 1993 qua
1384 1934 1577 1979 Attica
1603 1933 1859 1993 pondera

338 2003 473 2049 homo
511 2003 691 2063 quidam
729 2005 1050 2064 grammaticus
1076 2003 1306 2049 illustrare
1332 2011 1523 2050 conatus
1546 1999 1678 2063 est¹).
1734 2004 1780 2048 ln
1807 2017 1859 2049 ea

339 2086 553 2119 numeros
580 2075 822 2133 insigniter
846 2081 1092 2134 corruptos
1119 2087 1219 2119 esse
1244 2087 1337 2120 non
1362 2074 1496 2119 latuit
1519 2067 1852 2130 Endlicherum,

341 2142 427 2189 etsi
465 2150 634 2190 rectam
661 2158 740 2190 eos
768 2144 1031 2190 emendandi
1061 2146 1176 2189 viam
1203 2158 1295 2189 non
1323 2145 1517 2203 invenit,
1556 2157 1687 2204 quam
1714 2157 1859 2204 nuper

1860 2296 1891 2332 Ω
1916 2326 1921 2331 .

451 2364 498 2418 4)
530 2365 584 2405 V.
616 2365 900 2406 Lachmann.
934 2379 979 2418 p.
1009 2366 1155 2406 407—
1166 2366 1273 2416 408,
1307 2366 1355 2416 2,
1406 2365 1562 2406 Boetii
1611 2334 1857 2442 editionem

339 2420 656 2462 Basileensem
688 2422 797 2462 anni
828 2423 935 2462 1546
966 2435 1010 2474 p.
1044 2423 1150 2462 1212
1183 2426 1229 2461 et
1261 2423 1383 2464 1228.

454 2478 498 2530 5)
538 2478 649 2519 Post
686 2477 916 2518 Blumium
956 2482 1003 2518 et
1042 2478 1386 2518 Lachmannum
1425 2477 1646 2528 (Gromat.
1684 2476 1773 2518 vol.
1811 2476 1859 2517 II

342 2548 387 2587 p.
420 2534 605 2585 64—96)
644 2547 790 2587 nuper
827 2534 882 2574 de
921 2534 1010 2574 hac
1050 2547 1098 2574 re
1130 2534 1481 2587 impeditissima
1511 2534 1859 2587 disputaverunt
1945 2550 1946 2553 ¹

345 2591 396 2631 G.
429 2590 667 2631 Friedlein
698 2590 919 2642 (Ger-bert,
952 2592 1021 2631 die
1054 2591 1287 2631 Geometrie
1318 2591 1393 2630 des
1422 2590 1626 2631 Boethius
1656 2592 1744 2631 cet.
1774 2589 1857 2629 Er-

343 2646 614 2698 lang.1861,
647 2648 769 2688 idem
798 2649 846 2687 in
866 2646 1160 2687 Fleckeiseni
1192 2646 1436 2686 annalibus
1469 2647 1576 2686 1863
1606 2659 1653 2698 p.
1674 2644 1757 2685 425
1779 2643 1856 2696 ss.)

348 2705 393 2741 et
423 2702 482 2744 M.
515 2702 688 2743 Cantor
718 2702 1086 2753 (Mathematisclze
1116 2703 1324 2755 Beitrci'ye
1360 2715 1449 2742 zum
1489 2701 1750 2742 Culturleben
1781 2702 1859 2742 der

353 2757 523 2805 Vo'llcer,
556 2759 662 2800 Hal.
696 2761 806 2801 1863
836 2773 879 2813 p.
915 2760 1050 2800 184-
1056 2757 1170 2811 198)

460 2813 502 2863 6)
543 2813 630 2854 Sit:
613 2817 827 2868 unysber.
867 2818 910 2857 d.
942 2815 1205 2855 Miinclzener
1250 2814 1391 2854 Akad.
1446 2813 1554 2854 1863
1603 2827 1647 2866 p.
1687 2815 1765 2853 141
1797 2824 1856 2854 ss.

345 2868 415 2908 De
450 2872 604 2909 aetate
635 2871 837 2912 Abbonis
867 2885 909 2913 v.
941 2871 1050 2914 ibid,
1082 2885 1125 2924 p.
1161 2872 1255 2913 118.

460 2923 503 2974 7)
535 2924 588 2965 V.
619 2926 650 2966 1.
684 2940 719 2966 c.
753 2941 798 2979 p.
833 2929 1053 2968 141—146
1083 2940 1150 2968 vs.
1182 2929 1223 2978 3,
1257 2941 1302 2980 p.
1337 2926 1417 2966 150
1447 2937 1512 2967 vs.
1545 2926 1723 2967 7—152.

462 2981 502 3030 1)
535 2980 766 3021 Prisciani
797 2984 986 3035 gramm.
1019 2984 1224 3024 carmina
1257 2982 1326 3024 ed.
1356 2980 1604 3022 Endlicher
1633 2994 1676 3035 p.
1711 2981 1790 3022 108
1821 2995 1856 3024 s.
