1946 3220
264 626 291 664 5

237 1045 291 1086 10

237 1464 290 1503 15

233 1882 291 1922 20

320 151 427 203 268
710 141 1027 203 FRAdMEN'rA
1063 166 1134 199 m:
1170 164 1428 200 MENsmus
1743 147 1861 218 [83]

321 277 548 342 χουτρά·
584 276 690 328 ἔςτι
722 277 781 327 δὲ
809 274 839 327 ὁ
867 275 1059 339 ςτατὴρ
1087 274 1122 327 Ε
1147 275 1241 338 μὲν
1265 275 1322 336 13,
1358 273 1458 326 δύο
1483 274 1542 327 δὲ
1571 273 1844 339 δίδραγμα,
1907 299 1927 349 ².

322 362 357 413 ἃ
383 362 611 414 καλεῖται
637 358 1006 425 ἐπικεφάλαια,
1024 358 1158 412 κατὰ
1177 359 1235 412 δὲ
1260 358 1555 423 Ῥωμαϊκὴν
1571 357 1845 413 διάλεκτον
1928 357 1934 362 ’

322 444 587 497 καπίτιον·
612 443 819 496 καποὺτ
843 443 945 508 γὰρ
970 444 1068 508 τὴν
1097 443 1338 509 κεφαλὴν
1363 444 1626 495 καλοῦςιν.
1657 440 1762 494 ἔςτι
1786 442 1846 496 δὲ

320 528 383 580 τὸ
415 527 705 592 δίδραγμον
733 527 832 580 δύο
858 528 1096 593 δράγμαι.

427 610 475 664 5.
515 611 700 666 Είκλον
732 610 842 664 ἀπὸ
866 613 960 676 τῆς
994 612 1140 664 ςεκὲλ
1166 611 1465 677 Ἑβραῖδος,
1502 610 1532 663 ὅ
1560 610 1665 663 ἑςτι
1690 609 1846 675 ῥοπή.

321 696 431 762 ἔχει
454 697 514 750 δὲ
539 696 638 749 δύο
662 696 728 749 τὰ
754 696 923 748 λεπτὰ
948 695 1276 760 καλούμενα,
1307 694 1341 747 ἅ
1368 693 1457 748 εἰςι
1483 695 1708 759 δράγμαι
1732 693 1847 746 δύο.

427 780 475 833 6.
513 780 636 833 Δύο
662 781 721 833 δὲ
741 779 999 844 δίδραγμά
1021 779 1112 833 εἰςι
1131 779 1230 833 δύο
1252 779 1416 832 ςὶκλοι
1434 779 1566 832 κατὰ
1584 779 1647 832 τὸ
1669 778 1848 832 ςίκλον

322 865 385 918 τό
411 863 593 928 ἅγιον,
626 865 680 917 οἳ
706 866 918 917 ποιοῦςι
947 866 1176 928 ςτατῆρα
1202 863 1311 917 ἕνα.

427 949 474 1001 7.
510 949 571 1002 ‘0
615 949 808 1014 ςτατὴρ
844 948 877 1013 ἢ
915 947 1044 1013 ὁλκὴ
1078 943 1122 1013 β’
1151 947 1455 1013 διδράγμων
1488 947 1739 1000 ἀποτελεῖ
1760 945 1848 1010 με’-

319 1050 464 1099 τρον.
1731 1080 1734 1083 ,

427 1116 474 1169 8.
515 1137 540 1169 *
571 1118 802 1170 καλεῖται
827 1118 886 1169 δὲ
911 1115 1205 1180 κοδράντης
1231 1116 1316 1184 [τὸ
1344 1115 1519 1172 ςίκλον
1546 1115 1666 1181 γάρ,
1693 1131 1848 1168 του-τ-

319 1202 458 1254 ἐςτιν
484 1200 531 1252 α’
557 1201 592 1253 Ε
618 1200 876 1268 ἐξάγιον]·
914 1199 1253 1265 ἑρμηνεύεται
1280 1201 1338 1253 δὲ
1370 1199 1428 1253 ἐκ
1459 1202 1552 1263 τῆς
1577 1198 1846 1265 Ἑβραῖδος

321 1285 618 1350 κοδράντης
646 1285 816 1348 ἤγουν
845 1283 1157 1348 ἀπόδεςμος.
1848 1292 1851 1294 ’

427 1367 475 1421 9.
511 1369 652 1422 Αὐτὸ
691 1370 751 1421 δὲ
794 1367 972 1422 ςίκλον
1001 1366 1061 1420 δ”
1086 1369 1181 1433 μὲν
1218 1370 1310 1433 τῆς
1336 1369 1375 1422 [3
1400 1367 1565 1431 ἐςτίν,
1603 1367 1638 1420 Ε
1663 1369 1722 1421 δὲ
1747 1368 1850 1420 τοῦ
1900 1411 1902 1413 ,

323 1455 591 1518 ςτατῆρος.
642 1453 742 1505 δύο
769 1454 828 1506 δὲ
863 1452 1100 1517 δράχμας
1133 1452 1263 1517 ἔχει·
1299 1451 1362 1517 η”
1387 1453 1491 1517 γὰρ
1523 1455 1616 1516 τῆς
1645 1453 1685 1506 Ιῖ
1710 1451 1849 1506 ἑςτὶν

318 1537 353 1601 ἡ
378 1537 596 1602 δράγμη.
648 1538 881 1590 καλεῖται
907 1538 965 1589 δὲ
990 1535 1022 1600 ἡ
1048 1536 1253 1601 δράχμη
1278 1536 1361 1589 καὶ
1391 1536 1535 1600 ὁλκή.

395 1620 474 1672 10.
512 1621 570 1673 Ἡ
613 1621 723 1685 Θρὶξ
763 1622 823 1673 δὲ
857 1623 955 1673 τοῦ
988 1620 1350 1685 κουρεύματος
1386 1622 1483 1673 τοῦ
1519 1620 1848 1685 Ἀβεςςαλὼμ

320 1703 386 1768 ἦν
424 1705 585 1768 ὁλκῆς
621 1704 812 1759 ςίκλων
849 1702 976 1770 ρκε’·
1026 1703 1057 1756 ὅ
1093 1703 1227 1757 ἐςτιν
1254 1706 1293 1759 Ιΐ
1319 1702 1401 1756 λα’
1426 1704 1511 1757 καὶ
1537 1703 1713 1756 ςίκλου
1740 1701 1788 1755 α’
1812 1703 1849 1768 ἢ
1931 1769 1933 1771 ¹

321 1787 366 1853 β’
396 1788 433 1840 Ε
459 1791 654 1853 λιτρῶν
685 1829 697 1840 .
723 1829 733 1840 .
762 1830 772 1840 .
797 1789 882 1841 καὶ
908 1787 1087 1841 ςίκλου
1114 1788 1252 1842 ἑνός.
1919 1851 1928 1854 ⁷

395 1872 475 1923 11.
512 1872 755 1937 Ὀβολός.
806 1875 971 1925 τοῦτο
1008 1873 1211 1934 ὀγδοόν
1247 1872 1352 1926 ἐςτι
1388 1874 1481 1937 τῆς
1507 1873 1546 1927 [ἲ
1574 1871 1682 1925 ἀπὸ
1709 1873 1852 1936 ςιδή-

322 1972 422 2020 ρου
447 1956 827 2021 πεποιημένον.
879 1956 1036 2022 βέλος
1067 1958 1126 2010 δὲ
1159 1959 1321 2010 τοῦτο
1347 1956 1438 2021 ἦν·
1474 1956 1580 2021 πρὸ
1617 1956 1719 2020 γὰρ
1752 1958 1848 2022 τῆς

322 2039 546 2104 Χριςτοῦ
572 2040 863 2104 παρουςίας
890 2041 975 2093 διὰ
1001 2041 1063 2093 τὸ
1097 2041 1155 2094 ἐν
1181 2041 1401 2119 πολέμῳ
1434 2041 1724 2102 ςυγκεῑςθαι
1750 2041 1853 2104 τὴν

435 2252 474 2292 3.
507 2247 739 2291 καπίτιων
769 2248 819 2290 Pi
936 2251 977 2293 6.
1013 2249 1073 2292 τὰ
1113 2262 1198 2293 om.
1238 2250 1301 2292 Sa
1415 2248 1528 2292 εἰςὶν
1558 2249 1607 2292 Pi
1641 2249 1770 2303 (item
1799 2250 1844 2303 7)

320 2318 519 2371 δραχμαὶ
550 2318 612 2360 Sa
727 2321 768 2360 7.
800 2316 1024 2371 δίδραχμα
1053 2319 1115 2360 Sa
1258 2323 1299 2363 9.
1332 2319 1361 2372 ἢ
1394 2319 1508 2372 ὅλκη
1540 2318 1606 2373 Pi,
1635 2323 1694 2374 τῇ
1728 2318 1851 2375 ὁλκῇ

321 2389 384 2430 Sa
455 2391 457 2394 “
498 2386 763 2441 διδράχμων
793 2388 856 2430 Sa
1030 2392 1096 2430 11.
1128 2388 1169 2443 ια]
1209 2390 1378 2432 lacuna
1407 2391 1456 2430 in
1486 2388 1552 2442 Pi,
1596 2386 1755 2431 ςίκλον
1784 2390 1853 2431 Sa
1939 2394 1944 2400 ’

319 2457 379 2499 τὸ
411 2456 567 2500 ςίκλον
604 2471 750 2512 usque
791 2459 850 2500 ad
887 2457 1069 2510 ἐξάγιον
1106 2460 1237 2501 uncis
1275 2459 1530 2500 interclusa
1567 2463 1673 2500 sunt
1701 2460 1750 2500 in
1778 2457 1843 2511 Pi,

322 2531 460 2579 atque
490 2528 540 2568 in
569 2529 777 2582 margine
808 2528 925 2570 haec
968 2530 1227 2583 adscripta:
1279 2526 1461 2571 (ςίκλον
1490 2526 1741 2581 δίδραγμον
1772 2540 1851 2571 κο·

321 2593 523 2649 δράντης
571 2596 693 2639 κατὰ
741 2598 948 2650 ςταθμὸν
986 2598 1045 2640 τὸ
1084 2597 1205 2640 αὐτὸ
1242 2595 1423 2650 γίνεται
1458 2595 1701 2640 τουτέςτιν
1738 2591 1781 2639 α’
1813 2595 1850 2640 C

320 2661 476 2715 ἑξαγ.’;
509 2667 670 2708 eadem
699 2681 786 2711 om.
814 2668 875 2709 Sa
992 2671 1059 2710 13.
1091 2672 1195 2722 post
1223 2666 1484 2719 ἀπόδεςμος
1517 2666 1620 2710 add.
1642 2665 1727 2708 Sa:
1757 2665 1848 2710 δύο
1911 2699 1932 2721 ζ

319 2730 370 2773 δέ
407 2731 608 2786 δραχμὰς
646 2734 744 2790 εἶχε
917 2740 984 2781 16.
1024 2737 1141 2792 ὅλκη
1179 2736 1228 2779 Pi
1260 2735 1333 2791 (at
1370 2741 1496 2779 recte
1535 2735 1683 2788 ὁλκὴν
1721 2736 1845 2778 idem

318 2813 363 2853 p.
386 2802 468 2842 269
499 2815 539 2843 v.
563 2803 608 2855 4)
727 2807 794 2851 18.
825 2804 1004 2860 ςίκλου]
1045 2805 1202 2849 ςίκλον
1232 2805 1282 2848 Pi
1395 2805 1446 2860 ἢ]
1481 2818 1503 2849 ε
1535 2806 1765 2859 obliquum
1793 2805 1846 2848 Pi

321 2871 389 2912 19.
428 2875 533 2980 gost
570 2871 744 2925 λιτρῶν
786 2876 904 2917 adde
940 2877 1016 2918 καὶ
1053 2874 1244 2929 οὐγγίας
1274 2878 1377 2928 μιᾶς
1493 2878 1561 2918 21.
1593 2874 1847 2928 πεποιημέ·

314 2949 401 2981 νος
466 2953 493 2981 a
