1946 3220
277 141 388 195 344
911 157 1230 219 FRAGMENTA
1677 135 1818 211 [106]

1912 163 1925 205 ἕ

279 267 634 334 ἡμιτάλαντον
670 264 753 316 καὶ
787 263 1030 329 πέμπτον
1064 265 1419 330 ἡμιτάλαντον
1458 265 1541 318 καὶ
1577 266 1814 333 ἕβδομον
1880 193 1929 352 ᾗ]

280 352 652 418 ἡμιτάλαντον.
698 348 801 401 ἕςτι
827 348 887 402 δὲ
913 349 976 402 τὸ
1004 350 1098 414 μὲν
1125 348 1303 414 τρίτον
1326 349 1683 414 ἡμιτάλαντον
1706 351 1815 404 δύο
1888 348 1930 448 ἒς

282 436 433 500 ἥμιςυ
459 434 720 495 τάλαντα,
749 431 812 484 τὸ
841 434 899 486 δὲ
930 433 1175 499 πέμπτον
1203 433 1557 499 ἡμιτάλαντον
1587 434 1820 500 τὲςςαρα.
1885 422 1932 523 53}

284 520 460 584 ἥμιςυ,
508 516 594 579 καὶ
633 516 697 570 τὸ
741 515 973 582 ἕβδομον
1014 518 1370 584 ἡμιτάλαντον
1406 519 1461 574 ἓξ
1501 518 1665 583 ἥμιςυ.
1725 519 1819 572 καὶ,
1896 527 1933 600 ξς

224 614 251 654 5
283 602 427 656 ὅλως
462 601 674 655 οὗτινος
713 599 935 667 ἀριθμοῦ
967 602 1278 672 παρωνύμῳ
1312 603 1455 668 μέρει
1491 603 1819 669 ἐπονομάςει-
1894 599 1946 677 ἐς

281 702 357 741 τις
380 687 444 740 τὸ
474 685 849 752 ἡμιτάλαντον,
876 686 1131 744 τούτουὸ
1154 688 1566 753 1προηγούμενος
1592 687 1813 754 ἀριθμὸς
1895 688 1937 762 '23³3

281 770 573 838 ἐφαρμόςει
597 773 719 824 τοῖς
754 771 1057 825 ταλάντοις·
1098 771 1219 826 οἷον
1257 772 1323 826 ἂν
1353 774 1447 838 μὲν
1478 771 1713 837 ὄγδοον,
1749 771 1811 838 ζ’,
1933 774 1938 858 ς

282 855 349 910 ἂν
382 857 441 910 δὲ
470 855 684 922 ἔνατον,
708 854 772 921 η’,
803 857 1289 922 ςυναριθμουμένου
1319 857 1572 922 δηλονότι
1603 858 1688 910 καὶ
1711 858 1820 910 τοῦ·
1912 863 1939 929 ἱ

280 939 444 1005 ἥμιςυ.
483 940 647 1007 φίλον
673 940 732 993 δὲ
757 943 869 993 τοῖς
896 940 1135 1007 ἀρχαίοις
1160 942 1245 994 καὶ
1270 942 1332 995 τὸ
1358 942 1417 996 ἓν
1443 941 1593 1007 ἥμιςυ
1619 941 1812 995 τάλαν·
1937 929 1943 978 s

200 1036 254 1076 10
282 1041 379 1079 τον
414 1025 531 1091 τρία
569 1024 892 1090 ἡμιτάλαντα
932 1025 1131 1088 λέγειν·
1178 1025 1251 1079 ὡς
1298 1027 1381 1079 καὶ
1414 1026 1531 1092 τρία
1564 1026 1815 1092 ἡμίμναια

282 1109 380 1174 τὴν
405 1109 527 1174 μίαν
552 1108 787 1174 ἡμίςειαν
813 1112 963 1175 μνᾶν.

390 1206 698 1272 Τάλαντον,
741 1207 815 1261 ὥς
852 1225 978 1274 φηςι
1015 1209 1302 1274 Διόδωρος
1340 1207 1399 1262 ἐν
1435 1212 1511 1276 τῷ
1549 1208 1669 1274 περὶ
1696 1223 1820 1261 erot-¹

282 1293 448 1356 θμῶν,
476 1295 627 1357 μνῶν
653 1292 791 1348 ἐςτιν
817 1292 874 1358 ξ’,
901 1293 934 1358 ἡ
960 1294 1019 1346 δὲ
1043 1295 1148 1358 μνᾶ
1174 1295 1427 1358 δραχμῶν
1454 1289 1517 1358 ρ’,
1543 1293 1576 1357 ἡ
1603 1294 1663 1346 δὲ
1689 1297 1815 1357 δρα-

282 1376 384 1441 χμὴ
411 1376 630 1442 ὀβολῶν
656 1376 727 1442 ἕξ,
755 1378 785 1430 ὁ
811 1379 870 1431 δὲ
897 1377 1095 1444 ὀβολὸς
1119 1379 1336 1444 χαλκῶν
1359 1371 1420 1442 ς’,
1449 1377 1480 1432 ὁ
1500 1378 1558 1430 δὲ
1583 1377 1817 1442 χαλκοῦς
1899 1392 1902 1394 ’

200 1469 254 1510 15
283 1461 497 1515 λεπτῶν
523 1460 577 1515 Ζ’.
619 1461 684 1514 τὸ
711 1462 979 1516 τάλαντον
1011 1464 1070 1515 δὲ
1099 1463 1163 1515 τὸ
1201 1465 1300 1516 νῦν
1327 1461 1622 1526 λεγόμενον
1653 1461 1815 1514 Ἀττι-

283 1544 394 1598 κόν.
442 1544 588 1610 παρὰ
623 1545 952 1599 (ικελιώταις
982 1546 1045 1599 τὸ
1080 1547 1173 1611 μὲν
1201 1546 1427 1611 ἀρχαῖον
1463 1544 1529 1609 ἦν
1559 1545 1815 1611 νούμμων

283 1628 377 1693 κδ’,
415 1628 532 1683 νυνὶ
569 1629 629 1682 δὲ
660 1629 737 1696 ιβ’.
788 1630 818 1683 ὁ
857 1631 915 1684 δὲ
960 1630 1198 1696 Ὅμηρος
1235 1631 1377 1692 λέγει
1429 1628 1557 1682 “δύο
1596 1631 1815 1695 χρυςοῖο
1926 1635 1946 1692 ‘3

282 1713 571 1766 τάλαντα·’
613 1713 687 1766 ῶς
714 1715 782 1780 μὴ
811 1712 947 1768 εἶναι
982 1713 1100 1769 ἰ’ςον
1136 1714 1199 1767 τὸ
1231 1714 1353 1766 καθ>
1386 1713 1520 1778 ἡμᾶς
1548 1713 1816 1767 τάλαντον

283 1801 360 1865 τῷ
395 1798 542 1863 παρὰ
579 1799 692 1850 τοῖς
729 1797 992 1864 ἀρχαίοις·
1031 1798 1106 1852 ῶς
1136 1799 1239 1864 γὰρ
1273 1797 1391 1851 ἰ’ςον
1429 1799 1527 1850 τοῦ
1560 1797 1817 1862 τρίποδος

199 1890 256 1932 20
283 1882 367 1935 καὶ
390 1885 489 1935 τοῦ
516 1882 742 1949 λέβητος
764 1883 849 1935 καὶ
881 1885 980 1937 τοῦ
1016 1882 1188 1936 ἵππου
1218 1882 1423 1936 τίθεται.
1461 1881 1729 1938 τάλαντον
1754 1883 1815 1936 δὲ

283 1966 348 2019 τὸ
373 1966 519 2032 παρὰ
546 1971 609 2036 τῇ
631 1967 745 2034 θείᾳ
776 1968 958 2037 Γραφῇ
984 1967 1017 2033 ἡ
1039 1967 1251 2023 ἄνωθεν
1277 1967 1588 2032 πεμπομένη
1614 1966 1819 2034 ἑκάςτῳ

286 2049 400 2104 Θεία
426 2050 941 2117 χάρις.-(ύνταξις.
978 2051 1386 2119 Ἀριςτοφάνης·
1412 2051 1600 2104 ’καίτοι
1622 2050 1823 2106 ταλάν-«
1890 2090 1894 2091 ff

210 2156 215 2161 ’
285 2144 383 2188 του
425 2135 579 2187 τοῦτ’
604 2135 798 2200 ἔμαθεν
840 2136 1173 2203 Ὑπέρβολος
1189 2139 1226 2199 ,’
1262 2135 1498 2190 τουτέςτι
1547 2135 1818 2200 χαύνωςιν

287 2218 708 2285 ἀναπειςτηρίαν.
733 2250 803 2259 -
827 2221 947 2275 Ὅτι
972 2221 1035 2273 τό
1062 2220 1329 2274 τάλαντον
1362 2218 1509 2283 παρά
1543 2236 1673 2273 τιςιν
1708 2218 1818 2285 ἔχει

202 2309 257 2352 25
289 2303 465 2369 λίτρας
492 2302 611 2370 ρκε’.
644 2334 714 2343 ——
742 2304 1169 2359 Καὶταλαντιαῖοι
1198 2303 1356 2357 λίθοι·
1387 2302 1819 2365 εταλαντιαῑοίὙε

1923 1239 1946 1355 ...sla

1934 2185 1946 2196 J
1935 2153 1946 2172 .-
1929 2083 1946 2141 .*'‘.‘·.¹‘
1918 1731 1946 2075 ,Alei.=.;...x‡2.tX³3
1932 1699 1946 1722 —.‹
1931 1618 1946 1634 ,οἱ
1927 1506 1946 1569 1²:32
1942 1489 1946 1494 .
1931 1467 1937 1475 ³
1921 1351 1946 1438 *sm-'J

403 2532 439 2569 6.
474 2529 531 2571 τὸ
562 2528 902 2584 ἡμιτάλαντον]
936 2529 1174 2573 τάλαντον
1202 2530 1241 2571 A
1384 2532 1424 2575 8.
1455 2527 1647 2582 ἔνατον]
1681 2524 1818 2570 ἐννέα

289 2598 328 2637 Α
435 2600 501 2642 11.
534 2596 764 2654 ὴμίςειαν]
797 2600 933 2652 ἥμιςυ
963 2600 1125 2655 vulgo,
1156 2605 1208 2642 ut
1239 2611 1375 2655 supra
1408 2599 1552 2641 codex
1582 2598 1740 2640 Photii
1771 2602 1818 2639 et

290 2667 413 2708 infra
443 2667 550 2709 libri
580 2682 622 2723 p.
656 2672 763 2724 345,
794 2673 862 2715 21.
894 2672 998 2724 354,
1032 2673 1084 2712 19
1218 2672 1283 2712 14.
1317 2670 1505 2722 χαλκῶν
1535 2662 1594 2722 ς’]
1629 2668 1822 2720 χαλκῶν

290 2731 333 2788 η’
372 2737 511 2779 schol.
549 2739 698 2792 Hom„
741 2755 785 2785 v.
829 2741 944 2795 prol.
983 2755 1026 2794 p.
1062 2742 1141 2782 157
1316 2741 1381 2783 16.
1419 2736 1546 2791 παρὰ
1589 2736 1639 2779 δὲ
1675 2737 1818 2780 Bekk.

290 2805 518 2857 νούμμων
567 2821 677 2851 corr.
718 2810 911 2865 Scaliger
951 2825 1006 2852 ex
1042 2809 1291 2852 Aristotele
1340 2809 1462 2863 apud
1499 2807 1632 2861 Poll„
1684 2808 1822 2858 μνῶν*

291 2875 429 2930 vulgo
461 2876 580 2929 apud
612 2877 797 2920 Suidam
830 2894 854 2922 e
884 2880 1015 2922 libris
1044 2894 1102 2922 m.
1127 2893 1215 2922 scr.
1333 2880 1401 2921 24.
1435 2875 1594 2931 λίτρας
1627 2890 1711 2918 om.
1734 2876 1816 2918 AV

291 2946 361 2986 25.
392 2945 683 2988 ταλαντιαῖοι
712 2959 765 2998 γε
798 2947 890 3000 μὴν
923 2953 1009 2992 ete.
1041 2951 1132 2992 108.
1164 2950 1208 2993 b.
1239 2948 1337 2991 Iud.
1370 2950 1411 3001 5,
1434 2948 1475 3000 6,
1507 2948 1533 2989 3
