<?xml version="1.0" encoding="UTF-8"?>
<!DOCTYPE html PUBLIC "-//W3C//DTD XHTML 1.0 Transitional//EN"
    "http://www.w3.org/TR/xhtml1/DTD/xhtml1-transitional.dtd">
<html xmlns="http://www.w3.org/1999/xhtml" xml:lang="en" lang="en">
 <head>
  <title>
</title>
<meta http-equiv="Content-Type" content="text/html;charset=utf-8" />
  <meta name='ocr-system' content='tesseract 3.04.00' />
  <meta name='ocr-capabilities' content='ocr_page ocr_carea ocr_par ocr_line ocrx_word'/>
</head>
<body>
  <div class='ocr_page' id='page_1' title='image "./metrologicorumsc01hultuoft_0033.png"; bbox 0 0 1946 3220; ppageno 0'>
   <div class='ocr_carea' id='block_1_1' title="bbox 607 142 1669 197">
    <p class='ocr_par' dir='ltr' id='par_1_1' title="bbox 607 142 1669 197">
     <span class='ocr_line' id='line_1_1' title="bbox 607 142 1669 197; baseline -0.007 0"><span class='ocrx_word' id='word_1_1' title='bbox 607 160 926 197; x_wconf 68' lang='lat' dir='ltr'>sonu-”roms</span> <span class='ocrx_word' id='word_1_2' title='bbox 965 159 1220 197; x_wconf 65' lang='lat' dir='ltr'>cameos.</span> <span class='ocrx_word' id='word_1_3' title='bbox 1634 142 1669 196; x_wconf 85' lang='lat'>5</span> 
     </span>
    </p>
   </div>
   <div class='ocr_carea' id='block_1_2' title="bbox 129 274 1667 1473">
    <p class='ocr_par' dir='ltr' id='par_1_2' title="bbox 133 274 1667 623">
     <span class='ocr_line' id='line_1_2' title="bbox 136 274 1667 338; baseline -0.003 -12"><span class='ocrx_word' id='word_1_4' title='bbox 136 279 231 326; x_wconf 91' lang='lat' dir='ltr'>Hoc</span> <span class='ocrx_word' id='word_1_5' title='bbox 272 278 318 324; x_wconf 90' lang='lat' dir='ltr'>in</span> <span class='ocrx_word' id='word_1_6' title='bbox 355 291 523 338; x_wconf 83' lang='lat' dir='ltr'>genere</span> <span class='ocrx_word' id='word_1_7' title='bbox 559 277 771 338; x_wconf 89' lang='lat' dir='ltr'>quoniam</span> <span class='ocrx_word' id='word_1_8' title='bbox 803 275 993 321; x_wconf 81' lang='lat' dir='ltr'>maxime</span> <span class='ocrx_word' id='word_1_9' title='bbox 1032 275 1224 335; x_wconf 87' lang='lat' dir='ltr'>insignis</span> <span class='ocrx_word' id='word_1_10' title='bbox 1259 274 1349 322; x_wconf 88' lang='lat' dir='ltr'>fuit</span> <span class='ocrx_word' id='word_1_11' title='bbox 1387 275 1667 337; x_wconf 84' lang='lat' dir='ltr'>Epiphanius</span> 
     </span>
     <span class='ocr_line' id='line_1_3' title="bbox 137 341 1667 410; baseline -0.002 -15"><span class='ocrx_word' id='word_1_12' title='bbox 137 351 409 410; x_wconf 79' lang='lat' dir='ltr'>episcopus,</span> <span class='ocrx_word' id='word_1_13' title='bbox 452 348 528 409; x_wconf 83' lang='lat' dir='ltr'>q&#39;ui</span> <span class='ocrx_word' id='word_1_14' title='bbox 555 347 722 394; x_wconf 83' lang='lat' dir='ltr'>librum</span> <span class='ocrx_word' id='word_1_15' title='bbox 757 343 876 407; x_wconf 90' lang='grc' dir='ltr'>περὶ</span> <span class='ocrx_word' id='word_1_16' title='bbox 912 341 1120 407; x_wconf 85' lang='grc' dir='ltr'>μέτρων</span> <span class='ocrx_word' id='word_1_17' title='bbox 1152 341 1235 394; x_wconf 86' lang='grc' dir='ltr'>καὶ</span> <span class='ocrx_word' id='word_1_18' title='bbox 1271 346 1515 407; x_wconf 85' lang='grc' dir='ltr'>ςταθμῶν</span> <span class='ocrx_word' id='word_1_19' title='bbox 1543 358 1667 395; x_wconf 89' lang='lat' dir='ltr'>com·-</span> 
     </span>
     <span class='ocr_line' id='line_1_4' title="bbox 136 417 1666 482; baseline -0.001 -16"><span class='ocrx_word' id='word_1_20' title='bbox 136 420 315 482; x_wconf 88' lang='lat' dir='ltr'>posuit,</span> <span class='ocrx_word' id='word_1_21' title='bbox 356 418 488 466; x_wconf 88' lang='lat' dir='ltr'>multi</span> <span class='ocrx_word' id='word_1_22' title='bbox 515 421 658 466; x_wconf 86' lang='lat' dir='ltr'>secuti</span> <span class='ocrx_word' id='word_1_23' title='bbox 687 425 792 464; x_wconf 89' lang='lat' dir='ltr'>sunt</span> <span class='ocrx_word' id='word_1_24' title='bbox 821 418 897 479; x_wconf 89' lang='lat' dir='ltr'>qui</span> <span class='ocrx_word' id='word_1_25' title='bbox 924 432 974 464; x_wconf 82' lang='lat' dir='ltr'>ex</span> <span class='ocrx_word' id='word_1_26' title='bbox 1001 418 1082 464; x_wconf 93' lang='lat' dir='ltr'>illo</span> <span class='ocrx_word' id='word_1_27' title='bbox 1111 417 1227 464; x_wconf 88' lang='lat' dir='ltr'>libro</span> <span class='ocrx_word' id='word_1_28' title='bbox 1259 431 1374 478; x_wconf 90' lang='lat' dir='ltr'>quae</span> <span class='ocrx_word' id='word_1_29' title='bbox 1406 418 1492 465; x_wconf 93' lang='lat' dir='ltr'>sibi</span> <span class='ocrx_word' id='word_1_30' title='bbox 1515 419 1666 480; x_wconf 86' lang='lat' dir='ltr'>place-</span> 
     </span>
     <span class='ocr_line' id='line_1_5' title="bbox 135 490 1666 551; baseline -0.001 -14"><span class='ocrx_word' id='word_1_31' title='bbox 135 498 239 538; x_wconf 88' lang='lat' dir='ltr'>rent</span> <span class='ocrx_word' id='word_1_32' title='bbox 275 490 496 551; x_wconf 80' lang='lat' dir='ltr'>eligerent</span> <span class='ocrx_word' id='word_1_33' title='bbox 536 490 859 550; x_wconf 87' lang='lat' dir='ltr'>brevioresque</span> <span class='ocrx_word' id='word_1_34' title='bbox 896 490 998 535; x_wconf 90' lang='lat' dir='ltr'>inde</span> <span class='ocrx_word' id='word_1_35' title='bbox 1036 496 1254 536; x_wconf 87' lang='lat' dir='ltr'>tractatus</span> <span class='ocrx_word' id='word_1_36' title='bbox 1281 497 1359 537; x_wconf 86' lang='lat' dir='ltr'>aut</span> <span class='ocrx_word' id='word_1_37' title='bbox 1392 491 1539 551; x_wconf 91' lang='lat' dir='ltr'>ipsius</span> <span class='ocrx_word' id='word_1_38' title='bbox 1563 490 1666 551; x_wconf 90' lang='lat' dir='ltr'>Epi-</span> 
     </span>
     <span class='ocr_line' id='line_1_6' title="bbox 133 560 1510 623; baseline -0.001 -16"><span class='ocrx_word' id='word_1_39' title='bbox 133 561 289 623; x_wconf 86' lang='lat' dir='ltr'>phanii</span> <span class='ocrx_word' id='word_1_40' title='bbox 314 563 521 618; x_wconf 82' lang='lat' dir='ltr'>nomine,</span> <span class='ocrx_word' id='word_1_41' title='bbox 549 566 627 607; x_wconf 90' lang='lat' dir='ltr'>aut</span> <span class='ocrx_word' id='word_1_42' title='bbox 656 561 878 620; x_wconf 75' lang='lat' dir='ltr'>aliorum,</span> <span class='ocrx_word' id='word_1_43' title='bbox 907 567 957 606; x_wconf 89' lang='lat' dir='ltr'>ut</span> <span class='ocrx_word' id='word_1_44' title='bbox 981 560 1189 619; x_wconf 82' lang='lat' dir='ltr'>Eusebii‚</span> <span class='ocrx_word' id='word_1_45' title='bbox 1218 560 1510 608; x_wconf 88' lang='lat' dir='ltr'>conficerent.</span> 
     </span>
    </p>

    <p class='ocr_par' dir='ltr' id='par_1_3' title="bbox 132 631 1665 977">
     <span class='ocr_line' id='line_1_7' title="bbox 240 631 1665 693; baseline 0.001 -16"><span class='ocrx_word' id='word_1_46' title='bbox 240 632 440 693; x_wconf 90' lang='lat' dir='ltr'>Denique</span> <span class='ocrx_word' id='word_1_47' title='bbox 474 638 718 693; x_wconf 81' lang='lat' dir='ltr'><strong>postquam</strong></span> <span class='ocrx_word' id='word_1_48' title='bbox 756 631 1081 678; x_wconf 83' lang='lat' dir='ltr'>Constantinus</span> <span class='ocrx_word' id='word_1_49' title='bbox 1118 633 1366 692; x_wconf 88' lang='lat' dir='ltr'>imperator</span> <span class='ocrx_word' id='word_1_50' title='bbox 1400 639 1543 678; x_wconf 84' lang='lat' dir='ltr'>totam</span> <span class='ocrx_word' id='word_1_51' title='bbox 1570 645 1665 678; x_wconf 89' lang='lat' dir='ltr'>rem</span> 
     </span>
     <span class='ocr_line' id='line_1_8' title="bbox 134 703 1665 763; baseline 0.001 -15"><span class='ocrx_word' id='word_1_52' title='bbox 134 706 430 749; x_wconf 71' lang='lat' dir='ltr'>nummariam</span> <span class='ocrx_word' id='word_1_53' title='bbox 466 703 670 750; x_wconf 77' lang='lat' dir='ltr'>restituit</span> <span class='ocrx_word' id='word_1_54' title='bbox 709 710 844 763; x_wconf 91' lang='lat' dir='ltr'>atque</span> <span class='ocrx_word' id='word_1_55' title='bbox 883 703 985 748; x_wconf 86' lang='lat' dir='ltr'>inde</span> <span class='ocrx_word' id='word_1_56' title='bbox 1022 716 1136 747; x_wconf 88' lang='lat' dir='ltr'>nova</span> <span class='ocrx_word' id='word_1_57' title='bbox 1173 716 1460 750; x_wconf 89' lang='lat' dir='ltr'>nummorum</span> <span class='ocrx_word' id='word_1_58' title='bbox 1496 717 1665 763; x_wconf 85' lang='lat' dir='ltr'>genera</span> 
     </span>
     <span class='ocr_line' id='line_1_9' title="bbox 133 773 1662 835; baseline 0.001 -16"><span class='ocrx_word' id='word_1_59' title='bbox 133 774 315 835; x_wconf 86' lang='lat' dir='ltr'>vulgata</span> <span class='ocrx_word' id='word_1_60' title='bbox 351 781 485 833; x_wconf 87' lang='lat' dir='ltr'>sunt,</span> <span class='ocrx_word' id='word_1_61' title='bbox 530 773 642 820; x_wconf 88' lang='lat' dir='ltr'>utile</span> <span class='ocrx_word' id='word_1_62' title='bbox 674 775 818 819; x_wconf 92' lang='lat' dir='ltr'>visum</span> <span class='ocrx_word' id='word_1_63' title='bbox 854 781 923 819; x_wconf 88' lang='lat' dir='ltr'>est</span> <span class='ocrx_word' id='word_1_64' title='bbox 961 773 1229 834; x_wconf 86' lang='lat' dir='ltr'>quibusdam</span> <span class='ocrx_word' id='word_1_65' title='bbox 1265 786 1423 820; x_wconf 90' lang='lat' dir='ltr'>eorum</span> <span class='ocrx_word' id='word_1_66' title='bbox 1461 776 1662 821; x_wconf 85' lang='lat' dir='ltr'>rationes</span> 
     </span>
     <span class='ocr_line' id='line_1_10' title="bbox 132 843 1662 905; baseline 0 -14"><span class='ocrx_word' id='word_1_67' title='bbox 132 847 387 892; x_wconf 80' lang='lat' dir='ltr'>accuratius</span> <span class='ocrx_word' id='word_1_68' title='bbox 417 859 643 905; x_wconf 87' lang='lat' dir='ltr'>exponere</span> <span class='ocrx_word' id='word_1_69' title='bbox 673 852 718 890; x_wconf 91' lang='lat' dir='ltr'>et</span> <span class='ocrx_word' id='word_1_70' title='bbox 746 859 846 890; x_wconf 87' lang='lat' dir='ltr'>cum</span> <span class='ocrx_word' id='word_1_71' title='bbox 872 843 1200 890; x_wconf 88' lang='lat' dir='ltr'>vetustioribus</span> <span class='ocrx_word' id='word_1_72' title='bbox 1226 859 1506 905; x_wconf 87' lang='lat' dir='ltr'>comparare.</span> <span class='ocrx_word' id='word_1_73' title='bbox 1563 843 1662 898; x_wconf 84' lang='lat' dir='ltr'>Quo</span> 
     </span>
     <span class='ocr_line' id='line_1_11' title="bbox 133 915 1556 977; baseline -0.001 -15"><span class='ocrx_word' id='word_1_74' title='bbox 133 929 187 963; x_wconf 85' lang='lat' dir='ltr'>ex</span> <span class='ocrx_word' id='word_1_75' title='bbox 213 929 378 976; x_wconf 84' lang='lat' dir='ltr'>genere</span> <span class='ocrx_word' id='word_1_76' title='bbox 405 930 548 977; x_wconf 88' lang='lat' dir='ltr'>pauca</span> <span class='ocrx_word' id='word_1_77' title='bbox 574 915 783 962; x_wconf 84' lang='lat' dir='ltr'>breviora</span> <span class='ocrx_word' id='word_1_78' title='bbox 808 916 1062 977; x_wconf 79' lang='lat' dir='ltr'>fragmenta</span> <span class='ocrx_word' id='word_1_79' title='bbox 1087 915 1221 961; x_wconf 86' lang='lat' dir='ltr'>nobis</span> <span class='ocrx_word' id='word_1_80' title='bbox 1248 915 1409 962; x_wconf 88' lang='lat' dir='ltr'>relicta</span> <span class='ocrx_word' id='word_1_81' title='bbox 1434 921 1556 962; x_wconf 85' lang='lat' dir='ltr'>sunt.</span> 
     </span>
    </p>

    <p class='ocr_par' dir='ltr' id='par_1_4' title="bbox 129 986 1664 1331">
     <span class='ocr_line' id='line_1_12' title="bbox 238 986 1663 1047; baseline 0 -15"><span class='ocrx_word' id='word_1_82' title='bbox 238 988 354 1034; x_wconf 90' lang='lat' dir='ltr'>Haec</span> <span class='ocrx_word' id='word_1_83' title='bbox 378 994 485 1033; x_wconf 89' lang='lat' dir='ltr'>sunt</span> <span class='ocrx_word' id='word_1_84' title='bbox 512 1000 626 1047; x_wconf 81' lang='lat' dir='ltr'>quae</span> <span class='ocrx_word' id='word_1_85' title='bbox 652 987 705 1033; x_wconf 92' lang='lat' dir='ltr'>de</span> <span class='ocrx_word' id='word_1_86' title='bbox 727 986 1030 1047; x_wconf 87' lang='lat' dir='ltr'>scriptoribus</span> <span class='ocrx_word' id='word_1_87' title='bbox 1050 986 1366 1047; x_wconf 90' lang='lat' dir='ltr'>metrologicis</span> <span class='ocrx_word' id='word_1_88' title='bbox 1389 988 1663 1034; x_wconf 88' lang='lat' dir='ltr'>Graecorum</span> 
     </span>
     <span class='ocr_line' id='line_1_13' title="bbox 129 1056 1662 1119; baseline 0 -16"><span class='ocrx_word' id='word_1_89' title='bbox 129 1059 176 1103; x_wconf 89' lang='lat' dir='ltr'>in</span> <span class='ocrx_word' id='word_1_90' title='bbox 204 1060 463 1104; x_wconf 90' lang='lat' dir='ltr'>universum</span> <span class='ocrx_word' id='word_1_91' title='bbox 493 1058 753 1104; x_wconf 87' lang='lat' dir='ltr'>disserenda</span> <span class='ocrx_word' id='word_1_92' title='bbox 772 1058 1130 1104; x_wconf 84' lang='lat' dir='ltr'>existimaverim.</span> <span class='ocrx_word' id='word_1_93' title='bbox 1169 1056 1299 1112; x_wconf 84' lang='lat' dir='ltr'>Quod</span> <span class='ocrx_word' id='word_1_94' title='bbox 1325 1064 1662 1119; x_wconf 78' lang='lat' dir='ltr'>argumentum,</span> 
     </span>
     <span class='ocr_line' id='line_1_14' title="bbox 129 1128 1663 1190; baseline -0.001 -16"><span class='ocrx_word' id='word_1_95' title='bbox 129 1136 182 1174; x_wconf 90' lang='lat' dir='ltr'>ut</span> <span class='ocrx_word' id='word_1_96' title='bbox 222 1143 294 1174; x_wconf 91' lang='lat' dir='ltr'>res</span> <span class='ocrx_word' id='word_1_97' title='bbox 333 1130 430 1190; x_wconf 89' lang='lat' dir='ltr'>ipsa</span> <span class='ocrx_word' id='word_1_98' title='bbox 468 1129 671 1187; x_wconf 83' lang='lat' dir='ltr'>ferebat,</span> <span class='ocrx_word' id='word_1_99' title='bbox 721 1129 930 1175; x_wconf 87' lang='lat' dir='ltr'>breviore</span> <span class='ocrx_word' id='word_1_100' title='bbox 976 1129 1284 1189; x_wconf 87' lang='lat' dir='ltr'>disputatione</span> <span class='ocrx_word' id='word_1_101' title='bbox 1330 1128 1524 1175; x_wconf 87' lang='lat' dir='ltr'>absolvi:</span> <span class='ocrx_word' id='word_1_102' title='bbox 1576 1128 1663 1174; x_wconf 87' lang='lat' dir='ltr'>iam</span> 
     </span>
     <span class='ocr_line' id='line_1_15' title="bbox 131 1199 1664 1261; baseline 0.002 -19"><span class='ocrx_word' id='word_1_103' title='bbox 131 1214 238 1246; x_wconf 81' lang='lat' dir='ltr'>vero</span> <span class='ocrx_word' id='word_1_104' title='bbox 272 1207 439 1257; x_wconf 80' lang='lat' dir='ltr'>restat,</span> <span class='ocrx_word' id='word_1_105' title='bbox 475 1207 528 1246; x_wconf 89' lang='lat' dir='ltr'>ut</span> <span class='ocrx_word' id='word_1_106' title='bbox 562 1214 615 1246; x_wconf 82' lang='lat' dir='ltr'>ex</span> <span class='ocrx_word' id='word_1_107' title='bbox 651 1200 808 1246; x_wconf 88' lang='lat' dir='ltr'>ordine</span> <span class='ocrx_word' id='word_1_108' title='bbox 835 1199 888 1244; x_wconf 92' lang='lat' dir='ltr'>de</span> <span class='ocrx_word' id='word_1_109' title='bbox 915 1200 1110 1260; x_wconf 88' lang='lat' dir='ltr'>singulis</span> <span class='ocrx_word' id='word_1_110' title='bbox 1137 1199 1404 1260; x_wconf 82' lang='lat' dir='ltr'>fragmentis</span> <span class='ocrx_word' id='word_1_111' title='bbox 1433 1213 1549 1261; x_wconf 88' lang='lat' dir='ltr'>quae</span> <span class='ocrx_word' id='word_1_112' title='bbox 1576 1200 1664 1246; x_wconf 92' lang='lat' dir='ltr'>hoc</span> 
     </span>
     <span class='ocr_line' id='line_1_16' title="bbox 131 1269 1233 1331; baseline 0.002 -17"><span class='ocrx_word' id='word_1_113' title='bbox 131 1270 357 1317; x_wconf 78' lang='lat' dir='ltr'>volumine</span> <span class='ocrx_word' id='word_1_114' title='bbox 383 1272 677 1317; x_wconf 88' lang='lat' dir='ltr'>continentur</span> <span class='ocrx_word' id='word_1_115' title='bbox 704 1269 937 1331; x_wconf 80' lang='lat' dir='ltr'>copiosius</span> <span class='ocrx_word' id='word_1_116' title='bbox 962 1277 1233 1331; x_wconf 84' lang='lat' dir='ltr'>exponatur.</span> 
     </span>
    </p>

    <p class='ocr_par' dir='ltr' id='par_1_5' title="bbox 131 1341 1665 1473">
     <span class='ocr_line' id='line_1_17' title="bbox 234 1341 1665 1402; baseline -0.001 -14"><span class='ocrx_word' id='word_1_117' title='bbox 234 1342 431 1388; x_wconf 90' lang='lat' dir='ltr'>Primum</span> <span class='ocrx_word' id='word_1_118' title='bbox 472 1342 615 1401; x_wconf 88' lang='lat' dir='ltr'>igitur</span> <span class='ocrx_word' id='word_1_119' title='bbox 650 1341 695 1386; x_wconf 89' lang='lat' dir='ltr'>in</span> <span class='ocrx_word' id='word_1_120' title='bbox 726 1355 778 1387; x_wconf 87' lang='lat' dir='ltr'>ea</span> <span class='ocrx_word' id='word_1_121' title='bbox 804 1341 1058 1402; x_wconf 83' lang='lat' dir='ltr'>fragmenta</span> <span class='ocrx_word' id='word_1_122' title='bbox 1095 1341 1261 1401; x_wconf 89' lang='lat' dir='ltr'>quihus</span> <span class='ocrx_word' id='word_1_123' title='bbox 1287 1341 1341 1387; x_wconf 88' lang='lat' dir='ltr'>de</span> <span class='ocrx_word' id='word_1_124' title='bbox 1368 1341 1594 1402; x_wconf 84' lang='lat' dir='ltr'>porrectis</span> <span class='ocrx_word' id='word_1_125' title='bbox 1618 1346 1665 1386; x_wconf 89' lang='lat' dir='ltr'>et</span> 
     </span>
     <span class='ocr_line' id='line_1_18' title="bbox 131 1412 1249 1473; baseline -0.002 -15"><span class='ocrx_word' id='word_1_126' title='bbox 131 1412 361 1473; x_wconf 88' lang='lat' dir='ltr'>quadratis</span> <span class='ocrx_word' id='word_1_127' title='bbox 387 1412 614 1458; x_wconf 86' lang='lat' dir='ltr'>mensuris</span> <span class='ocrx_word' id='word_1_128' title='bbox 641 1412 794 1472; x_wconf 86' lang='lat' dir='ltr'>agitur</span> <span class='ocrx_word' id='word_1_129' title='bbox 819 1419 889 1457; x_wconf 88' lang='lat' dir='ltr'>est</span> <span class='ocrx_word' id='word_1_130' title='bbox 914 1412 1249 1472; x_wconf 84' lang='lat' dir='ltr'>inquirendum.</span> 
     </span>
    </p>
   </div>
   <div class='ocr_carea' id='block_1_3' title="bbox 184 1592 1598 1705">
    <p class='ocr_par' dir='ltr' id='par_1_6' title="bbox 184 1592 1598 1705">
     <span class='ocr_line' id='line_1_19' title="bbox 184 1592 1598 1646; baseline 0 -13"><span class='ocrx_word' id='word_1_131' title='bbox 184 1593 250 1633; x_wconf 86' lang='lat' dir='ltr'>De</span> <span class='ocrx_word' id='word_1_132' title='bbox 284 1594 467 1634; x_wconf 80' lang='lat' dir='ltr'>Pollucis</span> <span class='ocrx_word' id='word_1_133' title='bbox 498 1595 587 1634; x_wconf 81' lang='lat' dir='ltr'>Ioco</span> <span class='ocrx_word' id='word_1_134' title='bbox 622 1606 700 1646; x_wconf 76' lang='lat' dir='ltr'>quo</span> <span class='ocrx_word' id='word_1_135' title='bbox 731 1606 952 1634; x_wconf 77' lang='lat' dir='ltr'>mensurae</span> <span class='ocrx_word' id='word_1_136' title='bbox 984 1599 1258 1646; x_wconf 75' lang='lat' dir='ltr'>exponuntur</span> <span class='ocrx_word' id='word_1_137' title='bbox 1289 1598 1333 1633; x_wconf 83' lang='lat' dir='ltr'>et</span> <span class='ocrx_word' id='word_1_138' title='bbox 1354 1592 1598 1645; x_wconf 76' lang='lat' dir='ltr'>fraymento</span> 
     </span>
     <span class='ocr_line' id='line_1_20' title="bbox 745 1664 1045 1705; baseline 0 -1"><span class='ocrx_word' id='word_1_139' title='bbox 745 1664 1045 1705; x_wconf 80' lang='lat' dir='ltr'>Greavesiano.</span> 
     </span>
    </p>
   </div>
   <div class='ocr_carea' id='block_1_4' title="bbox 122 1765 1718 3031">
    <p class='ocr_par' dir='ltr' id='par_1_7' title="bbox 122 1765 1718 3031">
     <span class='ocr_line' id='line_1_21' title="bbox 234 1765 1718 1827; baseline 0 -16"><span class='ocrx_word' id='word_1_140' title='bbox 234 1765 404 1821; x_wconf 86' lang='lat' dir='ltr'>Quibus</span> <span class='ocrx_word' id='word_1_141' title='bbox 444 1767 669 1812; x_wconf 88' lang='lat' dir='ltr'>mensuris</span> <span class='ocrx_word' id='word_1_142' title='bbox 713 1767 869 1813; x_wconf 87' lang='lat' dir='ltr'>Graeci</span> <span class='ocrx_word' id='word_1_143' title='bbox 914 1767 1165 1827; x_wconf 89' lang='lat' dir='ltr'>antiquitus</span> <span class='ocrx_word' id='word_1_144' title='bbox 1209 1767 1277 1812; x_wconf 91' lang='lat' dir='ltr'>uti</span> <span class='ocrx_word' id='word_1_145' title='bbox 1320 1765 1656 1824; x_wconf 79' lang='lat' dir='ltr'>consueverint,</span> <span class='ocrx_word' id='word_1_146' title='bbox 1688 1769 1718 1817; x_wconf 79' lang='grc'>2</span> 
     </span>
     <span class='ocr_line' id='line_1_22' title="bbox 127 1835 1663 1896; baseline 0 -14"><span class='ocrx_word' id='word_1_147' title='bbox 127 1835 326 1882; x_wconf 85' lang='lat' dir='ltr'>breviter</span> <span class='ocrx_word' id='word_1_148' title='bbox 353 1838 539 1896; x_wconf 87' lang='lat' dir='ltr'>exponit</span> <span class='ocrx_word' id='word_1_149' title='bbox 561 1838 846 1895; x_wconf 79' lang='lat' dir='ltr'>Herodotus,</span> <span class='ocrx_word' id='word_1_150' title='bbox 884 1837 1220 1883; x_wconf 88' lang='lat' dir='ltr'>vetustissimus</span> <span class='ocrx_word' id='word_1_151' title='bbox 1255 1845 1416 1883; x_wconf 85' lang='lat' dir='ltr'>auctor</span> <span class='ocrx_word' id='word_1_152' title='bbox 1452 1837 1663 1896; x_wconf 87' lang='lat' dir='ltr'>idemque</span> 
     </span>
     <span class='ocr_line' id='line_1_23' title="bbox 128 1907 1661 1968; baseline 0 -16"><span class='ocrx_word' id='word_1_153' title='bbox 128 1907 449 1967; x_wconf 75' lang='lat' dir='ltr'>gravissimus,</span> <span class='ocrx_word' id='word_1_154' title='bbox 479 1909 583 1968; x_wconf 82' lang='lat' dir='ltr'>qui,</span> <span class='ocrx_word' id='word_1_155' title='bbox 617 1922 719 1954; x_wconf 90' lang='lat' dir='ltr'>cum</span> <span class='ocrx_word' id='word_1_156' title='bbox 746 1909 1005 1968; x_wconf 82' lang='lat' dir='ltr'>pyramides</span> <span class='ocrx_word' id='word_1_157' title='bbox 1032 1908 1077 1953; x_wconf 90' lang='lat' dir='ltr'>in</span> <span class='ocrx_word' id='word_1_158' title='bbox 1102 1907 1301 1954; x_wconf 86' lang='lat' dir='ltr'>Moeride</span> <span class='ocrx_word' id='word_1_159' title='bbox 1326 1907 1429 1954; x_wconf 89' lang='lat' dir='ltr'>lacu</span> <span class='ocrx_word' id='word_1_160' title='bbox 1454 1907 1661 1954; x_wconf 88' lang='lat' dir='ltr'>conditas</span> 
     </span>
     <span class='ocr_line' id='line_1_24' title="bbox 127 1977 1663 2040; baseline -0.001 -16"><span class='ocrx_word' id='word_1_161' title='bbox 127 1986 419 2024; x_wconf 85' lang='lat' dir='ltr'>centenarum</span> <span class='ocrx_word' id='word_1_162' title='bbox 456 1981 718 2040; x_wconf 88' lang='lat' dir='ltr'>orgyiarum</span> <span class='ocrx_word' id='word_1_163' title='bbox 763 1978 1002 2024; x_wconf 88' lang='lat' dir='ltr'>altitudine</span> <span class='ocrx_word' id='word_1_164' title='bbox 1048 1978 1190 2024; x_wconf 81' lang='lat' dir='ltr'>fuisse</span> <span class='ocrx_word' id='word_1_165' title='bbox 1234 1978 1416 2037; x_wconf 77' lang='lat' dir='ltr'>scribit,</span> <span class='ocrx_word' id='word_1_166' title='bbox 1458 1977 1570 2024; x_wconf 90' lang='lat' dir='ltr'>haec</span> <span class='ocrx_word' id='word_1_167' title='bbox 1607 1978 1663 2024; x_wconf 88' lang='lat' dir='ltr'>de</span> 
     </span>
     <span class='ocr_line' id='line_1_25' title="bbox 125 2043 1664 2111; baseline 0.001 -16"><span class='ocrx_word' id='word_1_168' title='bbox 125 2062 442 2095; x_wconf 89' lang='lat' dir='ltr'>mensurarum</span> <span class='ocrx_word' id='word_1_169' title='bbox 470 2051 646 2096; x_wconf 87' lang='lat' dir='ltr'>ratione</span> <span class='ocrx_word' id='word_1_170' title='bbox 677 2049 799 2095; x_wconf 89' lang='lat' dir='ltr'>addit</span> <span class='ocrx_word' id='word_1_171' title='bbox 828 2045 892 2111; x_wconf 72' lang='lat'>(2,</span> <span class='ocrx_word' id='word_1_172' title='bbox 914 2048 1036 2107; x_wconf 78' lang='lat'>149):</span> <span class='ocrx_word' id='word_1_173' title='bbox 1076 2044 1128 2097; x_wconf 78' lang='grc' dir='ltr'>αἱ</span> <span class='ocrx_word' id='word_1_174' title='bbox 1155 2045 1212 2097; x_wconf 70' lang='grc' dir='ltr'>δ’</span> <span class='ocrx_word' id='word_1_175' title='bbox 1237 2044 1427 2098; x_wconf 82' lang='grc' dir='ltr'>ἑκατὸν</span> <span class='ocrx_word' id='word_1_176' title='bbox 1456 2043 1664 2109; x_wconf 85' lang='grc' dir='ltr'>ὀργυιαὶ</span> 
     </span>
     <span class='ocr_line' id='line_1_26' title="bbox 124 2114 1662 2180; baseline 0.001 -12"><span class='ocrx_word' id='word_1_177' title='bbox 124 2114 315 2168; x_wconf 87' lang='grc' dir='ltr'>δίκαιαί</span> <span class='ocrx_word' id='word_1_178' title='bbox 353 2114 443 2168; x_wconf 88' lang='grc' dir='ltr'>εἰςι</span> <span class='ocrx_word' id='word_1_179' title='bbox 478 2116 690 2168; x_wconf 86' lang='grc' dir='ltr'>ςτάδιον</span> <span class='ocrx_word' id='word_1_180' title='bbox 733 2115 1085 2180; x_wconf 70' lang='grc' dir='ltr'>ἑξάπλεθρον7</span> <span class='ocrx_word' id='word_1_181' title='bbox 1133 2115 1394 2170; x_wconf 80' lang='grc' dir='ltr'>ἑξαπέδου</span> <span class='ocrx_word' id='word_1_182' title='bbox 1438 2117 1531 2180; x_wconf 83' lang='grc' dir='ltr'>μὲν</span> <span class='ocrx_word' id='word_1_183' title='bbox 1570 2117 1662 2179; x_wconf 84' lang='grc' dir='ltr'>τῆς</span> 
     </span>
     <span class='ocr_line' id='line_1_27' title="bbox 125 2185 1661 2251; baseline 0.002 -14"><span class='ocrx_word' id='word_1_184' title='bbox 125 2185 343 2250; x_wconf 85' lang='grc' dir='ltr'>ὀργυιῆς</span> <span class='ocrx_word' id='word_1_185' title='bbox 381 2186 730 2251; x_wconf 75' lang='grc' dir='ltr'>μετρεομένης</span> <span class='ocrx_word' id='word_1_186' title='bbox 774 2187 858 2238; x_wconf 86' lang='grc' dir='ltr'>καὶ</span> <span class='ocrx_word' id='word_1_187' title='bbox 891 2186 1274 2251; x_wconf 82' lang='grc' dir='ltr'>τετραπήχεος,</span> <span class='ocrx_word' id='word_1_188' title='bbox 1321 2191 1433 2240; x_wconf 83' lang='grc' dir='ltr'>τῶν</span> <span class='ocrx_word' id='word_1_189' title='bbox 1470 2189 1661 2240; x_wconf 86' lang='grc' dir='ltr'>ποδῶν</span> 
     </span>
     <span class='ocr_line' id='line_1_28' title="bbox 127 2257 1662 2322; baseline 0.001 -14"><span class='ocrx_word' id='word_1_190' title='bbox 127 2258 187 2308; x_wconf 82' lang='grc' dir='ltr'>δὲ</span> <span class='ocrx_word' id='word_1_191' title='bbox 220 2257 684 2322; x_wconf 88' lang='grc' dir='ltr'>τετραπαλαίςτων</span> <span class='ocrx_word' id='word_1_192' title='bbox 724 2257 957 2319; x_wconf 72' lang='grc' dir='ltr'>ἐόντων,</span> <span class='ocrx_word' id='word_1_193' title='bbox 1006 2260 1103 2310; x_wconf 81' lang='grc' dir='ltr'>τοῦ</span> <span class='ocrx_word' id='word_1_194' title='bbox 1137 2259 1194 2310; x_wconf 79' lang='grc' dir='ltr'>δὲ</span> <span class='ocrx_word' id='word_1_195' title='bbox 1235 2258 1436 2322; x_wconf 88' lang='grc' dir='ltr'>πήχεος</span> <span class='ocrx_word' id='word_1_196' title='bbox 1469 2257 1662 2312; x_wconf 81' lang='grc' dir='ltr'>ἑξαπα-</span> 
     </span>
     <span class='ocr_line' id='line_1_29' title="bbox 125 2326 1660 2394; baseline 0 -15"><span class='ocrx_word' id='word_1_197' title='bbox 125 2326 351 2379; x_wconf 80' lang='grc' dir='ltr'>λαίετου.</span> <span class='ocrx_word' id='word_1_198' title='bbox 401 2334 551 2393; x_wconf 88' lang='lat' dir='ltr'>Atque</span> <span class='ocrx_word' id='word_1_199' title='bbox 586 2333 657 2379; x_wconf 92' lang='lat' dir='ltr'>his</span> <span class='ocrx_word' id='word_1_200' title='bbox 692 2333 841 2379; x_wconf 89' lang='lat' dir='ltr'>verbis</span> <span class='ocrx_word' id='word_1_201' title='bbox 873 2347 964 2379; x_wconf 90' lang='lat' dir='ltr'>non</span> <span class='ocrx_word' id='word_1_202' title='bbox 1001 2333 1176 2391; x_wconf 76' lang='lat' dir='ltr'>solum,</span> <span class='ocrx_word' id='word_1_203' title='bbox 1216 2348 1331 2394; x_wconf 89' lang='lat' dir='ltr'>quae</span> <span class='ocrx_word' id='word_1_204' title='bbox 1365 2335 1426 2379; x_wconf 93' lang='lat' dir='ltr'>sit</span> <span class='ocrx_word' id='word_1_205' title='bbox 1459 2331 1660 2393; x_wconf 82' lang='lat' dir='ltr'>singula-</span> 
     </span>
     <span class='ocr_line' id='line_1_30' title="bbox 124 2404 1661 2463; baseline -0.001 -15"><span class='ocrx_word' id='word_1_206' title='bbox 124 2417 226 2448; x_wconf 91' lang='lat' dir='ltr'>rum</span> <span class='ocrx_word' id='word_1_207' title='bbox 251 2416 565 2450; x_wconf 86' lang='lat' dir='ltr'>mensurarum</span> <span class='ocrx_word' id='word_1_208' title='bbox 599 2404 717 2449; x_wconf 89' lang='lat' dir='ltr'>inter</span> <span class='ocrx_word' id='word_1_209' title='bbox 748 2418 797 2450; x_wconf 90' lang='lat' dir='ltr'>se</span> <span class='ocrx_word' id='word_1_210' title='bbox 825 2406 970 2462; x_wconf 79' lang='lat' dir='ltr'>ratio,</span> <span class='ocrx_word' id='word_1_211' title='bbox 1007 2405 1165 2463; x_wconf 80' lang='lat' dir='ltr'>docet,</span> <span class='ocrx_word' id='word_1_212' title='bbox 1202 2405 1282 2450; x_wconf 87' lang='lat' dir='ltr'>sed</span> <span class='ocrx_word' id='word_1_213' title='bbox 1316 2406 1450 2450; x_wconf 88' lang='lat' dir='ltr'>etiam</span> <span class='ocrx_word' id='word_1_214' title='bbox 1482 2412 1661 2448; x_wconf 80' lang='lat' dir='ltr'>&#39;omnem</span> 
     </span>
     <span class='ocr_line' id='line_1_31' title="bbox 124 2473 1660 2534; baseline -0.001 -14"><span class='ocrx_word' id='word_1_215' title='bbox 124 2487 440 2520; x_wconf 86' lang='lat' dir='ltr'>mensurarum</span> <span class='ocrx_word' id='word_1_216' title='bbox 482 2474 791 2521; x_wconf 85' lang='lat' dir='ltr'>definitionem</span> <span class='ocrx_word' id='word_1_217' title='bbox 840 2476 1137 2521; x_wconf 85' lang='lat' dir='ltr'>revocandam</span> <span class='ocrx_word' id='word_1_218' title='bbox 1181 2488 1281 2520; x_wconf 92' lang='lat' dir='ltr'>esse</span> <span class='ocrx_word' id='word_1_219' title='bbox 1330 2473 1558 2534; x_wconf 84' lang='lat' dir='ltr'>significat</span> <span class='ocrx_word' id='word_1_220' title='bbox 1603 2473 1660 2519; x_wconf 85' lang='lat' dir='ltr'>ad</span> 
     </span>
     <span class='ocr_line' id='line_1_32' title="bbox 123 2544 1661 2606; baseline 0.001 -17"><span class='ocrx_word' id='word_1_221' title='bbox 123 2551 278 2604; x_wconf 86' lang='lat' dir='ltr'>partes</span> <span class='ocrx_word' id='word_1_222' title='bbox 317 2544 525 2605; x_wconf 87' lang='lat' dir='ltr'>corporis</span> <span class='ocrx_word' id='word_1_223' title='bbox 562 2545 771 2604; x_wconf 84' lang='lat' dir='ltr'>humani,</span> <span class='ocrx_word' id='word_1_224' title='bbox 805 2545 1036 2603; x_wconf 77' lang='lat' dir='ltr'>cubitum⁷</span> <span class='ocrx_word' id='word_1_225' title='bbox 1079 2546 1263 2606; x_wconf 76' lang='lat' dir='ltr'>pedem,</span> <span class='ocrx_word' id='word_1_226' title='bbox 1304 2544 1517 2606; x_wconf 88' lang='lat' dir='ltr'>palmum.</span> <span class='ocrx_word' id='word_1_227' title='bbox 1577 2544 1661 2590; x_wconf 90' lang='lat' dir='ltr'>Ne·</span> 
     </span>
     <span class='ocr_line' id='line_1_33' title="bbox 125 2614 1660 2676; baseline 0 -15"><span class='ocrx_word' id='word_1_228' title='bbox 125 2629 212 2675; x_wconf 89' lang='lat' dir='ltr'>que</span> <span class='ocrx_word' id='word_1_229' title='bbox 241 2614 373 2661; x_wconf 87' lang='lat' dir='ltr'>aliter</span> <span class='ocrx_word' id='word_1_230' title='bbox 396 2615 620 2661; x_wconf 90' lang='lat' dir='ltr'>Heronem</span> <span class='ocrx_word' id='word_1_231' title='bbox 646 2615 998 2662; x_wconf 82' lang='lat' dir='ltr'>Alexandrinum</span> <span class='ocrx_word' id='word_1_232' title='bbox 1028 2617 1243 2662; x_wconf 90' lang='lat' dir='ltr'>statuisse</span> <span class='ocrx_word' id='word_1_233' title='bbox 1277 2629 1329 2662; x_wconf 83' lang='lat' dir='ltr'>ex</span> <span class='ocrx_word' id='word_1_234' title='bbox 1360 2616 1490 2662; x_wconf 90' lang='lat' dir='ltr'>initio</span> <span class='ocrx_word' id='word_1_235' title='bbox 1527 2616 1660 2676; x_wconf 86' lang='lat' dir='ltr'>quin-</span> 
     </span>
     <span class='ocr_line' id='line_1_34' title="bbox 124 2681 1659 2748; baseline 0.002 -17"><span class='ocrx_word' id='word_1_236' title='bbox 124 2693 195 2732; x_wconf 82' lang='lat' dir='ltr'>tae</span> <span class='ocrx_word' id='word_1_237' title='bbox 231 2685 413 2732; x_wconf 81' lang='lat' dir='ltr'>tabulae</span> <span class='ocrx_word' id='word_1_238' title='bbox 448 2686 728 2733; x_wconf 86' lang='lat' dir='ltr'>Heronianae</span> <span class='ocrx_word' id='word_1_239' title='bbox 762 2688 1060 2748; x_wconf 86' lang='lat' dir='ltr'>perspicitur:</span> <span class='ocrx_word' id='word_1_240' title='bbox 1109 2683 1174 2735; x_wconf 89' lang='grc' dir='ltr'>τὰ</span> <span class='ocrx_word' id='word_1_241' title='bbox 1209 2681 1372 2747; x_wconf 81' lang='grc' dir='ltr'>μέτρα</span> <span class='ocrx_word' id='word_1_242' title='bbox 1407 2681 1659 2747; x_wconf 73' lang='grc' dir='ltr'>ἐξηύρην-</span> 
     </span>
     <span class='ocr_line' id='line_1_35' title="bbox 122 2751 1658 2817; baseline 0.001 -14"><span class='ocrx_word' id='word_1_243' title='bbox 122 2769 206 2804; x_wconf 86' lang='grc' dir='ltr'>ται</span> <span class='ocrx_word' id='word_1_244' title='bbox 229 2751 284 2806; x_wconf 81' lang='grc' dir='ltr'>ἐξ</span> <span class='ocrx_word' id='word_1_245' title='bbox 311 2751 669 2817; x_wconf 85' lang='grc' dir='ltr'>ἀνθρωπίνων</span> <span class='ocrx_word' id='word_1_246' title='bbox 696 2755 900 2817; x_wconf 79' lang='grc' dir='ltr'>μελῶν,</span> <span class='ocrx_word' id='word_1_247' title='bbox 936 2752 1104 2817; x_wconf 84' lang='grc' dir='ltr'>ἤγουν</span> <span class='ocrx_word' id='word_1_248' title='bbox 1138 2752 1429 2817; x_wconf 78' lang='grc' dir='ltr'>δακτύλου,</span> <span class='ocrx_word' id='word_1_249' title='bbox 1467 2752 1658 2805; x_wconf 84' lang='grc' dir='ltr'>κονδύ-</span> 
     </span>
     <span class='ocr_line' id='line_1_36' title="bbox 125 2822 1657 2890; baseline 0.001 -17"><span class='ocrx_word' id='word_1_250' title='bbox 125 2823 240 2885; x_wconf 81' lang='grc' dir='ltr'>λου,</span> <span class='ocrx_word' id='word_1_251' title='bbox 269 2825 586 2885; x_wconf 76' lang='grc' dir='ltr'>παλαιςτοῦ,</span> <span class='ocrx_word' id='word_1_252' title='bbox 615 2826 896 2887; x_wconf 77' lang='grc' dir='ltr'>ςπιθαμῆς,</span> <span class='ocrx_word' id='word_1_253' title='bbox 922 2823 1118 2889; x_wconf 76' lang='grc' dir='ltr'>ποδός,</span> <span class='ocrx_word' id='word_1_254' title='bbox 1142 2825 1381 2890; x_wconf 69' lang='grc' dir='ltr'>πήχεως,</span> <span class='ocrx_word' id='word_1_255' title='bbox 1411 2822 1657 2888; x_wconf 81' lang='grc' dir='ltr'>βήματος,</span> 
     </span>
     <span class='ocr_line' id='line_1_37' title="bbox 124 2892 1657 2960; baseline -0.001 -16"><span class='ocrx_word' id='word_1_256' title='bbox 124 2892 342 2958; x_wconf 83' lang='grc' dir='ltr'>ὀργυιᾶς</span> <span class='ocrx_word' id='word_1_257' title='bbox 373 2895 457 2946; x_wconf 85' lang='grc' dir='ltr'>καὶ</span> <span class='ocrx_word' id='word_1_258' title='bbox 493 2896 714 2948; x_wconf 83' lang='grc' dir='ltr'>λοιπῶν.</span> <span class='ocrx_word' id='word_1_259' title='bbox 774 2899 863 2946; x_wconf 87' lang='lat' dir='ltr'>lam</span> <span class='ocrx_word' id='word_1_260' title='bbox 892 2914 993 2946; x_wconf 86' lang='lat' dir='ltr'>curn</span> <span class='ocrx_word' id='word_1_261' title='bbox 1028 2899 1184 2960; x_wconf 88' lang='lat' dir='ltr'>paullo</span> <span class='ocrx_word' id='word_1_262' title='bbox 1215 2900 1471 2947; x_wconf 85' lang='lat' dir='ltr'>accuratius</span> <span class='ocrx_word' id='word_1_263' title='bbox 1500 2899 1555 2945; x_wconf 89' lang='lat' dir='ltr'>de</span> <span class='ocrx_word' id='word_1_264' title='bbox 1585 2898 1657 2943; x_wconf 91' lang='lat' dir='ltr'>his</span> 
     </span>
     <span class='ocr_line' id='line_1_38' title="bbox 122 2969 1656 3031; baseline -0.001 -17"><span class='ocrx_word' id='word_1_265' title='bbox 122 2971 333 3029; x_wconf 90' lang='lat' dir='ltr'>corporis</span> <span class='ocrx_word' id='word_1_266' title='bbox 373 2969 553 3015; x_wconf 91' lang='lat' dir='ltr'>humani</span> <span class='ocrx_word' id='word_1_267' title='bbox 590 2970 814 3015; x_wconf 89' lang='lat' dir='ltr'>mensuris</span> <span class='ocrx_word' id='word_1_268' title='bbox 854 2978 1048 3031; x_wconf 86' lang='lat' dir='ltr'>exponat</span> <span class='ocrx_word' id='word_1_269' title='bbox 1084 2971 1244 3017; x_wconf 83' lang='lat' dir='ltr'>Pollux</span> <span class='ocrx_word' id='word_1_270' title='bbox 1281 2971 1327 3016; x_wconf 89' lang='lat' dir='ltr'>in</span> <span class='ocrx_word' id='word_1_271' title='bbox 1364 2969 1656 3016; x_wconf 89' lang='lat' dir='ltr'>Onomastico</span> 
     </span>
    </p>
   </div>
  </div>
 </body>
</html>
