1946 3220
236 167 239 170 ⁴
281 138 380 190 146
419 157 570 190 GALVI
591 154 780 188 vmzsm
802 153 1116 187 TABULARUM
1142 154 1630 190 ALEXANDRINARUM.
1671 135 1795 207 [141]

359 265 466 315 ·17.
509 265 638 314 Chus
683 278 799 312 vero
847 263 1170 318 sextariorum
1219 270 1526 313 xestarumve
1574 279 1659 314 sex
1698 273 1796 323 est;

278 350 497 413 pondere
536 354 696 396 autem
735 348 833 395 vini
872 345 1106 411 [quatuor
1142 347 1209 411 et]
1246 347 1415 396 decem
1443 347 1680 398 librarum
1709 356 1796 407 est,

279 432 372 482 olei
419 447 619 486 novem,
673 429 832 480 mellis
881 431 1098 495 quinque
1147 437 1195 479 et
1242 430 1429 481 decem.
1507 438 1619 481 sunt
1668 435 1797 482 enim

281 518 516 579 cuiusque
555 516 789 564 materiae
827 529 1169 564 mensurarum
1197 516 1415 578 pondere
1442 515 1682 580 plurimae
1708 517 1799 566 dif-

224 611 250 650 5
281 600 530 648 ferentiae.

388 681 468 733 18.
518 683 708 747 Piperis
763 684 907 731 uncia
954 682 1131 732 baccas
1180 698 1414 733 coccosve
1463 700 1548 733 seu
1597 684 1798 747 granula

281 769 547 831 quingenta
586 766 755 823 habet,
795 766 917 815 libra
957 768 1326 832 veroquinque
1364 767 1561 818 milena.

389 849 469 901 19.
511 852 768 901 Praeterea
806 866 869 900 ne
904 853 953 899 in
981 853 1110 900 notis
1137 854 1346 915 signisve
1373 851 1799 902 characteribusve

280 942 552 993 erraretur,
604 938 740 999 signa
788 937 1025 999 cuiusque
1073 936 1141 985 sic
1180 937 1488 1000 digessimuS.
1562 935 1797 986 talentum

197 1032 249 1071 10
279 1036 368 1085 per
412 1020 489 1069 tal
533 1027 752 1076 notatur,
804 1035 915 1068 mna
964 1035 1055 1083 per
1101 1035 1205 1076 mn,
1258 1020 1382 1070 libra
1420 1037 1509 1085 per
1548 1020 1606 1078 li,
1656 1022 1799 1070 uncia

280 1120 369 1170 per
415 1121 507 1160 un,
559 1105 791 1153 drachma
840 1119 928 1167 per
977 1104 1165 1161 drach,
1216 1106 1318 1154 eius
1357 1106 1611 1154 dimidium
1649 1105 1797 1153 semi·¹

280 1189 460 1245 drach,
501 1204 732 1238 mensura
771 1196 1024 1238 metronve
1049 1204 1139 1253 per
1164 1195 1304 1246 metr,
1346 1189 1518 1238 obolus
1544 1204 1634 1253 per
1661 1188 1795 1246 obol,

281 1275 376 1322 duo
425 1273 555 1322 oboli
603 1271 800 1328 diobol,
860 1279 959 1322 tres
1007 1272 1217 1330 triobol‚
1275 1275 1490 1338 quinque
1530 1273 1796 1337 pentabol,

281 1358 529 1406 dimidium
570 1356 701 1406 oboli
739 1356 1016 1413 hemiobol,
1059 1357 1257 1407 chalcus
1295 1373 1384 1422 per
1424 1357 1563 1414 chal,
1605 1359 1686 1422 qui
1725 1365 1797 1407 est

195 1453 248 1492 15
281 1441 409 1490 oboli
447 1457 560 1506 pars
599 1449 781 1492 octava.

381 1524 466 1575 20.
507 1527 924 1575 Numerorum·et
961 1532 1103 1575 notae
1143 1532 1189 1575 et
1226 1541 1569 1574 mensurarum
1612 1526 1796 1574 adden-

275 1618 371 1666 tur,
413 1612 651 1659 sextarius
691 1616 909 1659 xestesve
947 1625 1036 1673 per
1071 1616 1199 1667 mest,
1242 1610 1400 1659 cotula
1427 1626 1516 1675 per
1545 1617 1639 1665 col,
1680 1625 1796 1659 cua-

275 1696 388 1743 thus
429 1695 687 1758 cyathusve
726 1710 814 1757 per
854 1700 976 1742 caat
1011 1697 1108 1743 sive
1150 1695 1316 1759 cyath.

392 1866 457 1904 10.
492 1865 543 1903 de
576 1866 685 1904 notis
715 1864 781 1903 tal
813 1871 855 1903 et
885 1869 963 1906 cet.
997 1865 1089 1903 vide
1115 1867 1230 1916 prol.
1264 1865 1287 1913 ἓ
1319 1866 1406 1908 123
1439 1869 1554 1905 extr.
1729 1864 1794 1903 18.

278 1936 319 1973 in
343 1935 428 1984 fine
463 1933 610 1974 Calvus
642 1936 896 1986 adscripsit:
948 1935 1260 1973 ‘Numerorum
1292 1947 1400 1974 uero
1431 1938 1565 1974 notas
1597 1946 1686 1998 non
1719 1932 1796 1972 ad-

279 2003 495 2056 didimus,
530 2005 635 2055 quia
668 2004 852 2044 codices
883 2005 1026 2044 nostri
1058 2017 1146 2044 non
1176 2003 1464 2044 habuerant!

1907 143 1933 164 h

1906 165 1927 210 'F

1923 222 1938 269 ἦ,

1919 282 1939 366 -l

1935 433 1941 452 l

1918 460 1923 469 .

1914 534 1941 571 ss}

1938 780 1943 794 Q

1938 821 1944 899 ἓ
