1946 3220
319 158 425 212 314
910 170 1227 208 FRAGMENTA

424 284 676 347 Ἄςημος,
710 280 959 345 ἄργυρος.
1900 278 1946 326 ''5⁴'ss

423 365 654 429 Αὐςτήρ,
685 363 881 430 μέτρου
912 362 1099 428 ὄνομα.
1663 418 1673 428 ,
1868 377 1933 424 ξ

424 450 722 514 ἫΑφυςςαν
753 447 853 512 τὴν
879 447 1141 514 κοτύληντ
1171 447 1539 515 Ταραντίνοις.

422 531 683 598 Ἀφύςτα,
710 532 936 597 κοτύλη,
963 532 1205 599 ςτάμνος.

261 631 286 670 5
421 615 650 681 Ἀχάνας
673 617 813 672 τινὲς
836 617 931 682 μὲν
956 613 1189 683 Περςικὰ
1215 618 1403 684 μέτρα,
1441 616 1762 684 Φανόδημος
1784 618 1880 673 δὲ

314 699 514 765 κίςτας
550 699 625 754 εἰς
658 700 723 755 ἃς
763 700 1097 758 κατετίθεντο
1142 702 1270 756 τοὺς
1303 702 1650 768 ἐπιςιτιςμοὺς
1679 702 1732 756 οἱ
1762 701 1849 757 ἐπὶ
1944 713 1946 716 ⁴

315 784 541 850 Θεωρίας
567 783 791 854 [ἰόντες,
812 785 869 839 οἳ
894 785 968 839 εἰς
995 786 1176 856 θεοὺς]
1205 786 1560 852 ςτελλόμενοι.

421 869 645 936 Ἀχὰνη
673 871 870 937 μέτρον
898 870 1042 925 ςίτου
1067 871 1127 927 ἐν
1157 870 1410 939 Βοιωτίᾳ,
1446 872 1666 937 χωροῦν
1707 871 1846 937 μεδί-

318 970 484 1018 μνους
509 950 600 1019 με’.

232 1050 285 1090 10
422 1037 620 1102 Βάδος,
649 1037 680 1091 ὃ
706 1038 789 1092 καὶ
815 1037 1000 1105 βάτος,
1030 1035 1079 1092 ν’
1103 1038 1300 1102 Ξέςται,
1324 1039 1494 1104 ἤγουν
1522 1037 1691 1104 λίτραι
1719 1037 1818 1104 μη’.

418 1122 627 1186 Βαιών,
667 1121 814 1186 ἰχθὺς
851 1122 1039 1176 οὕτως.
1087 1123 1171 1175 καὶ
1200 1123 1396 1188 μέτρον
1425 1123 1571 1190 παρὰ
1597 1123 1842 1178 Ἀλεξαν-

310 1208 500 1272 δρεῦςι.
1862 1198 1870 1202 ’
1912 1206 1918 1213 '

419 1288 679 1354 Boucdt‘iov,
715 1290 910 1356 μέτρον
934 1307 995 1343 τι.

418 1374 646 1440 Βάφιον,
672 1373 976 1440 ὀξύβαφον·
1014 1374 1348 1439 Ταραντῖνοι.

229 1470 281 1510 15
419 1458 624 1512 Βάττου
665 1458 900 1526 ςίλφιον]
934 1478 958 1510 *
989 1457 1228 1524 ςίλφιον,
1273 1459 1304 1511 ὃ
1348 1457 1670 1523 ἑκτετίμηται
1707 1457 1844 1523 παρ’

312 1542 520 1605 αὐτοῖς,
552 1541 686 1595 ὥςτε
710 1542 794 1595 καὶ
813 1542 872 1596 ἐν
893 1547 970 1610 τῷ
987 1541 1260 1607 νομίςματι
1287 1539 1429 1595 ὅπου
1449 1543 1543 1607 μὲν
1569 1542 1839 1607 Ἄμμωνα,
1916 1547 1946 1614 {32

312 1625 453 1680 ὅπου
479 1627 538 1679 δὲ
564 1624 774 1691 ςίλφιον
805 1625 1200 1691 ἐγκεχαράχθαι.

417 1709 719 1775 Βηματίζειν
735 1751 748 1774 ,
786 1711 850 1763 τὸ
876 1712 990 1763 τοῖς
1016 1710 1140 1763 ποςὶ
1165 1710 1386 1775 μετρεῖν.
1442 1709 1547 1763 ἔςτι
1578 1709 1639 1763 δέ
1663 1725 1782 1763 πως
1805 1710 1837 1774 ἦ

285 1794 445 1850 λέξις
473 1794 823 1859 Μακεδονικὴ.

224 1890 279 1931 20
416 1879 650 1942 Βιάτωρ,
676 1876 898 1933 κυάθιον
922 1878 1134 1943 μικρόν,
1160 1877 1330 1943 ἤγουν
1356 1877 1678 1944 κοχλιάριον.

417 1965 555 2017 Βοῦς
580 1962 666 2015 ἐπὶ
690 1962 913 2031 γλώςςῃ.
965 1961 1219 2027 παροιμία
1243 1961 1330 2014 ἐπὶ
1359 1964 1471 2015 τῶν
1506 1962 1574 2027 μὴ
1609 1960 1836 2026 δυναμέ-

307 2063 422 2102 νων
459 2045 919 2111 παρρηςιάζεςθαι,
959 2046 1077 2111 ἤτοι
1111 2047 1197 2099 διὰ
1234 2047 1331 2111 τὴν
1365 2045 1511 2111 ἰςχύν
1548 2048 1647 2098 τοῦ
1674 2045 1834 2108 Ζώου,

307 2132 339 2196 ἢ
367 2131 453 2185 διὰ
477 2131 541 2184 τὸ
566 2133 677 2184 τῶν
709 2129 1003 2195 Ἀθηναίων
1036 2131 1262 2195 νόμιςμα
1292 2130 1434 2194 ἔχειν
1462 2131 1595 2194 βοῦν
1621 2130 1835 2194 ἐγκεχα-
1923 2177 1934 2191 ,7

309 2215 605 2280 ραγμὲνον,
654 2213 826 2279 ὅνπερ
858 2213 1080 2268 ἐκτίνειν
1122 2213 1250 2266 τοὺς
1296 2213 1433 2278 πέρα
1475 2215 1573 2266 τοῦ
1610 2212 1833 2267 δέοντος

222 2310 277 2349 25
306 2298 828 2365 παρρηςιαζομένους
853 2297 918 2361 ἦν
947 2298 1082 2351 ἔθος.

414 2381 676 2447 Γαβαθόν,
702 2381 968 2447 τρυβλίον.

418 2608 458 2646 3.
487 2604 772 2659 Ταραντῖνοι
792 2607 924 2658 Mum
955 2611 1004 2649 at
1025 2606 1146 2648 conf.
1167 2619 1212 2647 v.
1235 2605 1519 2659 βεβηκῶςθαι
1634 2606 1674 2646 7.
1704 2605 1831 2646 ςτελ-

305 2672 495 2724 λόμενοι
534 2677 664 2727 Μιιε.,
705 2675 973 2728 τιλλόμενοι
1009 2677 1109 2718 cod.
1283 2676 1324 2719 8.
1363 2672 1583 2727 μέδιμνον
1621 2672 1672 2716 ἕν
1713 2674 1826 2725 eod„
1908 2693 1939 2730 ς,

308 2754 423 2783 corr.
448 2744 616 2787 Albert.
665 2745 673 2750 “
717 2748 783 2788 10.
807 2743 959 2798 λίτραι
981 2740 1075 2799 μη’]
1101 2739 1139 2787 δ’
1162 2744 1223 2797 μή
1246 2744 1341 2788 eod.
1460 2746 1527 2785 11.
1560 2742 1706 2795 βαίων
1727 2743 1828 2785 eod.

308 2813 373 2855 13.
406 2811 624 2866 βακάριον
656 2817 774 2856 coni.
806 2815 983 2870 Sopiny.
1156 2817 1225 2858 15.
1254 2812 1534 2866 ἑκτέτμηται
1564 2814 1677 2866 cod„
1709 2826 1827 2855 οοιϊ.
1906 2823 1915 2830 ‘

305 2882 472 2923 Pearso
617 2885 683 2925 18.
718 2882 953 2936 βηματίζει
984 2886 1103 2938 eod„
1135 2884 1260 2938 vulg.
1397 2885 1464 2925 23.
1497 2880 1694 2934 νόμῑίμα
1725 2882 1827 2925 add·
1912 2900 1927 2945 ξ,

305 2951 418 2992 Mus.
535 2953 603 2992 24.
636 2950 859 2995 ἐκτείνειν
881 2955 980 2998 cod.
