1946 3220
563 137 882 174 SCRIPTORES
909 138 1165 174 ossAnoos.
1558 122 1629 174 43

97 254 377 301 incremento
413 251 565 298 addito
603 251 936 312 produceretur
969 252 1023 298 ad
1056 252 1251 299 duorum
1277 252 1443 313 pedum
1466 252 1628 300 Roma-

97 337 263 370 norum
289 321 485 369 modum.
537 321 660 377 Quae
687 335 901 369 mensura
933 337 1068 383 quam
1093 323 1330 370 commoda
1357 323 1546 370 maxime
1571 324 1627 370 ad

95 395 195 454 agri
220 407 482 439 mensorum
507 392 707 439 rationes
727 392 882 450 fuerit,
910 408 1002 440 non
1027 400 1098 439 est
1123 394 1245 455 quod
1265 393 1409 440 dicam
1424 389 1471 453 ¹).
1499 393 1626 440 Hunc

96 463 238 524 igitur
267 463 406 509 habes
424 462 673 524 bipedalem
700 462 905 510 cubitum
929 477 982 510 ex
1004 464 1194 525 antiquo
1224 463 1378 511 cubito
1398 464 1625 526 Aegyptio

96 541 234 594 atque
271 533 318 580 in
358 533 456 594 ipsa
490 534 700 595 Aegypto
735 540 903 580 ortum.
982 534 1111 591 Quod
1151 542 1359 581 nostrum
1396 535 1627 581 inventum

97 603 254 666 quanti
293 606 511 649 momenti
550 604 635 663 sit,
673 618 853 664 omnes,
890 611 1027 666 puto,
1066 604 1145 665 qui
1176 605 1231 651 ad
1260 606 1340 651 has
1373 619 1446 651 res
1477 605 1627 652 studia

94 674 387 721 contulerunt
410 681 672 734 agnoscent.
722 675 831 720 Nam
858 690 959 722 cum
986 689 1133 736 nuper
1161 677 1333 722 incerta
1364 677 1627 722 coniectura

94 745 489 806 Constantinopoli
522 745 775 805 bipedalem
811 746 1013 792 cubitum
1047 746 1279 792 inventum
1313 759 1415 792 esse
1439 746 1628 793 Letron-

94 815 196 861 nius
222 815 389 876 aliique
416 812 745 875 statuissent²)⁷
774 830 873 875 nec,
904 831 992 877 qua
1016 816 1072 862 de
1096 831 1232 862 causa
1257 815 1468 862 inventus
1488 823 1626 874 esset,

95 886 342 947 quidquam
377 892 633 932 constaret:
682 887 770 932 iam
807 894 854 933 et
897 901 984 947 qua
1023 901 1078 933 ex
1110 888 1296 948 antiqua
1326 900 1540 932 mensura
1582 893 1627 933 et

96 971 186 1017 qua
220 956 267 1002 in
305 963 427 1003 terra
461 964 597 1018 atque
634 956 767 1003 etiam
796 957 961 1018 quibus
993 971 1047 1003 ex
1075 957 1224 1004 causis
1257 957 1476 1018 bipedalis
1502 971 1626 1003 men-

94 1042 202 1073 sura
234 1027 366 1074 facta*
388 1028 473 1086 sit,
510 1034 794 1088 compertum
830 1028 1060 1074 habemus.
1131 1028 1190 1074 De
1230 1035 1436 1089 tempore
1475 1034 1627 1074 autem

93 1111 186 1144 non
223 1098 372 1143 minus
405 1113 538 1159 quam
572 1099 626 1144 de
663 1098 852 1160 reliquis
889 1099 1124 1145 dissentio.
1172 1099 1283 1145 Nam
1306 1113 1410 1145 cum
1435 1098 1627 1144 Letron-

94 1168 197 1214 nius
223 1169 277 1214 ad
298 1169 541 1215 Theodosii
568 1175 776 1228 aetatem,
801 1169 1141 1230 Fennebergius
1168 1170 1305 1216 etiam
1326 1170 1379 1215 ad
1404 1169 1627 1215 decimum

95 1238 323 1285 saeculum
347 1239 567 1300 bipedalis
594 1240 735 1286 cubiti
762 1240 983 1301 originem
1010 1236 1281 1300 retulerit3),
1307 1239 1417 1286 mihi
1444 1239 1627 1300 quidem

93 1309 216 1355 illam
249 1324 382 1370 quam
411 1310 500 1355 dixi
529 1310 829 1371 argentariam
849 1311 1087 1368 rationem,
1114 1312 1201 1356 etsi
1228 1310 1284 1357 ab
1311 1310 1627 1370 antiquissima

92 1386 239 1426 aetate
281 1381 336 1425 ad
370 1381 618 1426 secundum
644 1395 690 1442 p.
722 1381 825 1427 Chr.
851 1396 896 1427 n.
924 1381 1152 1428 saeculum
1186 1387 1485 1442 propagatam
1524 1394 1626 1426 esse

92 1457 299 1510 constat,
341 1458 489 1496 tamen
524 1451 664 1511 longo
700 1450 804 1498 inde
837 1451 1056 1512 temporis
1093 1454 1242 1513 spatio
1271 1458 1491 1497 servatam
1524 1464 1625 1496 esse

91 1521 274 1567 minime
321 1521 558 1582 probabile
605 1522 796 1568 videtur.
879 1522 1008 1568 Certe
1054 1537 1146 1568 non
1185 1521 1307 1568 ultra
1340 1521 1626 1568 Constantini

92 1598 313 1650 aetatem,
354 1592 432 1652 qui
457 1607 624 1638 novum
654 1607 839 1639 aureum
864 1607 1098 1639 nummum
1125 1606 1379 1653 novamque
1408 1591 1625 1653 pecuniae

90 1663 420 1724 computandae
467 1664 690 1710 rationem
725 1664 859 1723 fecit,
907 1664 1030 1710 illam
1063 1664 1366 1724 argentariam
1401 1663 1625 1709 rationem

91 1734 139 1779 in
174 1749 261 1779 usu
300 1734 442 1780 fuisse
477 1748 575 1780 meo
611 1748 682 1780 me
713 1735 810 1780 iure
848 1734 1071 1782 affirmare
1108 1735 1330 1780 existimo.
1375 1734 1495 1792 Ergo
1534 1747 1626 1779 non

90 1810 198 1865 post
225 1806 410 1850 tertium
434 1805 662 1850 saeculum
687 1819 738 1851 ea
759 1806 1009 1866 agrestium
1037 1819 1350 1851 mensurarum
1371 1805 1486 1850 ratio
1509 1816 1624 1864 quae

93 1882 164 1921 est
192 1876 239 1920 in
268 1875 426 1935 quinta
451 1874 602 1920 tabula
630 1875 839 1921 instituta
866 1889 965 1921 esse
991 1882 1158 1936 potest.
1214 1875 1338 1921 Unde
1366 1874 1621 1920 necessario

91 1944 283 1992 alterum
310 1944 521 2003 efficitur,
548 1946 634 1991 iam
659 1946 794 1992 tertio
821 1946 1000 1992 saeculo
1032 1946 1076 1991 in
1095 1946 1302 2006 Aegypto
1327 1943 1624 2005 provinciales

208 2108 250 2163 1)
283 2110 428 2151 Recte
462 2111 742 2162 Letronnius
773 2125 816 2165 p.
840 2112 923 2152 265
953 2112 1117 2164 paucis
1150 2111 1359 2163 exponit,
1392 2109 1624 2164 bipedalis

92 2169 212 2208 ratio
244 2171 414 2219 quanto
448 2167 599 2221 aptior
637 2181 774 2221 quam
814 2167 1152 2221 sesquipedalis
1185 2167 1245 2207 ad
1275 2167 1424 2220 iugeri
1454 2166 1626 2207 descri-

92 2224 295 2278 ptionem
327 2224 483 2266 fuerit.
543 2225 659 2264 Nam
699 2224 948 2278 scripulum
988 2224 1133 2265 habet
1172 2223 1413 2276 bipedales
1445 2224 1623 2264 cubitos

94 2279 255 2390 (1υῇ1.
276 2281 346 2331 25,
371 2279 723 2333 sesquipedales
744 2281 976 2322 Romanos
992 2279 1110 2336 443,
1126 2280 1348 2341 'antiquos
1368 2280 1623 2334 Aegyptios

207 2391 251 2442 2)
283 2392 413 2441 Quod
443 2393 721 2434 Letronnius
751 2407 793 2446 p.
817 2394 901 2434 266
934 2406 957 2433 0
988 2393 1089 2434 1000
1122 2392 1316 2446 quodam
1335 2392 1430 2434 Ioa.
1455 2390 1621 2431 Pedia—

94 2448 220 2499 simi,
254 2449 489 2500 scriptoris
509 2449 778 2501 Byzantini‚
812 2450 891 2501 qui
920 2450 1028 2489 XIV
1048 2449 1236 2490 saeculo
1267 2447 1406 2498 vixit,
1439 2446 1625 2487 demon—

95 2505 263 2545 stravit
292 2503 555 2556 bipedalem
587 2505 791 2545 cubitum
813 2505 897 2545 illa
921 2509 1076 2546 aetate
1100 2502 1502 2556 Constantinopoli
1531 2503 1624 2543 usi-

93 2563 242 2601 tatum
271 2561 416 2601 fuisse
449 2564 512 2608 (v.
546 2561 670 2601 infra
700 2562 724 2611 ξ
755 2560 854 2613 37),
887 2574 1021 2602 1101110
1053 2564 1182 2601 certe
1214 2559 1508 2613 obloquetur;
1540 2559 1623 2599 mi-

94 2617 215 2657 nime
255 2620 410 2657 autem
441 2616 547 2658 inde
580 2617 854 2658 concludere
887 2616 1020 2657 licuit
1059 2616 1220 2657 eadem
1251 2616 1299 2656 in
1330 2617 1442 2656 urbe
1474 2620 1622 2656 ortum

96 2676 232 2726 atque
263 2673 499 2713 inventum
533 2686 631 2714 esse
662 2673 784 2714 hunc
816 2673 1034 2714 cubitum.
1096 2673 1304 2713 Letronii
1341 2672 1623 2713 sententiam

98 2728 296 2783 amplexi
326 2734 432 2770 sunt
463 2730 688 2770 Martinus
719 2743 761 2783 p.
792 2730 875 2770 206
908 2733 954 2770 et
982 2729 1332 2782 Fennebergius
1362 2742 1406 2782 p.
1438 2730 1507 2771 47.

207 2784 251 2837 3)
280 2786 557 2827 Letronnius
587 2800 631 2839 p.
663 2786 887 2827 267—271
940 2785 997 2826 de
1042 2785 1290 2826 Theodosii
1336 2788 1491 2825 aetate
1531 2797 1623 2831 non

94 2840 460 2894 'improbabiliter
490 2843 752 2896 suspicatus
786 2846 879 2891 est3
913 2845 962 2882 at
983 2854 1100 2894 quae
1132 2841 1482 2894 Fennebergius
1515 2839 1625 2892 (Un-

93 2898 400 2950 tersuclznnyen
433 2900 538 2951 etc.)
561 2912 622 2952 Vp.
654 2900 708 2940 47
747 2898 911 2939 statuit
942 2910 1000 2939 ea.
1030 2899 1190 2939 miram
1224 2897 1519 2940 coniectandi
1552 2910 1622 2937 ar-

94 2956 188 2994 tem
218 2954 426 3007 produnt.
