1946 3220
1784 0 1946 76 Ἣ

1891 73 1946 116 ¹75⁴}

1902 110 1946 127 ‘ss'

308 151 416 205 270
700 165 1020 201 FRAGMENTA
1057 165 1128 198 DE
1165 165 1428 201 MENSURIS
1576 159 1595 170 ·'
1738 149 1918 218 [83]

311 277 416 331 ἐςτι
441 277 638 331 ξεςτῶν
665 274 731 339 β’·
763 274 837 327 ὡς
864 272 1001 328 εἶναι
1026 273 1123 327 τὸν
1147 272 1356 338 κύπρον
1382 270 1441 326 κ’.
1493 272 1524 327 6
1549 274 1652 340 γὰρ
1678 275 1869 340 μέγας

309 377 419 425 παρ
434 361 447 380 ³
471 359 651 413 αὐτοῖς
673 357 859 424 μόδιος
888 359 1084 412 ξεςτῶν
1111 357 1215 410 ἐςτι
1238 356 1330 410 κδ’.
1918 356 1940 368 ”

377 458 460 510 20.
499 456 662 521 Λίτρα
686 457 833 522 παρὰ
857 456 1135 532 Ῥωμαίοις
1165 455 1506 521 ἑρμηνεύεται
1530 455 1700 522 λίβρα,
1725 446 1840 521 ἥτις
1905 500 1933 511 ,-

305 542 705 606 ἐτυμολογεῖται
736 541 870 606 παρ’
895 540 1076 594 αὐτοῖς
1107 539 1280 605 ἰςότης
1312 540 1483 606 ἤγουν
1519 539 1838 596 ἰςοκανονία.

250 643 275 682 5
306 626 414 691 ἔχει
446 627 505 679 δὲ
535 624 759 687 ,οὐγκίας
795 625 872 691 ιβ’.
923 625 1168 691 παρήχθη
1208 624 1268 678 δὲ
1302 624 1365 678 τὸ
1398 627 1492 691 τῆς
1515 626 1556 680 [ὅ
1585 624 1760 690 ὄνομα
1783 624 1840 680 ἑξ
1918 648 1922 695 j

265 783 268 789 Ι
303 709 607 776 Ἑλληνίδος
634 709 744 763 ἀπὸ
769 712 868 763 τοῦ
896 708 1077 773 ὄγκου.

410 808 494 862 21.
531 810 590 862 Ἡ
619 809 678 862 δὲ
703 808 854 875 λίτρα
880 808 985 862 ἐςτὶ
1011 806 1128 873 ςπη’
1152 808 1491 874 γραμμάτων.
1530 807 1751 861 ἕκαςτον
1779 807 1839 861 δὲ

301 892 512 958 γράμμα
548 892 809 957 κερατίων
846 893 984 947 ἑςτὶν
1019 891 1090 951 ς’·
1129 895 1296 945 ταῦτα
1322 892 1382 946 δέ
1408 893 1544 947 ἐςτιν
1571 891 1701 945 ὀςτᾶ
1726 890 1836 944 ἀπὸ

301 976 582 1041 κεραταίας
613 979 839 1042 καρποῦ.
895 977 927 1031 6
964 977 1023 1031 δὲ
1060 978 1233 1030 ὅςτῶν
1263 975 1424 1030 οὗτος
1457 976 1524 1030 ἂν
1552 977 1585 1046 ᾖ
1613 977 1837 1041 τέλειος,

220 1077 274 1117 10
306 1060 471 1126 ὁλκὴν
509 1063 652 1114 ποιεῖ
685 1065 864 1127 κριθῆς
901 1061 1171 1125 εὐκάρπου
1199 1051 1257 1126 ᾗ·
1314 1061 1390 1115 ὡς
1435 1060 1572 1116 εἶναι
1606 1063 1703 1127 τὴν
1739 1061 1836 1126 μὲν
1903 1051 1937 1134 ³}

301 1146 485 1210 λίτραν
508 1148 686 1216 κριθῆς
710 1146 919 1199 κόκκων
944 1143 1124 1216 λγυνςῼ
1160 1144 1419 1210 κερατίων
1452 1144 1643 1214 Ιαψκηζ
1670 1159 1835 1210 γραμ-
1916 1132 1941 1151 ”

301 1228 484 1293 μάτων
517 1226 650 1294 ςπη’,
688 1229 919 1292 οὐγκιῶν
951 1227 1026 1300 ,βῖ
1075 1229 1108 1292 ἡ
1145 1230 1204 1283 δὲ
1240 1229 1427 1293 οὐγκία
1463 1229 1568 1283 ἐςτὶ
1600 1229 1836 1294 γραμμά-
1920 1226 1929 1235 ’

300 1330 411 1367 των
439 1313 530 1366 κδ’.

371 1410 455 1463 22.
494 1411 702 1465 Ἄλλως
751 1413 810 1466 δὲ
861 1412 1023 1466 πάλιν
1073 1413 1331 1478 μερίζεται
1375 1413 1408 1477 ἡ
1455 1411 1641 1475 οὐγκία
1688 1413 1836 1478 παρὰ
1900 1417 1903 1419 ’

217 1510 269 1550 15
299 1494 557 1560 Ἑβραίοις
594 1496 666 1549 εἰς
701 1494 1043 1563 ςτατῆραςβ.
1100 1497 1131 1549 6
1158 1498 1217 1550 δε
1254 1498 1445 1562 ςτατὴρ
1478 1496 1588 1562 ε’χει
1627 1496 1836 1549 ςίκλους

301 1578 367 1643 β’·
401 1579 463 1631 τὸ
491 1580 550 1632 δὲ
588 1579 767 1634 ςίκλον
800 1580 909 1645 ἔχει
947 1580 1114 1634 λεπτὰ
1140 1580 1254 1634 δύο.
1302 1581 1366 1635 τὸ
1391 1581 1450 1634 δὲ
1475 1581 1675 1635 λεπτὸν
1702 1580 1833 1646 ὁλκὴ

297 1659 346 1714 α’
375 1662 504 1727 ἐςτί
536 1661 599 1728 η”
622 1667 772 1729 τῆςο
739 1665 793 1718 Γ.
1939 1718 1942 1720 ,

369 1746 454 1799 23.
489 1747 650 1812 Παρά
673 1764 770 1801 τιςι
788 1748 848 1801 δὲ
872 1748 957 1800 καὶ
974 1747 1174 1814 ὀβολὸς
1192 1749 1415 1814 νόμιςμα
1434 1748 1543 1802 ἀπὸ
1562 1749 1659 1802 τοῦ
1685 1748 1833 1814 παρὰ
1922 1758 1929 1816 ᾗ

296 1832 407 1885 τῶν
453 1831 712 1896 βαςιλέων
756 1832 817 1886 ἐν
856 1831 1033 1900 τούτῳ
1067 1837 1145 1902 τῷ
1185 1832 1458 1898 νομίςματι
1501 1833 1598 1886 τὸν
1635 1832 1832 1898 κόςμον
1907 1874 1910 1876 -

414 2045 452 2087 1.
486 2038 544 2097 κ’]
576 2044 608 2096 ῆ
639 2043 690 2084 Ρι
807 2046 852 2086 2.
883 2042 1061 2096 μοδίων
1090 2043 1156 2097 Pi,
1199 2043 1375 2095 μοδιῶν
1404 2043 1456 2086 Pl
1572 2038 1658 2098 κδ’]
1692 2042 1749 2096 ῆδ
1780 2042 1832 2086 Pi

296 2115 337 2155 3.
369 2111 493 2166 ἥτις]
526 2112 644 2166 ἥτης
674 2111 725 2154 Pl
820 2116 862 2157 4.
892 2114 1044 2166 ἥτουν
1072 2112 1124 2155 Pl
1232 2115 1272 2157 6.
1306 2113 1451 2166 ὅγγου
1480 2113 1532 2156 P¹
1619 2117 1659 2159 7.
1691 2113 1832 2168 γράμ-

296 2194 419 2235 ματα
448 2180 500 2223 Ρ1
615 2185 656 2225 8.
690 2182 803 2225 ὸςτᾶ
835 2181 945 2237 etc.]
1000 2183 1067 2226 ὡς
1101 2182 1162 2226 τὰ
1200 2181 1414 2237 ἀπόκερα
1451 2183 1512 2226 τὰ
1551 2186 1749 2238 καρπῶν
1777 2182 1830 2229 Ρι

295 2254 338 2294 9.
371 2250 534 2306 οὗτος]
569 2251 725 2295 οὕτως
757 2252 867 2294 libri
983 2252 1042 2296 ἂν
1072 2251 1123 2306 ᾗ]
1159 2250 1228 2295 ὧν
1259 2251 1288 2303 ἡ
1321 2252 1371 2294 Pi
1546 2257 1613 2296 10.
1644 2252 1827 2307 κριθῆς]

297 2334 371 2376 κρι
403 2335 504 2364 cum
535 2335 760 2377 suprascr.
790 2322 818 2364 θ
847 2321 957 2364 libri
1072 2321 1330 2378 εὐκάρπου]
1366 2335 1417 2366 ευ
1447 2325 1623 2376 καρκοῦ
1653 2322 1719 2377 Pi,
1752 2322 1828 2366 εὐ-

295 2393 494 2446 κάρπων
523 2391 575 2434 Ρ1
675 2381 722 2446 β’]
756 2390 1000 2435 διπλαςίαν
1032 2394 1211 2435 conieci
1242 2395 1290 2434 in
1318 2394 1432 2448 prol.
1456 2395 1480 2444 ξ
1501 2396 1557 2436 90
1652 2394 1719 2434 11.
1753 2404 1830 2445 κρι
1915 2442 1918 2443 ⁷

297 2476 398 2504 cum
430 2476 659 2518 suprascr.
691 2463 743 2505 θς
773 2461 823 2505 Ρὶ
927 2461 1101 2506 κόκκον
1131 2463 1238 2505 libri
1355 2466 1421 2508 12.
1453 2461 1660 2516 οὐγγιῶν
1688 2451 1745 2514 ἦ
1773 2461 1828 2505 Ρι
1903 2470 1922 2509 25

296 2531 331 2578 13
361 2532 454 2575 ἑςτὶ
482 2532 732 2588 γράμματα
759 2531 811 2576 Ρι
928 2535 995 2575 14.
1029 2532 1065 2580 Ιῗ
1094 2532 1144 2576 Ρι
1320 2536 1386 2576 15.
1417 2531 1613 2587 ςτατὴρ]
1647 2531 1828 2585 γαςτὴρ
1902 2546 1916 2579 ,5

292 2600 346 2643 Pl
461 2605 529 2646 16.
559 2603 620 2646 τὸ
650 2602 831 2647 λεπτὸν
861 2603 1011 2656 ὁλκὴν
1042 2602 1150 2656 μίαν
1178 2602 1230 2646 Pl
1374 2605 1440 2645 17.
1469 2597 1546 2656 η”]
1578 2601 1608 2654 ἡ
1631 2600 1698 2655 Pl,
1730 2600 1829 2645 ἔςτι
1900 2611 1938 2651 x.

295 2670 345 2713 δὲ
376 2670 545 2722 ὄγδοον
568 2673 630 2716 Sa
719 2673 754 2721 [3
783 2687 875 2717 non
906 2678 1142 2729 comparet
1172 2675 1221 2715 in
1250 2672 1302 2716 Pl
1331 2677 1462 2727 parte
1492 2671 1712 2727 plagulae
1745 2673 1826 2715 ab·
1902 2667 1926 2728 ᾖ

296 2741 466 2793 scissa,
506 2742 698 2795 οὐγκίας
728 2743 790 2786 Sa
907 2745 974 2787 18.
1007 2743 1102 2798 καὶ]
1143 2743 1228 2787 οὖν
1258 2743 1310 2786 Pl
1422 2740 1640 2797 νόμιςμα]
1675 2742 1827 2785 καλεῖ·
1894 2731 1929 2737 ”

294 2820 372 2852 ται
400 2810 462 2852 Sa
570 2811 670 2856 ’ἀπὸ
707 2815 796 2857 τοῦ
835 2813 962 2867 παρὰ
999 2816 1101 2857 τῶν
1141 2811 1382 2867 βαςιλέων]
1416 2811 1544 2866 παρὰ
1573 2815 1674 2855 τοῖς
1706 2812 1825 2863 βαςι·

295 2879 450 2923 λεῠςιν
479 2879 530 2922 Ρι
675 2885 742 2926 19.
774 2883 825 2926 ἐν
864 2883 1042 2927 τούτου
1070 2883 1123 2927 Pl
1238 2886 1308 2936 τῷ
1340 2880 1602 2937 νομίςματι]
1641 2880 1825 2935 νομίςαι
1895 2888 1908 2931 ᾗ

291 2949 401 2992 libri
432 2953 478 2991 et
507 2950 569 2991 Sa
