1946 3220
205 643 229 681 5

179 1061 231 1099 10

180 1481 232 1519 15

181 1913 235 1952 20

257 163 361 216 308
852 171 1171 228 FRAGMENTA
1337 207 1340 209 ,
1651 153 1780 222 [101]

367 289 604 351 Νοῦμος,
633 283 778 337 εἶδος
804 281 1134 346 νομίςματος.

365 369 654 435 (ηςκουάς,
679 368 829 432 ἥμιςυ
854 365 946 418 ςὺν
974 364 1225 432 ἀςςαρίῳ,
1257 364 1524 417 τουτέςτιν
1550 365 1608 418 ἓν
1632 364 1782 430 ἥμιςυ

262 456 523 519 ἀςςάριον.
1067 468 1071 471 “
1491 465 1494 468 ’
1522 468 1525 470 ·

365 538 599 601 (Σόλιδοι,
626 534 926 600 νομίςματα.

365 621 674 675 (τιπένδιον
711 620 769 673 ἓτ
803 621 1113 685 τριβοῦτον,
1152 617 1214 670 τὸ
1246 617 1354 670 ἀπὸ
1382 619 1593 670 λεπτῶν
1624 617 1784 681 ἀργυ-

261 707 391 772 ρίων
419 705 799 770 ςυναγόμενον.

365 790 564 845 Φόλλις
592 790 679 842 ἐπὶ
705 788 997 842 Θεοδοςίου
1027 790 1125 841 τοῦ
1155 786 1286 841 νέου
1322 785 1498 852 φόρος
1547 785 1786 850 ἡμιόνων

260 875 464 941 εἰςήχθη
491 877 607 928 τοῖς
624 870 1288 934 Κονςταντινουπολίταις,
1323 873 1518 924 δεῑςθαι
1543 874 1655 925 τῶν
1680 869 1804 923 ‘rol-⁰

262 960 438 1014 ούτων
467 959 774 1023 ὑποζυγίων
802 960 898 1024 τὴν
924 958 983 1011 έν
1009 957 1230 1025 πολέμῳ
1266 955 1446 1021 χρείαν
1473 956 1787 1021 προϊςχομέ-

260 1061 374 1097 νου.
426 1045 610 1110 ἕτερος
635 1045 695 1097 δὲ
726 1045 757 1098 6
789 1045 991 1108 κληθεὶς
1017 1042 1209 1109 φόλλις
1238 1042 1332 1093 τὰς
1362 1043 1472 1094 τῶν
1498 1040 1787 1103 ἀξιολογω-

262 1129 434 1194 τέρων
469 1129 603 1182 κατὰ
637 1128 822 1182 πόλεις
861 1127 1023 1181 οἰκίας
1058 1126 1373 1193 κατέλαβεν,
1404 1125 1487 1178 ὅτι
1514 1126 1580 1190 ἣν
1608 1125 1794 1177 αὐτοῖς·

261 1214 323 1265 τὸ
359 1214 519 1276 γένος
548 1213 663 1267 ἄνω
700 1216 793 1277 τῆς
829 1211 1096 1267 ἀξιώςεως
1132 1211 1419 1276 τετυχηκὸς
1456 1211 1539 1263 καὶ
1569 1210 1634 1276 ἦν
1670 1210 1791 1264 ἀτύ-

262 1314 402 1362 χημα
437 1298 501 1350 τὸ
536 1300 778 1362 κρεῖττον
827 1297 886 1350 έν
925 1298 1039 1349 τοῖς
1074 1295 1250 1358 γένεςι
1285 1297 1423 1361 πρὸς
1461 1296 1525 1348 τὸ
1570 1295 1791 1360 μέγεθος

263 1385 356 1446 τῆς
383 1381 651 1437 ἀξιώςεως
682 1381 1087 1447 διακρινόμενον
1114 1387 1191 1450 τῷ
1219 1386 1386 1449 ποςῷ.
1433 1382 1548 1434 τοῖς
1573 1382 1668 1444 μέν
1695 1383 1790 1433 τοῦ

262 1465 560 1530 πρωτίςτου
586 1466 775 1519 τέλους
810 1465 951 1518 ὀκτὼ
979 1464 1200 1531 χρυςίου
1239 1465 1432 1530 λίτραι,
1465 1468 1579 1518 τοῖς
1610 1467 1669 1518 δὲ
1695 1468 1791 1518 τοῦ

264 1551 519 1615 δευτέρου
553 1549 824 1615 τέςςαρες,
864 1550 948 1601 καὶ
983 1549 1082 1601 δύο
1114 1552 1226 1601 τοῖς
1257 1548 1478 1613 τρίτοις,
1519 1548 1594 1603 ὥς
1632 1567 1790 1615 φηςιν

261 1636 504 1701 Ἡςύχιος
535 1633 566 1688 6
594 1634 938 1698 Ἰλλούςτριος
968 1633 999 1687 6
1027 1634 1398 1699 φιλοςοφήςας
1421 1637 1514 1698 τῆς
1540 1634 1793 1699 Μιληςίας

262 1721 322 1774 ἐν
349 1724 425 1788 τῷ
455 1715 500 1778 ς’
526 1723 757 1787 χρονικῷ
785 1718 1084 1782 διαςτήματι
1109 1721 1203 1781 τῆς
1226 1717 1468 1790 ἱςτορίας.

372 1817 570 1870 Φόλλις
613 1816 837 1880 ςταΘμός
882 1816 987 1869 έςτι
1027 1815 1322 1882 λεγόμενος
1359 1816 1443 1869 καὶ
1489 1817 1792 1882 βαλάντιον,

266 1904 403 1956 ἕλκει
427 1903 487 1955 δὲ
510 1902 799 1966 δηναρίους
829 1899 1134 1953 διακοςίους
1167 1901 1527 1965 πεντήκοντα,
1562 1901 1795 1955 τουτέςτι

267 1987 447 2051 λίτρας
480 1984 575 2051 τιβ’
602 1985 687 2037 καὶ
725 1984 946 2047 οὐγγίας
975 1985 1056 2049 ἕξ,
1086 1984 1162 2038 ὡς
1190 1984 1414 2051 ἔχοντος
1451 1984 1671 2039 ἑκάςτου
1705 1989 1794 2050 δη-

268 2070 458 2135 ναρίου
483 2069 665 2133 λίτραν
694 2066 742 2120 α’
770 2069 855 2121 καὶ
887 2068 1107 2132 οὐγγίας
1131 2068 1193 2131 γ’.
1233 2069 1339 2123 ἕςτι
1364 2070 1423 2122 δὲ
1449 2069 1634 2134 ἕτερος
1660 2069 1796 2134 φόλ-

201 2150 206 2155 ’
268 2157 346 2207 λις
373 2153 732 2216 ςυναγόμενος
757 2153 812 2206 ἐξ
838 2152 1107 2218 ἀργυρίων
1133 2154 1346 2207 λεπτῶν
1371 2156 1482 2208 τῶν
1507 2155 1619 2205 τοῖς
1645 2170 1795 2218 ςτρα-

267 2240 478 2292 τιώταις
503 2236 804 2300 διδομένων
824 2237 909 2288 καὶ
934 2237 1021 2289 διὰ
1046 2239 1208 2290 τοῦτο
1236 2236 1574 2302 μιλιαρηςίων
1606 2239 1796 2290 καλου-

380 2466 419 2505 2.
449 2461 571 2515 ἵμιςυ
602 2462 741 2516 vulgo
772 2466 964 2515 utroque
995 2462 1096 2504 loco
1213 2464 1253 2504 4.
1289 2460 1478 2505 (ὀλιδοε
1509 2462 1671 2516 vulgo,
1712 2477 1797 2505 em.

271 2533 355 2574 Sea
470 2535 509 2573 7.
542 2530 686 2574 Φόλις
715 2531 855 2586 vulgo
973 2533 1040 2573 10.
1074 2530 1445 2585 ἀξιολογοτέρων
1476 2532 1613 2586 vulgo
1731 2536 1796 2575 13.

271 2601 390 2654 πρὸς
414 2603 515 2644 add.
540 2603 627 2644 Gro
650 2603 788 2656 p.839
907 2604 974 2643 17.
998 2599 1274 2653 φιλοςοφίας
1289 2601 1446 2656 vulgo,
1470 2602 1796 2644 emend.Labb.

272 2671 376 2712 coll.
408 2685 451 2714 v.
482 2669 793 2723 παλματίους;
847 2670 873 2714 6
915 2670 1216 2724 Ἰλλούςτριος
1247 2669 1456 2724 Ἡεύχιος
1487 2671 1514 2714 6
1543 2671 1801 2725 φιλοςοφή-

272 2751 353 2782 ςας
389 2741 475 2791 τῆς
507 2739 753 2794 Μιληςίας,
798 2746 844 2783 et
873 2755 916 2785 v.
947 2740 1248 2794 ῥελεβάτους;
1301 2740 1327 2783 6
1360 2741 1458 2785 Ἰλλ.
1491 2741 1581 2784 Ἡς.
1613 2741 1639 2783 6
1670 2742 1800 2793 φιλο-

272 2806 479 2862 ςοφήςας
510 2807 736 2863 Μιληςὶας
880 2815 949 2857 22.
979 2807 1021 2865 γ’
1052 2813 1114 2855 Sa
1153 2811 1336 2854 Confut.
1368 2826 1412 2865 p.
1446 2814 1546 2864 104,
1588 2823 1632 2863 ιγ
1662 2811 1799 2865 vulgo

271 2882 339 2921 23.
381 2880 481 2919 τῶν
523 2878 625 2920 add.
667 2880 785 2922 idem
815 2896 858 2936 p.
894 2884 976 2925 107
1091 2881 1212 2936 τοῖς]
1256 2884 1358 2924 ταῖς
1398 2882 1639 2936 typotheta
1681 2883 1801 2935 apud

274 2949 488 2992 Ottonem

1790 7 1804 20 s
1827 0 1863 22 ‘'a‘'

1782 23 1796 30 ὀ
1836 22 1863 50 Ιὲῗ

1829 51 1840 59 .

1853 0 1940 132 Αἱ

1901 215 1915 247 f:
