1946 3220
311 137 413 189 180
650 151 968 187 FRAGMENTA
995 152 1062 184 m:
1089 150 1350 186 MENSURIS
1694 135 1758 203 [3.
1779 136 1827 204 4]
1945 151 1946 175 ι

307 263 474 328 δόχμη
512 261 765 322 παλαιςτή
804 275 860 311 τε
895 259 979 311 καὶ
1014 260 1196 324 δῶρον
1222 260 1464 312 καλεῖται.
1514 260 1547 324 ἧ
1582 260 1642 313 δὲ
1681 260 1830 325 λιχάς

308 347 414 399 ἐςτι
439 345 718 398 δακτύλων
746 340 793 405 ι’,
830 342 891 394 τὸ
918 343 975 394 δ’
1001 342 1317 408 ὀρθόδωρον
1344 340 1428 406 ια’,
1461 343 1494 408 ἡ
1521 343 1581 397 δὲ
1605 345 1830 409 ςπιθαμὴ
1920 351 1926 355 ’

309 429 389 494 ιβ’,
417 429 447 481 6
476 429 534 480 δὲ
559 426 697 479 ποὺς
723 428 941 491 δοχμῶν
968 425 1014 478 δ’
1037 427 1156 491 ἤτοι
1181 426 1457 481 δακτύλων
1484 426 1565 491 ις’,
1589 426 1622 492 ἦ
1650 427 1709 480 δὲ
1732 444 1830 480 πυ-

307 514 407 576 γμὴ
437 516 560 563 δακτ
572 510 714 565 ίιλων
740 508 823 575 ιη’,
851 509 882 562 6
908 510 968 563 δὲ
992 511 1179 573 πυγὼν
1197 508 1257 574 κ’,
1283 511 1315 563 6
1342 511 1401 565 δὲ
1426 513 1599 576 πῆχυς
1622 507 1831 575 κδ’ἤτοι
1891 523 1893 525 ’

253 610 277 648 5
309 598 525 659 δοχμῶν
553 598 613 657 ς’,
639 595 671 658 ὴ
698 593 757 657 δὲ
782 592 972 658 ὀργυιὰ
995 593 1213 660 πήχεων
1239 593 1284 647 δ’
1309 595 1427 659 ἤτοι
1450 598 1640 650 ποδῶν
1667 590 1725 654 ς’.

307 792 353 843 3.
407 790 591 843 Electa
639 790 897 858 quaedam
934 808 961 840 e
994 790 1201 856 Didymi
1247 791 1418 842 libello
1468 792 1532 841 de
1578 792 1833 842 mensuris

899 875 1232 912 marmorum.

805 959 938 1011 (Vide
970 960 1083 1012 prol.
1114 961 1139 1010 ξ
1170 963 1211 1001 3.
1246 959 1333 1012 14.)

417 1057 459 1108 1.
501 1056 597 1109 *Ὁ
634 1058 805 1121 πῆχυς
843 1056 952 1121 ἔχει
990 1057 1277 1109 παλαιςτὰς
1313 1056 1376 1120 ς’,
1412 1057 1703 1110 δακτύλους
1739 1055 1833 1120 κδ’,

225 1154 278 1194 10
308 1141 451 1193 πόδα
475 1140 852 1204 Πτολομαϊκόν
880 1138 961 1192 αἙ
978 1181 991 1204 ,
1017 1141 1313 1205 Ῥωμαϊκὸν
1340 1143 1400 1194 δὲ
1424 1140 1569 1193 πόδα
1592 1139 1680 1192 α’5
1707 1134 1833 1193 ε”ι”.

414 1223 461 1275 2.
499 1224 559 1276 Ὁ
596 1223 733 1275 ποὺς
782 1223 813 1276 6
857 1224 1230 1289 Πτολομαϊκός
1275 1224 1383 1289 ἔχει
1433 1224 1835 1290 εὐθυμετρικοὺς

307 1308 606 1360 παλαιςτὰς
641 1305 704 1372 δ’,
757 1308 1071 1374 ἐμβαδικοὺς
1115 1305 1199 1371 ις’,
1257 1309 1504 1374 ςτερεοὺς
1539 1307 1624 1363 ξδ’.
1699 1309 1730 1362 6
1776 1309 1837 1361 δὲ

306 1391 600 1457 Ῥωμαϊκὸς
635 1392 773 1444 ποὺς
799 1391 908 1456 ἔχει
944 1392 1345 1457 εὐθυμετρικοὺς
1380 1393 1667 1445 παλαιςτὰς
1692 1392 1740 1454 γ’
1756 1389 1835 1456 γ”,

308 1475 621 1541 ἐμβαδικοὺς
649 1477 708 1528 δὲ
734 1474 800 1527 ια’
826 1470 902 1538 θ”,
931 1477 1176 1541 ςτερεοὺς
1202 1477 1261 1529 δὲ
1287 1473 1368 1535 λς’
1393 1474 1493 1530 κζ”.

228 1573 279 1612 15
416 1561 462 1611 3.
502 1559 681 1623 *Ἔχει
701 1561 760 1612 δὲ
783 1561 865 1611 καὶ
888 1560 1054 1621 λόγον
1078 1560 1108 1612 6
1134 1560 1507 1624 Πτολομαϊκὸς
1534 1561 1672 1612 ποὺς
1698 1559 1835 1625 πρὸς

307 1645 403 1697 τὸν
431 1643 694 1709 βαςιλικὸν
721 1646 896 1707 πῆχυν
920 1644 1053 1696 κατὰ
1079 1644 1419 1709 εὐθυμετρίαν
1449 1644 1522 1696 ὥς
1549 1643 1593 1708 β’
1613 1644 1749 1709 πρὸς
1772 1642 1835 1706 γ’.

413 1727 462 1779 4.
490 1729 588 1780 *Ὀ
614 1727 906 1792 Ῥωμαϊκὸς
932 1728 1070 1780 ποὺς
1086 1729 1222 1792 πρὸς
1245 1729 1342 1780 τὸν
1371 1728 1633 1792 βαςιλικὸν
1659 1730 1833 1793 πῆχυν

309 1812 475 1874 λόγον
504 1812 611 1877 ἔχει
638 1812 770 1864 κατὰ
796 1811 1138 1876 εὐθυμετρίαν
1167 1810 1241 1863 ὡς
1269 1810 1309 1864 ε’
1335 1812 1470 1876 πρὸς
1497 1807 1555 1863 Θ’.

718 2006 767 2059 4.
815 2007 1018 2058 Tabula
1045 2006 1350 2058 Heroniana
1377 2006 1421 2058 Ι.

204 2117 281 2158 ν20
782 2106 918 2158 (Vide
948 2106 1064 2159 prol.
1095 2107 1119 2157 ἕ
1152 2105 1356 2159 15—20.)

796 2189 1035 2243 [Ἥρωνος
1067 2188 1351 2242 εἰςαγωγαί]

423 2289 466 2340 1.
504 2287 561 2340 Ἡ
598 2286 783 2351 πρώτη
820 2286 1140 2351 γεωμετρία,
1176 2286 1350 2339 καθὼς
1383 2287 1516 2351 ἡμᾶς
1552 2286 1582 2338 6
1609 2285 1836 2338 παλαιὸς

312 2372 536 2426 διδάςκει
561 2370 751 2434 λόγος,
787 2371 852 2423 τὰ
876 2372 997 2435 περὶ
1021 2372 1119 2436 τὴν
1145 2374 1315 2433 γαιῶν
1349 2371 1591 2436 μέτρηςιν
1617 2371 1699 2422 καὶ
1724 2373 1834 2423 δια-

312 2457 483 2521 νομὴν
510 2457 913 2520 κατηςχολεῖτο,
950 2455 1075 2509 ὅθεν
1112 2456 1196 2507 καὶ
1231 2455 1524 2520 γεωμετρία
1550 2455 1753 2518 ἐκλήθη.
1802 2454 1834 2517 ἡ

428 2654 497 2692 21.
527 2651 745 2705 Ἥρωνος
778 2650 1024 2704 εἰςαγωγαί
1054 2666 1138 2695 om.
1170 2653 1233 2706 N,
1265 2651 1362 2694 Τοῦ
1394 2651 1542 2694 αὐτοῦ
1574 2651 1648 2694 Ἥ.
1680 2649 1758 2693 εἰς.
1788 2652 1836 2692 Μ

315 2723 384 2763 22.
415 2719 464 2762 Ἡ
500 2734 586 2761 om.
626 2724 689 2762 Le
806 2721 981 2776 καθὼς]
1016 2722 1126 2764 καθ’
1155 2721 1223 2763 Pb
1340 2725 1409 2764 23.
1441 2724 1588 2772 γαιῶν
1620 2719 1837 2774 μέτρηςιν

314 2791 370 2841 N,
401 2788 695 2841 γεωμετρίαν
726 2791 806 2831 rel.
840 2791 961 2844 (τοῖς
992 2791 1099 2845 περὶ
1129 2791 1220 2843 τὴν
1250 2793 1340 2844 γῆν
1372 2790 1554 2843 μέτροις
1585 2789 1657 2842 Ib)
1746 2790 1837 2832 δια-

315 2857 467 2909 νομὴν
496 2859 551 2910 Ν,
582 2858 799 2910 διανομὰς
821 2861 903 2902 rel.
925 2861 1178 2914 (διανομαῖς
1209 2861 1279 2914 Ib)
1382 2862 1449 2902 24.
1480 2858 1832 2914 κατηςχολεῑτο]

315 2927 600 2981 διηςχολεῖτο
622 2929 663 2970 Ν
693 2927 1071 2982 (ἀπηςχολοῡντο
1102 2931 1173 2984 Ib)
