1946 3220
323 130 392 185 74
637 144 640 149 ’
696 122 698 124 ’
838 145 1243 181 PROLEGOMENA
1270 146 1326 179 m

1806 12 1811 16 ’
1871 0 1946 192 'iz

1921 194 1946 222 ’ἑ

320 262 518 322 pondera
539 268 616 307 aut
641 273 875 305 mensuras
901 260 1064 318 reperi.
1114 255 1204 305 Nec
1230 273 1334 305 vero
1362 258 1439 304 illa
1465 265 1611 304 aetate
1637 260 1724 305 iam
1751 259 1845 304 sor·

320 331 465 378 mulas
506 332 933 376 medicamentorum
972 330 1109 374 certis
1145 336 1190 374 et
1220 328 1497 390 ponderibus
1533 336 1577 374 et
1619 330 1844 375 mensuris

321 415 555 462 expressas
582 399 830 455 habehant,
871 397 950 444 sed
975 412 1027 443 ex
1053 414 1139 445 usu
1166 406 1210 445 et
1236 398 1562 446 consuetudine
1593 400 1742 445 iustae
1772 413 1844 445 ra-

320 473 468 518 t10nes
492 471 591 516 aliis
617 470 670 515 ab
697 468 797 514 aliis
819 467 1130 515 tradebantur.

419 554 617 599 Plurima
650 551 930 614 maximeque
955 555 1075 600 varia
1100 555 1146 599 in
1183 555 1406 615 spuriis
1444 553 1572 599 libris
1599 554 1846 614 Hippocra-

322 627 420 672 ticis
459 625 761 669 inveniuntur.
818 622 940 679 Quae
974 638 1048 670 res
1085 626 1241 685 quanti
1277 627 1491 670 momenti
1532 626 1617 682 sit,
1656 624 1742 669 dici
1774 625 1844 669 vix

318 701 486 755 potest.
537 693 644 739 Mihi
678 701 801 741 certe
826 708 1095 755 persuasum
1122 703 1192 740 est
1222 708 1271 740 ex
1297 696 1498 755 ipsarum
1530 708 1843 740 mensurarum

317 766 451 810 variis
487 764 743 810 rationibus
770 764 911 811 multa
935 766 989 811 ad
1014 772 1206 811 aetatem
1241 773 1286 811 et
1311 767 1533 825 originem
1557 765 1844 826 Hippocrati-

317 849 474 882 corum
513 835 806 894 indagandam
844 835 999 896 colligi
1034 851 1186 896 posse.
1256 836 1341 881 Sed
1383 837 1427 880 in
1470 837 1584 882 hanc
1622 849 1716 881 rem
1752 834 1841 881 allo

316 912 548 966 tempore,
585 907 623 951 si
655 907 795 952 otium
827 907 940 964 erit⁷
980 908 1228 967 inquiram:
1268 921 1384 952 nunc
1410 906 1523 951 nihil
1551 907 1639 951 nisi
1664 906 1842 951 brevem

318 990 474 1022 earum
498 990 651 1022 rerum
676 976 874 1023 tabulam
902 990 925 1022 e
952 977 1081 1023 libris
1096 977 1429 1038 Hippocraticis
1455 984 1708 1036 excerptam
1736 991 1842 1036 pro-

316 1060 456 1108 pono.

423 1131 626 1176 Pondera
673 1138 777 1177 sunt
821 1127 1230 1191 τεταρτημόριον
1279 1128 1436 1190 μνᾶς,
1482 1127 1672 1190 (τατὴρ
1707 1126 1842 1187 Αἰγι-

315 1198 493 1258 ναῖος,
530 1198 731 1260 δραχμὴ
758 1196 1019 1262 Αἰγιναίη,
1063 1197 1264 1262 δραχμή
1294 1199 1408 1264 (sive
1444 1201 1520 1260 δρ.
1547 1196 1710 1260 ὁλκήν
1751 1202 1842 1246 sive

316 1450 414 1477 rum
443 1436 586 1477 libros
617 1437 639 1477 I
662 1442 706 1477 et
728 1438 796 1478 III
826 1437 1055 1478 nonnullis
1085 1436 1202 1478 locis
1235 1437 1439 1490 exceptis
1473 1434 1537 1490 (p.
1560 1437 1642 1490 LI)
1678 1438 1837 1490 genui-

317 1505 400 1533 nos
433 1505 533 1533 esse
568 1492 627 1545 (p.
660 1494 767 1533 LXI
798 1493 874 1545 s.);
919 1494 1031 1534 item
1061 1492 1226 1534 librum
1258 1494 1311 1534 de
1345 1495 1451 1534 acre
1486 1494 1615 1546 aquis
1650 1498 1696 1534 et
1725 1493 1840 1534 locis

323 1549 380 1589 ab
413 1549 511 1602 ipso
543 1549 829 1602 Hippocrate
862 1551 1082 1603 scriptum
1114 1549 1178 1602 (p.
1202 1550 1390 1601 LXIV);
1423 1555 1515 1590 tum
1546 1550 1656 1590 libri
1685 1550 1740 1590 de
1771 1550 1839 1590 vi-

316 1610 419 1645 ctus
450 1606 628 1645 ratione
659 1605 707 1645 in
738 1606 904 1647 morbis
927 1607 1077 1648 acutis
1098 1607 1294 1659 priorem
1314 1612 1492 1659 partem
1514 1605 1574 1660 (p.
1598 1607 1840 1655 287—327)

318 1662 508 1714 genuini
538 1663 689 1714 operis
720 1662 1026 1715 Hippocratei
1065 1662 1372 1714 fragmentum
1412 1675 1512 1703 esse
1545 1662 1604 1715 (p.
1635 1660 1839 1715 LXXX),

319 1717 511 1758 alteram
541 1723 719 1770 partem
751 1720 951 1772 spuriam
984 1718 1045 1772 (p.
1077 1720 1296 1760 LXXXII
1327 1718 1428 1770 ss.);
1460 1719 1627 1759 librum
1657 1718 1711 1759 de
1743 1718 1838 1760 vul—

316 1774 502 1814 neribus
527 1775 694 1827 capitis
715 1779 860 1815 totum
880 1775 1159 1828 Hippocrati
1179 1776 1466 1816 tribuendum
1491 1788 1591 1815 esse
1615 1774 1674 1828 (p.
1692 1773 1837 1828 XCI);

320 1829 604 1882 aphorismos
636 1831 776 1871 multo
800 1837 911 1884 post
930 1833 1231 1885 Hippocratis
1256 1835 1458 1872 aetatem
1482 1831 1704 1872 collectos
1738 1844 1838 1872 esse

317 1891 364 1926 et
412 1898 563 1938 pauca
611 1887 660 1926 in
708 1887 780 1928 his
830 1889 1025 1941 reperiri
1063 1889 1120 1929 ab
1159 1889 1258 1940 ipso
1296 1889 1580 1942 Hippocrate
1626 1887 1838 1941 profecta

317 1944 377 1994 (p.
410 1941 551 1993 CIV);
605 1944 932 1996 epidemiorum
980 1945 1123 1985 libros
1172 1945 1240 1996 ΙΙ,
1294 1945 1358 1984 IV
1409 1949 1587 1985 ceteros
1636 1945 1837 1996 itemque

317 1999 469 2038 omnia
509 1998 687 2051 reliqua
725 2001 900 2053 scripta
941 2014 1057 2053 quae
1088 2001 1389 2054 Hippocratis
1419 2001 1599 2040 nomine
1632 2000 1840 2040 feruntur

316 2054 472 2106 spuria
512 2067 627 2095 esse.
690 2055 829 2096 Cuius
867 2057 1215 2110 copiosissimae
1256 2057 1580 2109 disputationis
1619 2068 1839 2097 summam

315 2109 461 2150 habes
492 2111 540 2149 in
571 2111 735 2151 iisdem
765 2112 1100 2166 prolegomenis
1131 2126 1172 2165 p.
1197 2111 1386 2152 CXXXI
1406 2125 1466 2154 ss.
1494 2133 1550 2143 ·-
1579 2112 1712 2153 Haec
1745 2114 1839 2165 qui—

317 2165 418 2205 dem
458 2166 711 2207 Ermerins:
766 2181 850 2221 ego
891 2169 1007 2209 addo
1049 2172 1367 2222 argumentum
1404 2168 1517 2208 illud
1559 2182 1582 2208 e
1613 2170 1837 2209 mensuris

314 2225 360 2261 et
390 2222 666 2274 ponderibus
705 2223 911 2276 ductum,
953 2238 1068 2277 quae
1100 2226 1148 2264 in
1179 2224 1392 2278 genuinis
1437 2225 1567 2265 libris
1598 2225 1746 2275 nulla,
1789 2227 1837 2264 in

314 2278 482 2330 spuriis
522 2277 717 2331 plurima
755 2281 1062 2323 inveniuntur.
1120 2280 1463 2321 Dilucidissime
1504 2294 1577 2321 res
1615 2281 1837 2334 perspici-

313 2338 388 2374 tur
416 2333 524 2374 libri
555 2334 610 2374 de
640 2336 790 2376 victus
822 2337 1001 2377 ratione
1032 2338 1079 2376 in
1110 2337 1279 2377 morbis
1312 2338 1459 2377 acutis
1491 2337 1666 2378 duabus
1696 2337 1837 2390 parti-

315 2389 423 2442 bus,
458 2390 606 2431 altera
637 2393 862 2444 genuina,
896 2393 1043 2433 altera
1074 2394 1253 2445 spuria,
1292 2394 1415 2434 inter
1445 2406 1495 2434 se
1528 2393 1721 2434 collatis.
1783 2394 1837 2434 In

314 2450 445 2497 parte
478 2447 678 2499 genuina
709 2461 766 2489 ne
798 2449 857 2489 iis
890 2450 1071 2502 quidem
1102 2450 1241 2502 locis,
1282 2450 1363 2490 ubi
1400 2462 1472 2490 res
1513 2450 1560 2489 id
1599 2449 1835 2502 postulare

315 2501 516 2553 videtur,
561 2509 717 2544 certae
757 2518 999 2546 mensurae
1041 2504 1293 2546 afferuntur
1333 2505 1472 2557 (conf.
1502 2507 1526 2556 ἓ
1559 2508 1623 2547 11.
1668 2507 1734 2548 12.
1768 2507 1834 2548 19.

316 2557 383 2597 21.
417 2559 484 2600 33.
517 2560 583 2599 56.
616 2561 684 2603 60.
716 2562 803 2612 63).
861 2563 1016 2603 Partis
1047 2563 1232 2615 spuriae
1265 2563 1384 2603 duae
1416 2567 1520 2603 sunt
1550 2562 1834 2614 distinguen-

320 2610 406 2650 dae
438 2615 718 2664 particulae,
763 2617 910 2658 altera
940 2619 1186 2666 vetustior,
1231 2631 1347 2671 quae
1381 2619 1438 2658 ab
1470 2618 1603 2658 initio
1634 2618 1836 2670 pertinet

318 2666 378 2706 ad
407 2668 431 2716 ἓ
463 2670 530 2717 57,
581 2670 659 2709 ubi
696 2674 851 2714 nullae
891 2675 995 2715 dum
1032 2688 1271 2715 mensurae
1319 2675 1634 2724 inveniuntur3
1687 2673 1834 2715 altera

318 2724 568 2775 recentior,
620 2726 699 2766 ubi
739 2734 784 2768 et
823 2731 1028 2772 diversus
1062 2736 1132 2772 est
1162 2731 1384 2772 orationis
1416 2730 1541 2771 color
1580 2734 1624 2770 et
1663 2731 1833 2783 passim

316 2778 518 2830 pondera
552 2793 606 2819 ac
638 2795 876 2826 mensurae
917 2787 1188 2827 afferuntur:
1240 2785 1412 2827 κύαθος
1442 2787 1466 2836 ς’
1498 2787 1573 2838 58,
1619 2784 1832 2836 ἡμιόλιον

316 2832 521 2885 δραχμῆς
561 2837 636 2887 60,
686 2842 1055 2893 τεταρτημόριον
1095 2845 1148 2884 64
1190 2842 1329 2894 (conf.
1370 2842 1474 2885 adn.
1514 2839 1584 2894 2),
1636 2840 1830 2894 δραχμή,

319 2887 507 2941 ὀβολός,
540 2891 822 2945 τριώβολον,
856 2897 1030 2950 κοτύλη
1066 2897 1253 2949 Ἀττική
1286 2899 1362 2947 66,
1394 2895 1573 2949 δραχμή
1606 2900 1682 2950 67,
1716 2895 1833 2939 λεκί-

317 2955 443 2986 εκιον
476 2944 688 2989 Ἀττικὸν
719 2951 1005 3002 (τρογγύλον
1037 2953 1371 3007 (acetabulum)
1407 2957 1474 2997 71.
