1946 3220
321 128 423 181 172
834 139 1240 178 PROLEGOMENA
1266 141 1322 175 m
1740 158 1745 162 -
1843 0 1937 157 ἲ

825 308 884 347 De
916 307 1027 346 notis
1058 318 1331 349 numerorum.

190 390 290 441 106
426 397 672 455 Postquam
717 400 849 439 notas
892 393 1143 454 ponderum
1186 399 1230 437 et
1271 405 1585 439 mensurarum
1630 390 1860 454 explicui,

324 466 482 512 adiicio
510 478 560 510 ea
588 478 702 525 quae
727 463 783 509 de
808 463 1010 509 numeris
1036 464 1081 508 in
1106 462 1336 509 codicibus
1357 463 1625 509 Heronianis
1650 462 1842 523 aliisque

321 548 484 581 1nven1.

419 604 615 649 Litterae
640 609 684 648 et
712 603 806 663 vuli
822 617 918 658 vares
946 609 992 648 et
1015 603 1192 664 priscae
1219 602 1323 649 illae
1352 614 1384 657 ς
1404 609 1440 662 Q
1463 598 1528 666 Q
1552 616 1766 649 numeros
1788 601 1843 647 ab

319 676 336 721 1
368 688 513 735 usque
540 674 595 719 ad
621 673 781 720 DCCCC
812 672 1069 733 significant
1106 673 1333 734 adscripta
1367 672 1533 719 lineola
1568 679 1646 719 aut
1672 673 1843 719 directa

320 751 398 791 aut
436 744 622 805 obliqua
654 744 742 789 sic:
799 742 834 791 ἃ
859 744 929 789 vel
960 734 1025 803 α’,
1053 733 1082 806 ’Β
1108 743 1175 790 vel
1207 735 1247 804 β’
1277 750 1322 788 et
1348 751 1512 789 cetera.
1579 742 1671 788 Hae
1708 749 1844 790 notae

318 817 406 861 iam
433 815 480 859 in
508 827 562 859 eo
589 815 743 860 codice
778 816 856 875 qui
891 815 1010 860 inter
1038 815 1320 861 Heronianos
1355 820 1426 860 est
1455 814 1797 874 antiquissimus
1813 808 1842 874 ¹)

317 885 578 946 promiscue
615 886 936 945 reperiuntur,
984 900 1068 931 nec
1104 884 1235 930 facile
1270 884 1525 929 discernere
1567 897 1706 943 queas
1740 889 1845 928 utra

321 969 374 1001 ex
409 955 582 1000 duabus
620 957 680 1000 sit
710 956 938 1001 usitatior.
993 957 1111 1001 Idem
1148 955 1202 1000 de
1237 954 1426 1014 reliquis
1460 954 1690 1000 codicibus
1726 952 1845 999 valet

318 1038 464 1086 paene
494 1024 703 1070 omnibus
732 1040 846 1084 quos
884 1027 1083 1087 inspexi;
1121 1026 1307 1070 fuerunt
1344 1031 1490 1069 tamen
1526 1026 1661 1070 etiam
1692 1025 1771 1084 qui
1797 1024 1844 1068 in

318 1095 606 1141 brevioribus
634 1094 899 1155 fragmentis
926 1096 981 1142 de
1005 1097 1259 1154 mensuris,
1285 1094 1407 1140 velut
1431 1094 1684 1140 Eusebiano
1701 1129 1714 1152 ,
1746 1099 1844 1151 tan-

317 1172 415 1210 tum
456 1165 673 1210 directam
717 1165 928 1210 lineolam
968 1166 1246 1212 exhiberent.
1310 1165 1404 1224 Ego
1449 1164 1618 1225 ubique
1661 1164 1846 1224 obliqua

317 1233 486 1281 lineola
512 1242 759 1295 propterea
784 1249 895 1281 usus
926 1250 1055 1295 sum,
1085 1238 1188 1296 quia
1225 1233 1365 1280 altera
1399 1236 1547 1280 minus
1583 1234 1773 1295 quadrat
1798 1235 1844 1278 in

317 1305 494 1351 litteras
522 1307 643 1366 typis
671 1319 907 1366 expressas
933 1308 1174 1367 minusque
1200 1304 1452 1365 elegantem
1480 1305 1741 1365 adspectum
1767 1305 1846 1350 ha-

317 1375 411 1421 bet.
462 1376 691 1421 Interdum
718 1378 763 1421 in
788 1376 1019 1422 codicibus
1053 1375 1222 1422 lineola
1259 1389 1495 1420 numerum
1522 1381 1686 1421 notans
1712 1374 1845 1434 plane
1899 1404 1902 1405 ν

320 1447 487 1492 omissa
524 1452 617 1505 est,
661 1445 798 1506 idque
835 1460 889 1492 eo
927 1449 1107 1507 saepius
1144 1461 1233 1506 quo
1270 1445 1588 1506 neglegentius
1629 1451 1736 1490 sunt
1771 1459 1845 1490 ex-

318 1517 447 1561 arati.
504 1516 706 1576 Denique
740 1517 773 1560 ii
812 1517 990 1563 codices
1029 1517 1107 1577 qui
1142 1516 1412 1576 antiquioris
1452 1517 1705 1576 scripturae
1743 1528 1847 1577 spe-

319 1587 432 1631 ciem
476 1592 713 1642 servarunt
753 1584 994 1646 aliquoties
1032 1587 1121 1633 hoc
1163 1587 1343 1645 signum
1366 1581 1387 1595 ⁶
1431 1585 1667 1645 exhibent,
1709 1591 1762 1631 ut
1795 1582 1827 1632 Γ
1830 1620 1844 1642 ‚

318 1655 364 1700 h.
391 1670 430 1701 e.
454 1662 576 1715 tres,
620 1670 890 1716 quamquam
929 1657 973 1702 id
1009 1658 1188 1718 saepius
1220 1657 1449 1715 reperitur
1474 1658 1517 1701 in
1543 1655 1741 1701 milibus.
1797 1655 1846 1701 In

318 1724 576 1772 Heroniauo
605 1728 925 1787 antiquissimo
951 1728 1101 1772 inveni
1128 1727 1264 1773 etiam
1290 1726 1494 1772 notulam
1522 1726 1743 1786 quandam
1771 1725 1846 1771 lit-

318 1802 442 1842 terae
467 1808 507 1842 π
536 1797 727 1842 similem
758 1799 1037 1858 appositam,
1068 1805 1121 1842 ut
1144 1795 1251 1857 ψπ,
1284 1793 1390 1857 ulls,
1419 1797 1522 1844 ιεπ.

424 1865 545 1911 Milia
581 1866 762 1926 singula
798 1881 945 1928 usque
990 1868 1045 1913 ad
1089 1882 1250 1914 novem
1291 1869 1587 1928 designantur
1620 1865 1786 1912 litteris
1812 1877 1847 1912 α

318 1937 657 1996 proximisque,
691 1936 887 1997 praefixa
922 1938 1040 1984 infra
1064 1937 1231 1984 lineola
1257 1938 1440 1999 obliqua
1468 1939 1557 1983 sic:
1592 1948 1642 2005 ‘ot
1667 1935 1713 2002 ’β
1738 1942 1845 1994 etc.,

321 2019 436 2065 quae
461 2005 628 2052 lineola
654 2021 755 2052 cum
780 2009 879 2067 ipsa
915 2008 1067 2053 littera
1092 2009 1138 2053 in
1164 2022 1301 2054 unum
1339 2008 1592 2054 coalescere
1626 2007 1770 2066 solet,
1800 2007 1846 2051 id

320 2076 442 2135 quod
470 2076 726 2122 describere
752 2092 834 2138 per
859 2084 994 2138 typos
1021 2092 1112 2123 non
1142 2079 1285 2124 licuit.
1334 2079 1456 2124 Inter
1480 2092 1636 2123 omnes
1666 2083 1846 2122 constat

320 2146 573 2205 antiquitus
602 2147 787 2192 eandem
819 2147 1031 2194 lineolam
1059 2154 1103 2193 et
1134 2150 1349 2194 maiorem
1376 2149 1520 2194 fuisse
1551 2155 1596 2193 et
1622 2148 1745 2193 iuxta
1771 2145 1846 2192 lit-

318 2221 490 2274 teram,
526 2230 617 2262 non
652 2218 795 2276 infra,
831 2219 1025 2277 positam
1055 2232 1184 2277 csse,
1226 2225 1277 2264 ut
1312 2214 1406 2277 ΙΑ,
1447 2214 1587 2277 ΙΒῖ),
1629 2217 1707 2263 sed
1746 2218 1846 2262 eius

316 2299 430 2331 usus
460 2287 507 2331 in
536 2286 767 2332 codicibus
805 2287 970 2348 quibus
1005 2303 1117 2334 usus
1151 2303 1248 2334 sum
1287 2289 1461 2335 nullum
1497 2286 1749 2348 exemplum
1774 2300 1846 2332 ex-

317 2361 420 2400 stat.
471 2356 710 2402 Praeterea
745 2364 894 2403 autem
932 2359 1113 2404 eaedem
1141 2359 1321 2406 litterae
1345 2359 1645 2404 nummerales
1673 2357 1844 2418 signifi-

320 2431 482 2471 cantur
521 2432 599 2473 aut
636 2425 803 2473 lineola
839 2427 1036 2488 directa,
1077 2422 1163 2493 fi,
1184 2437 1261 2475 aut
1291 2430 1361 2475 his
1393 2429 1566 2475 notulis
1595 2421 1648 2487 Ν,
1679 2434 1731 2474 ut
1758 2418 1843 2492 ‘Im'

320 2488 439 2557 ,Δ”’,
468 2503 546 2542 aut
572 2496 792 2544 alterutra
820 2498 944 2558 sola,
970 2505 1021 2544 ut
1047 2496 1118 2564 ,V
1142 2495 1212 2565 ΙΕ’“
1239 2525 1302 2533 -—
1329 2494 1391 2564 ,β’
1415 2493 1499 2565 ΙΔ’
1526 2505 1609 2545 etc.
1625 2494 1676 2557 ³).

426 2565 543 2612 Dena
578 2567 701 2614 milia
736 2574 783 2614 et
813 2575 990 2629 cetera,
1019 2570 1062 2614 h.
1093 2584 1131 2615 e.
1167 2565 1440 2630 μυριάδες,
1473 2577 1524 2616 ut
1558 2569 1603 2614 in
1635 2581 1844 2614 sermone

437 2754 483 2806 1)
515 2757 600 2797 Est
628 2759 775 2800 PariS.
800 2762 910 2803 1670
940 2774 1031 2805 sec.
1062 2763 1168 2803 XIV
1198 2762 1274 2804 vel
1303 2762 1441 2814 XIII,
1473 2761 1591 2802 unde
1622 2755 1843 2815 pleraque

320 2822 438 2862 quae
469 2810 544 2851 hic
574 2814 704 2854 trado
735 2818 928 2868 repetivi
963 2817 1176 2870 (maxime
1210 2832 1233 2860 e
1265 2818 1344 2859 fol.
1378 2819 1432 2858 66
1465 2822 1510 2859 et
1542 2817 1629 2870 67).

430 2866 474 2916 2)
507 2867 563 2908 V.
592 2869 838 2911 Franzium
870 2873 917 2912 in
947 2874 1095 2917 Elem.
1129 2875 1274 2928 epigr.
1308 2874 1384 2916 Gr.
1415 2888 1458 2927 p.
1491 2875 1589 2915 352.

431 2924 474 2974 3)
506 2923 638 2965 Haec
669 2927 821 2967 omnia
853 2928 1080 2983 desumpsi
1104 2945 1127 2972 e
1148 2931 1297 2971 Paris.
1323 2932 1453 2979 16703
1486 2942 1528 2970 v.
1555 2929 1677 2970 infra
1699 2929 1722 2978 ἓ
1746 2929 1842 2970 108·
