1946 3220
545 94 878 160 semproniae
906 124 1167 160 Gnaeos.
1513 110 1615 164 113

87 253 179 300 qua
218 252 340 284 nuuc
374 238 574 298 agimus:
618 235 736 284 hanc
768 237 911 298 igitur
948 237 1182 286 drachmas
1218 238 1516 287 Ptolemaicas
1548 240 1613 287 CL

87 308 301 356 habuisse
326 321 523 354 necesse·
541 314 626 354 est.

195 379 285 425 Iam
311 379 436 436 vide,
464 391 578 440 quae
602 391 726 424 meae
753 379 1022 439 sententiae,
1052 386 1274 442 quatenus
1300 379 1376 427 hic
1401 380 1614 442 explicari

84 455 256 510 potest,
288 451 348 495 sit
372 463 559 495 summa.
610 449 797 495 Praeter
816 451 1049 511 antiquam
1074 452 1256 510 minam,
1281 451 1337 498 de
1367 465 1455 512 qua
1476 466 1614 513 supra

88 519 283 566 diximus
313 518 361 578 (S
393 518 485 579 65),
511 526 816 566 mercatorum
843 520 1100 582 frequentia
1125 522 1258 568 etiam
1283 520 1404 568 illam
1430 522 1613 580 minam,

0 627 1 630 ,
84 602 202 650 quae
239 604 289 635 ex
319 590 514 637 Asiatico
553 596 722 636 statere
750 588 868 636 facta
899 597 996 650 est,
1031 590 1086 637 ab
1111 592 1351 652 Aegyptiis
1386 599 1613 653 receptam

0 663 4 708 ἶ
84 674 187 706 esse
215 673 403 721 eamque
430 661 620 707 maxime
645 660 967 719 Alexandriae,
1004 660 1051 707 in
1076 660 1433 708 celebratissimo
1462 676 1614 724 empo-

85 731 183 789 rio,
218 731 431 777 usitatam
462 731 618 777 fuisse.
672 730 785 778 Hinc
808 731 1154 777 Alexandrinam
1185 744 1280 777 eam
1307 732 1470 778 dictam
1497 746 1613 778 esse.

83 799 266 847 Pondus
301 807 452 847 autem
494 801 592 847 eius
619 814 643 865 a
670 800 930 847 Ptolemaeo
957 803 1105 863 primo
1138 801 1200 847 ita
1234 801 1467 848 definitum
1495 815 1611 862 esse,

83 877 137 917 ut
175 879 391 932 aequaret
425 871 658 918 drachmas
682 870 978 918 Ptolemaicas
1005 871 1069 917 CL
1086 909 1099 932 ,
1134 873 1227 918 sive
1251 872 1426 918 Atticas
1454 872 1613 919 drach-

83 955 179 987 mas
215 941 382 999 CXXV,
429 942 523 988 sive
563 943 758 988 Atticam
800 941 967 988 minam
1006 957 1142 988 unam
1175 949 1222 989 et
1256 938 1610 1003 quadrantem⁶).

82 1009 213 1074 Quod
264 1012 443 1074 pondus
486 1019 649 1074 postea
684 1012 912 1059 Romanos
953 1013 1153 1060 tenuisse
1187 1020 1233 1060 et
1268 1027 1372 1060 cum
1411 1013 1506 1060 suis
1540 1013 1612 1059 XX

86 1083 234 1129 unciis
262 1080 630 1144 comparavisseu

188 1153 391 1214 Denique
425 1161 570 1200 restat
603 1159 656 1200 ut
695 1154 732 1199 is
774 1153 904 1200 locus
945 1167 1081 1215 quem
1116 1154 1248 1201 initio
1289 1167 1314 1200 e
1359 1153 1612 1216 ponderum

82 1223 237 1270 tabula
281 1224 515 1270 attulimus
550 1223 816 1285 explicetur.
876 1223 967 1270 Iam
1006 1231 1195 1286 apparet
1234 1223 1337 1271 illas
1373 1220 1613 1284 δραχμὰς

82 1285 166 1354 ρν’
210 1293 510 1341 Ptolemaicas
556 1292 775 1354 intellegi.
859 1292 976 1350 Quid
1023 1309 1131 1341 vero
1183 1289 1423 1355 ἀλλαχοῦ
1470 1288 1613 1355 pvn'?

82 1364 187 1411 Mihi
229 1378 321 1411 non
358 1365 545 1411 dubium
580 1371 676 1424 est,
725 1364 836 1426 quin
872 1364 919 1411 hi
957 1366 1048 1411 sint
1079 1365 1269 1412 Romani
1301 1365 1474 1412 denarii
1514 1365 1613 1411 eius

81 1435 299 1497 ponderis
343 1435 466 1496 quod
503 1442 611 1496 post
648 1434 873 1481 Neronem
911 1434 1169 1496 legitimum
1203 1432 1353 1495 suit⁷).
1428 1435 1615 1482 Videtur

82 1505 227 1566 igitur
261 1505 340 1552 illo
371 1511 574 1566 tempore
600 1505 780 1566 legatus
808 1505 988 1566 quidam
1006 1541 1020 1565 .,
1057 1506 1136 1567 qui
1161 1506 1371 1567 Aegypto
1397 1506 1613 1567 praefuit,

80 1575 327 1636 diligenter
360 1583 516 1623 exacto
549 1575 694 1622 librae
718 1574 1045 1623 Alexandrinae
1069 1577 1273 1638 pondere
1302 1576 1519 1635 edixisse,
1557 1590 1614 1622 ne

80 1661 135 1693 ea
168 1649 316 1693 minus
346 1646 506 1692 CLVIII
533 1647 731 1693 denariis
761 1647 1000 1708 penderet.
1051 1645 1181 1702 Quod
1209 1647 1390 1709 quidem
1414 1646 1612 1708 pondus,

80 1717 171 1764 etsi
210 1717 300 1764 duo
344 1717 515 1763 denarii
556 1717 611 1764 de
647 1731 822 1764 summa
850 1717 924 1764 XX
953 1718 1191 1765 unciarum
1224 1718 1419 1777 desunt,
1465 1724 1614 1764 tamen

81 1801 168 1849 pro
195 1802 283 1834 usu
317 1786 493 1848 vulgari
518 1787 913 1850 popularibusque
937 1788 1192 1836 rationibus
1217 1788 1327 1836 satis
1355 1794 1615 1835 accuratum

1 1849 7 1855 ⁴
82 1854 232 1918 ruitfl).

80 2022 202 2064 duae
243 2023 312 2064 sie
350 2024 474 2064 inter
511 2036 562 2065 se
603 2022 844 2065 differunt:
898 2036 954 2065 ex
990 2024 1165 2066 minore
1202 2023 1288 2065 illa
1323 2024 1450 2064 mina
1479 2035 1618 2077 quam

85 2079 292 2134 pondera
328 2079 519 2132 Assyria
565 2080 834 2131 ostendunt,
881 2080 1000 2122 facti
1045 2084 1152 2121 sunt
1191 2081 1401 2134 argentei
1437 2080 1616 2121 Persici

79 2137 182 2178 sive
213 2133 358 2187 (ίγλοι
389 2138 444 2178 90
474 2133 667 2191 (singuli
696 2150 765 2190 gr.
796 2137 911 2190 5,6);
950 2136 1072 2178 tales
1105 2139 1259 2178 autem
1291 2136 1503 2190 argentei
1534 2138 1615 2177 100

89 2192 302 2233 fecerunt
321 2191 629 2246 Babyloniam
658 2194 830 2233 minam
861 2193 919 2234 ab
950 2193 1184 2235 Herodoto
1216 2195 1614 2235 commemoratam

91 2246 234 2302 (conf.
265 2249 390 2289 infra
420 2250 444 2300 ξ
475 2250 530 2291 69
562 2249 666 2294 adn.
701 2248 761 2302 1).

195 2304 240 2356 6)
278 2306 412 2347 Haec
451 2309 558 2347 sunt
594 2318 784 2360 gramm.
823 2306 922 2350 546.
979 2306 1097 2347 Item
1123 2306 1299 2348 *unciae
1339 2307 1394 2348 20
1433 2304 1613 2346 faciunt

82 2374 149 2416 gr.
182 2362 280 2406 546.

197 2416 241 2471 7)
271 2417 364 2459 Hic
394 2418 539 2472 igitur
567 2416 698 2459 locus
728 2422 835 2473 post
862 2419 1091 2461 Neronem
1123 2419 1321 2471 scriptus
1363 2420 1453 2467 est,
1495 2415 1613 2469 quod

82 2486 342 2529 repugnare
386 2473 572 2516 videtur
619 2487 720 2515 eum
764 2478 922 2516 nostra
967 2475 1023 2515 de
1064 2478 1223 2515 aetate
1261 2473 1386 2514 illius
1420 2472 1609 2513 tabulae

83 2531 316 2571 sententia
348 2528 390 2582 (ξ
411 2530 501 2582 40).
551 2530 720 2571 Verum
758 2532 827 2572 ita
857 2530 1228 2584 distinguendum
1256 2529 1458 2579 videtur,
1492 2542 1612 2569 sum-

84 2600 206 2627 mam
236 2586 427 2628 tabulae
459 2586 601 2628 totius
633 2586 692 2627 ad
731 2590 934 2628 aetatem
966 2591 1073 2627 ante
1103 2587 1331 2627 Neronem
1361 2585 1610 2639 pertinere,

84 2643 204 2684 hunc
238 2646 391 2684 autem
420 2642 572 2684 locum
600 2646 763 2697 postea
795 2643 999 2684 additum
1031 2655 1146 2683 esse.
1187 2643 1304 2684 Nam
1325 2654 1462 2683 unum
1493 2641 1612 2694 quod

84 2699 379 2754 relinquitur,
429 2703 575 2742 totam
625 2698 831 2741 tabulam
881 2702 1008 2753 post
1045 2699 1273 2740 Neronem
1310 2699 1611 2752 compositam

87 2767 217 2808 esse,
266 2759 512 2809 propterea
550 2759 755 2797 statuere
795 2768 886 2797 non
923 2755 1056 2806 licet,
1109 2755 1216 2809 quia
1253 2755 1436 2796 omnino
1468 2755 1526 2795 ab
1559 2767 1611 2795 eo

85 2811 278 2853 denar-10
310 2812 390 2866 qui
420 2816 490 2853 est
521 2813 719 2866 septima
748 2813 914 2853 unciae
943 2824 1050 2866 pars
1078 2811 1326 2866 ponderum
1359 2815 1407 2852 et
1436 2823 1615 2852 mensu-

84 2880 235 2909 rarum
267 2867 317 2908 fit
348 2870 627 2910 aestimatio.

197 2923 242 2977 8)
273 2926 469 2966 Denarii
501 2927 582 2968 158
611 2925 867 2966 Neroniani
898 2925 1079 2966 faciunt
1118 2937 1306 2979 gramm.
1337 2926 1443 2976 539,
1495 2935 1613 2976 quae

143 3006 315 3038 scmr'r.
347 3007 547 3037 amnon.
583 3008 614 3038 1.
1326 2993 1358 3044 8
