<?xml version="1.0" encoding="UTF-8"?>
<!DOCTYPE html PUBLIC "-//W3C//DTD XHTML 1.0 Transitional//EN"
    "http://www.w3.org/TR/xhtml1/DTD/xhtml1-transitional.dtd">
<html xmlns="http://www.w3.org/1999/xhtml" xml:lang="en" lang="en">
 <head>
  <title>
</title>
<meta http-equiv="Content-Type" content="text/html;charset=utf-8" />
  <meta name='ocr-system' content='tesseract 3.04.00' />
  <meta name='ocr-capabilities' content='ocr_page ocr_carea ocr_par ocr_line ocrx_word'/>
</head>
<body>
  <div class='ocr_page' id='page_1' title='image "./metrologicorumsc01hultuoft_0270.png"; bbox 0 0 1946 3220; ppageno 0'>
   <div class='ocr_carea' id='block_1_1' title="bbox 1760 0 1946 244">
    <p class='ocr_par' dir='ltr' id='par_1_1' title="bbox 1760 0 1946 244">
     <span class='ocr_line' id='line_1_1' title="bbox 1760 0 1946 244; baseline 0 2976"><span class='ocrx_word' id='word_1_1' title='bbox 1760 0 1946 244; x_wconf 95' lang='lat' dir='ltr'> </span> 
     </span>
    </p>
   </div>
   <div class='ocr_carea' id='block_1_2' title="bbox 335 171 1465 226">
    <p class='ocr_par' dir='ltr' id='par_1_2' title="bbox 335 171 1465 226">
     <span class='ocr_line' id='line_1_2' title="bbox 335 171 1465 226; baseline -0.004 0"><span class='ocrx_word' id='word_1_2' title='bbox 335 171 442 226; x_wconf 82' lang='lat'>242</span> <span class='ocrx_word' id='word_1_3' title='bbox 741 186 1061 222; x_wconf 72' lang='lat' dir='ltr'>FRAGMENTA</span> <span class='ocrx_word' id='word_1_4' title='bbox 1095 185 1166 219; x_wconf 79' lang='lat' dir='ltr'>m:</span> <span class='ocrx_word' id='word_1_5' title='bbox 1203 186 1465 221; x_wconf 69' lang='lat' dir='ltr'>Mnnsnms</span> 
     </span>
    </p>
   </div>
   <div class='ocr_carea' id='block_1_3' title="bbox 276 293 1863 781">
    <p class='ocr_par' dir='ltr' id='par_1_3' title="bbox 276 293 1863 781">
     <span class='ocr_line' id='line_1_3' title="bbox 410 293 1140 359; baseline -0.008 -8"><span class='ocrx_word' id='word_1_6' title='bbox 410 298 492 351; x_wconf 83' lang='lat'>34.</span> <span class='ocrx_word' id='word_1_7' title='bbox 532 298 590 349; x_wconf 92' lang='lat' dir='ltr'>‘O</span> <span class='ocrx_word' id='word_1_8' title='bbox 617 295 795 358; x_wconf 86' lang='grc' dir='ltr'>ξὲςτης</span> <span class='ocrx_word' id='word_1_9' title='bbox 821 294 928 359; x_wconf 84' lang='grc' dir='ltr'>ἔχει</span> <span class='ocrx_word' id='word_1_10' title='bbox 955 293 1002 346; x_wconf 87' lang='grc' dir='ltr'>λι</span> <span class='ocrx_word' id='word_1_11' title='bbox 1030 293 1074 359; x_wconf 88' lang='grc' dir='ltr'>β’</span> <span class='ocrx_word' id='word_1_12' title='bbox 1094 303 1140 345; x_wconf 74' lang='grc'>5.</span> 
     </span>
     <span class='ocr_line' id='line_1_4' title="bbox 409 376 1286 443; baseline -0.005 -9"><span class='ocrx_word' id='word_1_13' title='bbox 409 382 490 434; x_wconf 81' lang='grc'>35.</span> <span class='ocrx_word' id='word_1_14' title='bbox 529 379 714 443; x_wconf 87' lang='grc' dir='ltr'>Ἣμίνα</span> <span class='ocrx_word' id='word_1_15' title='bbox 738 379 845 443; x_wconf 80' lang='grc' dir='ltr'>ἔχει</span> <span class='ocrx_word' id='word_1_16' title='bbox 873 378 1055 443; x_wconf 86' lang='grc' dir='ltr'>λίτραν</span> <span class='ocrx_word' id='word_1_17' title='bbox 1082 377 1130 430; x_wconf 83' lang='grc' dir='ltr'>α’</span> <span class='ocrx_word' id='word_1_18' title='bbox 1157 380 1198 432; x_wconf 74' lang='lat'>[3</span> <span class='ocrx_word' id='word_1_19' title='bbox 1225 376 1286 440; x_wconf 89' lang='grc' dir='ltr'>γ’.</span> 
     </span>
     <span class='ocr_line' id='line_1_5' title="bbox 409 461 1230 527; baseline -0.002 -11"><span class='ocrx_word' id='word_1_20' title='bbox 409 464 491 516; x_wconf 89' lang='grc'>36.</span> <span class='ocrx_word' id='word_1_21' title='bbox 531 463 606 515; x_wconf 88' lang='grc' dir='ltr'>Τὸ</span> <span class='ocrx_word' id='word_1_22' title='bbox 631 463 888 527; x_wconf 85' lang='grc' dir='ltr'>τέταρτον</span> <span class='ocrx_word' id='word_1_23' title='bbox 922 462 1030 527; x_wconf 80' lang='grc' dir='ltr'>ἔχει</span> <span class='ocrx_word' id='word_1_24' title='bbox 1053 464 1093 516; x_wconf 65' lang='grc' dir='ltr'>[δ’</span> <span class='ocrx_word' id='word_1_25' title='bbox 1120 461 1162 516; x_wconf 84' lang='grc' dir='ltr'>Τ.’</span> <span class='ocrx_word' id='word_1_26' title='bbox 1184 471 1230 514; x_wconf 73' lang='grc'>5.</span> 
     </span>
     <span class='ocr_line' id='line_1_6' title="bbox 404 545 1404 614; baseline -0.002 -14"><span class='ocrx_word' id='word_1_27' title='bbox 404 548 487 600; x_wconf 86' lang='grc'>37.</span> <span class='ocrx_word' id='word_1_28' title='bbox 527 547 602 599; x_wconf 86' lang='grc' dir='ltr'>Τὸ</span> <span class='ocrx_word' id='word_1_29' title='bbox 633 546 911 612; x_wconf 84' lang='grc' dir='ltr'>ὀξύβαφον</span> <span class='ocrx_word' id='word_1_30' title='bbox 943 546 1050 611; x_wconf 81' lang='grc' dir='ltr'>ἔχει</span> <span class='ocrx_word' id='word_1_31' title='bbox 1077 549 1116 600; x_wconf 70' lang='grc' dir='ltr'>Ιῖ</span> <span class='ocrx_word' id='word_1_32' title='bbox 1143 545 1190 608; x_wconf 89' lang='grc' dir='ltr'>γ’</span> <span class='ocrx_word' id='word_1_33' title='bbox 1221 555 1252 598; x_wconf 75' lang='grc'><strong><em>5</em></strong></span> <span class='ocrx_word' id='word_1_34' title='bbox 1285 546 1319 614; x_wconf 92' lang='grc'>&lt;</span> <span class='ocrx_word' id='word_1_35' title='bbox 1349 546 1404 611; x_wconf 85' lang='grc' dir='ltr'>β’.</span> 
     </span>
     <span class='ocr_line' id='line_1_7' title="bbox 276 629 1238 696; baseline -0.006 -10"><span class='ocrx_word' id='word_1_36' title='bbox 276 647 304 686; x_wconf 85' lang='grc'>5</span> <span class='ocrx_word' id='word_1_37' title='bbox 404 630 490 684; x_wconf 87' lang='grc'>38.</span> <span class='ocrx_word' id='word_1_38' title='bbox 527 632 586 684; x_wconf 91' lang='grc' dir='ltr'>Ὁ</span> <span class='ocrx_word' id='word_1_39' title='bbox 614 632 673 683; x_wconf 79' lang='grc' dir='ltr'>δὲ</span> <span class='ocrx_word' id='word_1_40' title='bbox 699 631 896 683; x_wconf 89' lang='grc' dir='ltr'>κύαθος</span> <span class='ocrx_word' id='word_1_41' title='bbox 922 631 1030 696; x_wconf 81' lang='grc' dir='ltr'>ἔχει</span> <span class='ocrx_word' id='word_1_42' title='bbox 1056 632 1095 684; x_wconf 72' lang='grc' dir='ltr'>Ιῖ</span> <span class='ocrx_word' id='word_1_43' title='bbox 1125 629 1169 696; x_wconf 85' lang='grc' dir='ltr'>β’</span> <span class='ocrx_word' id='word_1_44' title='bbox 1192 639 1238 682; x_wconf 74' lang='lat' dir='ltr'>s.</span> 
     </span>
     <span class='ocr_line' id='line_1_8' title="bbox 405 714 1863 781; baseline 0.001 -13"><span class='ocrx_word' id='word_1_45' title='bbox 405 716 487 768; x_wconf 85' lang='lat'>39.</span> <span class='ocrx_word' id='word_1_46' title='bbox 530 717 587 770; x_wconf 92' lang='grc' dir='ltr'>Ἡ</span> <span class='ocrx_word' id='word_1_47' title='bbox 613 717 672 768; x_wconf 79' lang='grc' dir='ltr'>δὲ</span> <span class='ocrx_word' id='word_1_48' title='bbox 699 716 861 781; x_wconf 78' lang='grc' dir='ltr'>χήμη,</span> <span class='ocrx_word' id='word_1_49' title='bbox 898 714 1034 779; x_wconf 87' lang='grc' dir='ltr'>ὅπερ</span> <span class='ocrx_word' id='word_1_50' title='bbox 1071 715 1173 767; x_wconf 78' lang='grc' dir='ltr'>ἐςτὶ</span> <span class='ocrx_word' id='word_1_51' title='bbox 1199 715 1399 767; x_wconf 86' lang='grc' dir='ltr'>κυάθου</span> <span class='ocrx_word' id='word_1_52' title='bbox 1423 715 1708 781; x_wconf 83' lang='grc' dir='ltr'>τέταρτον,</span> <span class='ocrx_word' id='word_1_53' title='bbox 1746 716 1863 779; x_wconf 86' lang='grc' dir='ltr'>ἄγει</span> 
     </span>
    </p>
   </div>
   <div class='ocr_carea' id='block_1_4' title="bbox 247 800 1861 1526">
    <p class='ocr_par' dir='ltr' id='par_1_4' title="bbox 247 800 1861 1526">
     <span class='ocr_line' id='line_1_9' title="bbox 331 800 446 870; baseline -0.009 -15"><span class='ocrx_word' id='word_1_54' title='bbox 331 801 366 870; x_wconf 93' lang='grc'>&lt;</span> <span class='ocrx_word' id='word_1_55' title='bbox 392 800 446 855; x_wconf 86' lang='grc' dir='ltr'>ε’.</span> 
     </span>
     <span class='ocr_line' id='line_1_10' title="bbox 330 940 1861 1010; baseline -0.001 -16"><span class='ocrx_word' id='word_1_56' title='bbox 330 941 400 994; x_wconf 80' lang='lat'>65</span> <span class='ocrx_word' id='word_1_57' title='bbox 439 940 583 1009; x_wconf 81' lang='lat' dir='ltr'><strong><em>(cap.</em></strong></span> <span class='ocrx_word' id='word_1_58' title='bbox 620 940 767 1010; x_wconf 85' lang='lat' dir='ltr'><em>XV).</em></span> <span class='ocrx_word' id='word_1_59' title='bbox 843 940 1060 991; x_wconf 81' lang='lat' dir='ltr'><em>Decima</em></span> <span class='ocrx_word' id='word_1_60' title='bbox 1096 955 1457 991; x_wconf 79' lang='lat' dir='ltr'><em>mensurarum</em></span> <span class='ocrx_word' id='word_1_61' title='bbox 1493 947 1541 992; x_wconf 80' lang='lat' dir='ltr'>et</span> <span class='ocrx_word' id='word_1_62' title='bbox 1569 942 1861 1008; x_wconf 79' lang='lat' dir='ltr'><em>ponderum</em></span> 
     </span>
     <span class='ocr_line' id='line_1_11' title="bbox 998 1010 1195 1062; baseline -0.005 -1"><span class='ocrx_word' id='word_1_63' title='bbox 998 1010 1195 1062; x_wconf 79' lang='lat' dir='ltr'><em>tabula.</em></span> 
     </span>
     <span class='ocr_line' id='line_1_12' title="bbox 247 1108 1324 1163; baseline 0.002 -14"><span class='ocrx_word' id='word_1_64' title='bbox 247 1111 302 1150; x_wconf 88' lang='lat'>10</span> <span class='ocrx_word' id='word_1_65' title='bbox 862 1110 997 1163; x_wconf 79' lang='lat' dir='ltr'>(Vide</span> <span class='ocrx_word' id='word_1_66' title='bbox 1029 1108 1145 1162; x_wconf 89' lang='lat' dir='ltr'><strong>prol.</strong></span> <span class='ocrx_word' id='word_1_67' title='bbox 1178 1110 1203 1159; x_wconf 65' lang='grc' dir='ltr'>ἕ</span> <span class='ocrx_word' id='word_1_68' title='bbox 1234 1109 1324 1162; x_wconf 84' lang='grc'><strong>82.)</strong></span> 
     </span>
     <span class='ocr_line' id='line_1_13' title="bbox 607 1192 1585 1258; baseline -0.001 -12"><span class='ocrx_word' id='word_1_69' title='bbox 607 1194 817 1246; x_wconf 83' lang='grc' dir='ltr'>Ἄλλως</span> <span class='ocrx_word' id='word_1_70' title='bbox 843 1193 963 1257; x_wconf 86' lang='grc' dir='ltr'>περὶ</span> <span class='ocrx_word' id='word_1_71' title='bbox 988 1192 1195 1256; x_wconf 84' lang='grc' dir='ltr'>μέτρων</span> <span class='ocrx_word' id='word_1_72' title='bbox 1221 1193 1306 1246; x_wconf 86' lang='grc' dir='ltr'>καὶ</span> <span class='ocrx_word' id='word_1_73' title='bbox 1330 1196 1585 1258; x_wconf 89' lang='grc' dir='ltr'>ςταθμῶν.</span> 
     </span>
     <span class='ocr_line' id='line_1_14' title="bbox 439 1290 1280 1357; baseline -0.001 -14"><span class='ocrx_word' id='word_1_74' title='bbox 439 1293 482 1344; x_wconf 94' lang='grc'>1.</span> <span class='ocrx_word' id='word_1_75' title='bbox 524 1293 794 1357; x_wconf 80' lang='grc' dir='ltr'>Μέδιμνος</span> <span class='ocrx_word' id='word_1_76' title='bbox 823 1292 932 1357; x_wconf 81' lang='grc' dir='ltr'>ἔχει</span> <span class='ocrx_word' id='word_1_77' title='bbox 962 1290 1176 1355; x_wconf 86' lang='grc' dir='ltr'>ἡμίεκτα</span> <span class='ocrx_word' id='word_1_78' title='bbox 1203 1290 1280 1356; x_wconf 86' lang='grc' dir='ltr'><strong>ιβ’.</strong></span> 
     </span>
     <span class='ocr_line' id='line_1_15' title="bbox 433 1375 1250 1441; baseline -0.002 -12"><span class='ocrx_word' id='word_1_79' title='bbox 433 1377 481 1429; x_wconf 82' lang='lat'>2.</span> <span class='ocrx_word' id='word_1_80' title='bbox 520 1377 595 1430; x_wconf 91' lang='grc' dir='ltr'>Τὸ</span> <span class='ocrx_word' id='word_1_81' title='bbox 623 1378 682 1430; x_wconf 79' lang='grc' dir='ltr'>δὲ</span> <span class='ocrx_word' id='word_1_82' title='bbox 706 1376 951 1441; x_wconf 81' lang='grc' dir='ltr'>ἡμίεκτον</span> <span class='ocrx_word' id='word_1_83' title='bbox 977 1376 1109 1440; x_wconf 88' lang='grc' dir='ltr'>χόας</span> <span class='ocrx_word' id='word_1_84' title='bbox 1136 1375 1250 1427; x_wconf 77' lang='grc' dir='ltr'><strong>δύο.</strong></span> 
     </span>
     <span class='ocr_line' id='line_1_16' title="bbox 433 1459 1372 1526; baseline -0.002 -13"><span class='ocrx_word' id='word_1_85' title='bbox 433 1461 481 1513; x_wconf 91' lang='grc'>3.</span> <span class='ocrx_word' id='word_1_86' title='bbox 520 1461 579 1513; x_wconf 89' lang='grc' dir='ltr'>Ὁ</span> <span class='ocrx_word' id='word_1_87' title='bbox 606 1462 666 1514; x_wconf 79' lang='grc' dir='ltr'>δὲ</span> <span class='ocrx_word' id='word_1_88' title='bbox 689 1463 821 1526; x_wconf 84' lang='grc' dir='ltr'>χοῦς</span> <span class='ocrx_word' id='word_1_89' title='bbox 845 1460 1082 1524; x_wconf 82' lang='grc' dir='ltr'>χοίνικας</span> <span class='ocrx_word' id='word_1_90' title='bbox 1106 1459 1372 1524; x_wconf 88' lang='grc' dir='ltr'>τέςςαρας.</span> 
     </span>
    </p>
   </div>
   <div class='ocr_carea' id='block_1_5' title="bbox 242 1543 1939 1610">
    <p class='ocr_par' dir='ltr' id='par_1_5' title="bbox 242 1543 1939 1610">
     <span class='ocr_line' id='line_1_17' title="bbox 242 1543 1939 1610; baseline 0.001 -13"><span class='ocrx_word' id='word_1_91' title='bbox 242 1557 295 1597; x_wconf 89' lang='lat'>15</span> <span class='ocrx_word' id='word_1_92' title='bbox 430 1546 478 1597; x_wconf 88' lang='lat'>4.</span> <span class='ocrx_word' id='word_1_93' title='bbox 517 1545 576 1598; x_wconf 90' lang='lat' dir='ltr'>‘O</span> <span class='ocrx_word' id='word_1_94' title='bbox 604 1546 663 1597; x_wconf 82' lang='grc' dir='ltr'>δὲ</span> <span class='ocrx_word' id='word_1_95' title='bbox 688 1547 857 1609; x_wconf 84' lang='grc' dir='ltr'>χοῖνιξ</span> <span class='ocrx_word' id='word_1_96' title='bbox 882 1543 1108 1596; x_wconf 91' lang='grc' dir='ltr'>κοτύλας</span> <span class='ocrx_word' id='word_1_97' title='bbox 1146 1544 1376 1597; x_wconf 86' lang='grc' dir='ltr'>Ἀττικὰς</span> <span class='ocrx_word' id='word_1_98' title='bbox 1403 1543 1510 1609; x_wconf 84' lang='grc' dir='ltr'>ἔχει</span> <span class='ocrx_word' id='word_1_99' title='bbox 1535 1547 1699 1610; x_wconf 75' lang='grc' dir='ltr'>τρεῖς,</span> <span class='ocrx_word' id='word_1_100' title='bbox 1737 1562 1854 1598; x_wconf 89' lang='grc' dir='ltr'>ςτα-</span> <span class='ocrx_word' id='word_1_101' title='bbox 1938 1562 1939 1565; x_wconf 69' lang='grc'>’</span> 
     </span>
    </p>
   </div>
   <div class='ocr_carea' id='block_1_6' title="bbox 235 1626 1850 2621">
    <p class='ocr_par' dir='ltr' id='par_1_6' title="bbox 235 1626 1850 2621">
     <span class='ocr_line' id='line_1_18' title="bbox 323 1626 977 1699; baseline -0.005 -17"><span class='ocrx_word' id='word_1_102' title='bbox 323 1633 437 1699; x_wconf 86' lang='grc' dir='ltr'>θμῶ</span> <span class='ocrx_word' id='word_1_103' title='bbox 463 1631 522 1682; x_wconf 80' lang='grc' dir='ltr'>δὲ</span> <span class='ocrx_word' id='word_1_104' title='bbox 547 1629 662 1692; x_wconf 89' lang='grc' dir='ltr'>ἄγει</span> <span class='ocrx_word' id='word_1_105' title='bbox 688 1629 849 1688; x_wconf 84' lang='grc' dir='ltr'>ὁλκὰς</span> <span class='ocrx_word' id='word_1_106' title='bbox 878 1626 977 1693; x_wconf 85' lang='grc' dir='ltr'><strong>ρπ’.</strong></span> 
     </span>
     <span class='ocr_line' id='line_1_19' title="bbox 239 1712 1850 1779; baseline 0 -13"><span class='ocrx_word' id='word_1_107' title='bbox 239 1722 301 1756; x_wconf 82' lang='lat'>⁷⁷9</span> <span class='ocrx_word' id='word_1_108' title='bbox 432 1714 478 1766; x_wconf 80' lang='lat'>5.</span> <span class='ocrx_word' id='word_1_109' title='bbox 516 1715 575 1767; x_wconf 60' lang='grc' dir='ltr'>(Ο</span> <span class='ocrx_word' id='word_1_110' title='bbox 603 1715 662 1766; x_wconf 78' lang='grc' dir='ltr'>δὲ</span> <span class='ocrx_word' id='word_1_111' title='bbox 691 1717 823 1778; x_wconf 82' lang='grc' dir='ltr'>χοῦς</span> <span class='ocrx_word' id='word_1_112' title='bbox 850 1713 953 1765; x_wconf 80' lang='grc' dir='ltr'>ἐςτι</span> <span class='ocrx_word' id='word_1_113' title='bbox 989 1713 1082 1776; x_wconf 81' lang='grc' dir='ltr'>μὲν</span> <span class='ocrx_word' id='word_1_114' title='bbox 1113 1712 1286 1779; x_wconf 84' lang='grc' dir='ltr'>μέτρῳ</span> <span class='ocrx_word' id='word_1_115' title='bbox 1323 1714 1565 1766; x_wconf 81' lang='grc' dir='ltr'>κοτυλῶν</span> <span class='ocrx_word' id='word_1_116' title='bbox 1605 1714 1850 1767; x_wconf 83' lang='grc' dir='ltr'>Ἀττικῶν</span> 
     </span>
     <span class='ocr_line' id='line_1_20' title="bbox 323 1795 1062 1867; baseline -0.005 -16"><span class='ocrx_word' id='word_1_117' title='bbox 323 1795 403 1863; x_wconf 83' lang='grc' dir='ltr'>ιβ’,</span> <span class='ocrx_word' id='word_1_118' title='bbox 437 1803 645 1867; x_wconf 81' lang='grc' dir='ltr'>ςταθμῷ</span> <span class='ocrx_word' id='word_1_119' title='bbox 674 1800 733 1850; x_wconf 82' lang='grc' dir='ltr'>δὲ</span> <span class='ocrx_word' id='word_1_120' title='bbox 760 1797 874 1860; x_wconf 84' lang='grc' dir='ltr'>ἄγει</span> <span class='ocrx_word' id='word_1_121' title='bbox 899 1796 932 1864; x_wconf 91' lang='grc'>&lt;</span> <span class='ocrx_word' id='word_1_122' title='bbox 960 1795 1062 1862; x_wconf 88' lang='grc' dir='ltr'><strong>ψκ’.</strong></span> 
     </span>
     <span class='ocr_line' id='line_1_21' title="bbox 428 1878 1850 1952; baseline 0.001 -19"><span class='ocrx_word' id='word_1_123' title='bbox 428 1881 473 1934; x_wconf 85' lang='grc'>6.</span> <span class='ocrx_word' id='word_1_124' title='bbox 512 1883 572 1935; x_wconf 85' lang='grc' dir='ltr'>Ὁ</span> <span class='ocrx_word' id='word_1_125' title='bbox 594 1884 652 1935; x_wconf 79' lang='grc' dir='ltr'>δὲ</span> <span class='ocrx_word' id='word_1_126' title='bbox 680 1882 857 1946; x_wconf 86' lang='grc' dir='ltr'>ξέςτης</span> <span class='ocrx_word' id='word_1_127' title='bbox 882 1882 1055 1949; x_wconf 86' lang='grc' dir='ltr'>μέτρῳ</span> <span class='ocrx_word' id='word_1_128' title='bbox 1082 1881 1177 1945; x_wconf 80' lang='grc' dir='ltr'>μὲν</span> <span class='ocrx_word' id='word_1_129' title='bbox 1204 1881 1447 1935; x_wconf 89' lang='grc' dir='ltr'>κοτυλῶν</span> <span class='ocrx_word' id='word_1_130' title='bbox 1471 1878 1532 1947; x_wconf 80' lang='grc' dir='ltr'>β’,</span> <span class='ocrx_word' id='word_1_131' title='bbox 1560 1887 1764 1952; x_wconf 84' lang='grc' dir='ltr'>ςταθμῶ</span> <span class='ocrx_word' id='word_1_132' title='bbox 1791 1883 1850 1935; x_wconf 79' lang='grc' dir='ltr'>δὲ</span> 
     </span>
     <span class='ocr_line' id='line_1_22' title="bbox 237 1966 610 2034; baseline -0.011 -12"><span class='ocrx_word' id='word_1_133' title='bbox 237 1982 291 2022; x_wconf 83' lang='lat'>20</span> <span class='ocrx_word' id='word_1_134' title='bbox 321 1966 436 2029; x_wconf 86' lang='grc' dir='ltr'>ἄγει</span> <span class='ocrx_word' id='word_1_135' title='bbox 459 1967 494 2034; x_wconf 89' lang='grc'>&lt;</span> <span class='ocrx_word' id='word_1_136' title='bbox 520 1966 610 2032; x_wconf 87' lang='grc' dir='ltr'><strong>ρκ’.</strong></span> 
     </span>
     <span class='ocr_line' id='line_1_23' title="bbox 431 2049 1845 2118; baseline 0.001 -17"><span class='ocrx_word' id='word_1_137' title='bbox 431 2051 475 2101; x_wconf 84' lang='grc'>7.</span> <span class='ocrx_word' id='word_1_138' title='bbox 514 2051 572 2103; x_wconf 92' lang='grc' dir='ltr'>Ἡ</span> <span class='ocrx_word' id='word_1_139' title='bbox 605 2051 663 2102; x_wconf 77' lang='grc' dir='ltr'>δὲ</span> <span class='ocrx_word' id='word_1_140' title='bbox 689 2050 882 2114; x_wconf 87' lang='grc' dir='ltr'>κοτύλη</span> <span class='ocrx_word' id='word_1_141' title='bbox 912 2049 1019 2114; x_wconf 85' lang='grc' dir='ltr'>ἔχει</span> <span class='ocrx_word' id='word_1_142' title='bbox 1044 2049 1273 2102; x_wconf 87' lang='grc' dir='ltr'>κυάθους</span> <span class='ocrx_word' id='word_1_143' title='bbox 1300 2050 1372 2114; x_wconf 81' lang='grc' dir='ltr'>ἕξ,</span> <span class='ocrx_word' id='word_1_144' title='bbox 1399 2054 1604 2118; x_wconf 84' lang='grc' dir='ltr'>ςταθμῷ</span> <span class='ocrx_word' id='word_1_145' title='bbox 1633 2053 1691 2104; x_wconf 80' lang='grc' dir='ltr'>δὲ</span> <span class='ocrx_word' id='word_1_146' title='bbox 1723 2057 1774 2110; x_wconf 94' lang='grc'>&lt;</span> <span class='ocrx_word' id='word_1_147' title='bbox 1793 2049 1845 2104; x_wconf 83' lang='grc' dir='ltr'>ξ’.</span> 
     </span>
     <span class='ocr_line' id='line_1_24' title="bbox 319 2132 1846 2199; baseline -0.001 -12"><span class='ocrx_word' id='word_1_148' title='bbox 319 2136 416 2198; x_wconf 86' lang='grc' dir='ltr'>τὴν</span> <span class='ocrx_word' id='word_1_149' title='bbox 444 2136 502 2187; x_wconf 81' lang='grc' dir='ltr'>δὲ</span> <span class='ocrx_word' id='word_1_150' title='bbox 537 2135 764 2198; x_wconf 89' lang='grc' dir='ltr'>κοτύλην</span> <span class='ocrx_word' id='word_1_151' title='bbox 795 2134 845 2186; x_wconf 80' lang='grc' dir='ltr'>οἱ</span> <span class='ocrx_word' id='word_1_152' title='bbox 879 2134 1096 2186; x_wconf 90' lang='grc' dir='ltr'>Ἀττικοὶ</span> <span class='ocrx_word' id='word_1_153' title='bbox 1125 2133 1209 2185; x_wconf 88' lang='grc' dir='ltr'>καὶ</span> <span class='ocrx_word' id='word_1_154' title='bbox 1239 2132 1487 2199; x_wconf 85' lang='grc' dir='ltr'>τρυβλίον</span> <span class='ocrx_word' id='word_1_155' title='bbox 1514 2133 1846 2198; x_wconf 81' lang='grc' dir='ltr'>ὀνομάζουςι.</span> 
     </span>
     <span class='ocr_line' id='line_1_25' title="bbox 428 2217 1845 2285; baseline 0.001 -15"><span class='ocrx_word' id='word_1_156' title='bbox 428 2218 473 2270; x_wconf 84' lang='grc'>8.</span> <span class='ocrx_word' id='word_1_157' title='bbox 512 2219 588 2271; x_wconf 90' lang='grc' dir='ltr'>Τὸ</span> <span class='ocrx_word' id='word_1_158' title='bbox 626 2218 904 2283; x_wconf 85' lang='grc' dir='ltr'>ὀξύβαφον</span> <span class='ocrx_word' id='word_1_159' title='bbox 948 2218 1121 2285; x_wconf 84' lang='grc' dir='ltr'>μέτρῳ</span> <span class='ocrx_word' id='word_1_160' title='bbox 1166 2218 1260 2281; x_wconf 81' lang='grc' dir='ltr'>μὲν</span> <span class='ocrx_word' id='word_1_161' title='bbox 1306 2217 1529 2283; x_wconf 91' lang='grc' dir='ltr'>κοτύλης</span> <span class='ocrx_word' id='word_1_162' title='bbox 1572 2219 1845 2283; x_wconf 80' lang='grc' dir='ltr'>τέταρτον,</span> 
     </span>
     <span class='ocr_line' id='line_1_26' title="bbox 321 2300 1845 2370; baseline 0 -16"><span class='ocrx_word' id='word_1_163' title='bbox 321 2302 456 2367; x_wconf 88' lang='grc' dir='ltr'>ὅπερ</span> <span class='ocrx_word' id='word_1_164' title='bbox 484 2302 586 2354; x_wconf 82' lang='grc' dir='ltr'>ἑςτὶ</span> <span class='ocrx_word' id='word_1_165' title='bbox 611 2302 808 2354; x_wconf 92' lang='grc' dir='ltr'>κύαθος</span> <span class='ocrx_word' id='word_1_166' title='bbox 838 2302 911 2355; x_wconf 80' lang='grc' dir='ltr'>εἷς</span> <span class='ocrx_word' id='word_1_167' title='bbox 934 2300 1111 2367; x_wconf 80' lang='grc' dir='ltr'>ἥμιςυ,</span> <span class='ocrx_word' id='word_1_168' title='bbox 1148 2305 1355 2370; x_wconf 82' lang='grc' dir='ltr'>ςταθμῷ</span> <span class='ocrx_word' id='word_1_169' title='bbox 1391 2303 1448 2355; x_wconf 80' lang='grc' dir='ltr'>δὲ</span> <span class='ocrx_word' id='word_1_170' title='bbox 1477 2302 1583 2367; x_wconf 80' lang='grc' dir='ltr'>ἔχει</span> <span class='ocrx_word' id='word_1_171' title='bbox 1609 2303 1845 2368; x_wconf 81' lang='grc' dir='ltr'>δραχμὰς</span> 
     </span>
     <span class='ocr_line' id='line_1_27' title="bbox 235 2386 1145 2441; baseline -0.005 0"><span class='ocrx_word' id='word_1_172' title='bbox 235 2402 288 2441; x_wconf 83' lang='lat'>25</span> <span class='ocrx_word' id='word_1_173' title='bbox 318 2386 392 2440; x_wconf 86' lang='grc' dir='ltr'><strong>ιε’.</strong></span> <span class='ocrx_word' id='word_1_174' title='bbox 1142 2433 1145 2436; x_wconf 76' lang='grc'>,</span> 
     </span>
     <span class='ocr_line' id='line_1_28' title="bbox 426 2469 1362 2535; baseline -0.001 -13"><span class='ocrx_word' id='word_1_175' title='bbox 426 2471 471 2522; x_wconf 84' lang='grc'>9.</span> <span class='ocrx_word' id='word_1_176' title='bbox 510 2470 569 2522; x_wconf 88' lang='grc' dir='ltr'><strong>Ὁ</strong></span> <span class='ocrx_word' id='word_1_177' title='bbox 595 2469 790 2522; x_wconf 89' lang='grc' dir='ltr'>κύαθός</span> <span class='ocrx_word' id='word_1_178' title='bbox 817 2470 920 2522; x_wconf 81' lang='grc' dir='ltr'>ἐςτι</span> <span class='ocrx_word' id='word_1_179' title='bbox 942 2473 1194 2535; x_wconf 81' lang='grc' dir='ltr'>δραχμῶν</span> <span class='ocrx_word' id='word_1_180' title='bbox 1220 2470 1362 2522; x_wconf 76' lang='grc' dir='ltr'><strong>δέκα.</strong></span> 
     </span>
     <span class='ocr_line' id='line_1_29' title="bbox 392 2552 1648 2621; baseline 0 -17"><span class='ocrx_word' id='word_1_181' title='bbox 392 2554 471 2605; x_wconf 84' lang='lat'>10.</span> <span class='ocrx_word' id='word_1_182' title='bbox 513 2555 569 2607; x_wconf 91' lang='grc' dir='ltr'>Ἡ</span> <span class='ocrx_word' id='word_1_183' title='bbox 599 2555 657 2607; x_wconf 79' lang='grc' dir='ltr'>δὲ</span> <span class='ocrx_word' id='word_1_184' title='bbox 682 2555 815 2620; x_wconf 89' lang='grc' dir='ltr'>χήμη</span> <span class='ocrx_word' id='word_1_185' title='bbox 844 2554 947 2606; x_wconf 83' lang='grc' dir='ltr'>ἐςτὶ</span> <span class='ocrx_word' id='word_1_186' title='bbox 973 2553 1170 2605; x_wconf 89' lang='grc' dir='ltr'>κυάθου</span> <span class='ocrx_word' id='word_1_187' title='bbox 1197 2553 1450 2617; x_wconf 86' lang='grc' dir='ltr'>τέταρτον</span> <span class='ocrx_word' id='word_1_188' title='bbox 1471 2555 1505 2621; x_wconf 90' lang='grc'>&lt;</span> <span class='ocrx_word' id='word_1_189' title='bbox 1533 2552 1576 2619; x_wconf 82' lang='grc' dir='ltr'>β’</span> <span class='ocrx_word' id='word_1_190' title='bbox 1603 2562 1648 2605; x_wconf 74' lang='grc'>5.</span> 
     </span>
    </p>
   </div>
   <div class='ocr_carea' id='block_1_7' title="bbox 912 2651 1248 2663">
    <p class='ocr_par' dir='ltr' id='par_1_7' title="bbox 912 2651 1248 2663">
     <span class='ocr_line' id='line_1_30' title="bbox 912 2651 1248 2663; baseline 0 0"><span class='ocrx_word' id='word_1_191' title='bbox 912 2651 1248 2663; x_wconf 95' lang='lat' dir='ltr'> </span> 
     </span>
    </p>
   </div>
   <div class='ocr_carea' id='block_1_8' title="bbox 322 2695 649 2703">
    <p class='ocr_par' dir='ltr' id='par_1_8' title="bbox 322 2695 649 2703">
     <span class='ocr_line' id='line_1_31' title="bbox 322 2695 649 2703; baseline 0 517"><span class='ocrx_word' id='word_1_192' title='bbox 322 2695 649 2703; x_wconf 95' lang='lat' dir='ltr'> </span> 
     </span>
    </p>
   </div>
   <div class='ocr_carea' id='block_1_9' title="bbox 313 2763 1836 3014">
    <p class='ocr_par' dir='ltr' id='par_1_9' title="bbox 434 2763 1283 2807">
     <span class='ocr_line' id='line_1_32' title="bbox 434 2763 1283 2807; baseline 0.002 -4"><span class='ocrx_word' id='word_1_193' title='bbox 434 2766 470 2803; x_wconf 84' lang='grc'>2.</span> <span class='ocrx_word' id='word_1_194' title='bbox 505 2764 539 2804; x_wconf 68' lang='grc' dir='ltr'>λὶ</span> <span class='ocrx_word' id='word_1_195' title='bbox 571 2766 687 2805; x_wconf 82' lang='lat' dir='ltr'><em>NeSt</em></span> <span class='ocrx_word' id='word_1_196' title='bbox 805 2768 843 2807; x_wconf 88' lang='lat'>5.</span> <span class='ocrx_word' id='word_1_197' title='bbox 877 2765 902 2806; x_wconf 88' lang='grc' dir='ltr'>ὁ</span> <span class='ocrx_word' id='word_1_198' title='bbox 935 2764 1107 2806; x_wconf 90' lang='grc' dir='ltr'>κύαθος</span> <span class='ocrx_word' id='word_1_199' title='bbox 1138 2763 1187 2806; x_wconf 78' lang='grc' dir='ltr'>δὲ</span> <span class='ocrx_word' id='word_1_200' title='bbox 1218 2765 1283 2804; x_wconf 83' lang='lat' dir='ltr'>Ne</span> 
     </span>
    </p>

    <p class='ocr_par' dir='ltr' id='par_1_10' title="bbox 313 2829 1836 3014">
     <span class='ocr_line' id='line_1_33' title="bbox 430 2829 1836 2884; baseline 0.004 -12"><span class='ocrx_word' id='word_1_201' title='bbox 430 2833 470 2874; x_wconf 83' lang='lat'>8.</span> <span class='ocrx_word' id='word_1_202' title='bbox 506 2831 766 2884; x_wconf 88' lang='grc' dir='ltr'>Κεφάλαιον</span> <span class='ocrx_word' id='word_1_203' title='bbox 799 2829 851 2877; x_wconf 88' lang='grc' dir='ltr'>ιε’</span> <span class='ocrx_word' id='word_1_204' title='bbox 885 2836 941 2876; x_wconf 70' lang='lat' dir='ltr'>Ch</span> <span class='ocrx_word' id='word_1_205' title='bbox 1058 2838 1126 2875; x_wconf 92' lang='grc'>11.</span> <span class='ocrx_word' id='word_1_206' title='bbox 1159 2833 1235 2875; x_wconf 89' lang='grc' dir='ltr'>καὶ</span> <span class='ocrx_word' id='word_1_207' title='bbox 1265 2834 1482 2884; x_wconf 87' lang='grc' dir='ltr'>ςταθμῶν</span> <span class='ocrx_word' id='word_1_208' title='bbox 1513 2847 1597 2878; x_wconf 89' lang='lat' dir='ltr'>om.</span> <span class='ocrx_word' id='word_1_209' title='bbox 1631 2834 1682 2875; x_wconf 83' lang='lat' dir='ltr'>St</span> <span class='ocrx_word' id='word_1_210' title='bbox 1769 2837 1836 2878; x_wconf 88' lang='lat'>15.</span> 
     </span>
     <span class='ocr_line' id='line_1_34' title="bbox 317 2900 1835 2957; baseline 0.003 -15"><span class='ocrx_word' id='word_1_211' title='bbox 317 2902 383 2945; x_wconf 86' lang='grc'>16.</span> <span class='ocrx_word' id='word_1_212' title='bbox 415 2900 507 2952; x_wconf 78' lang='grc' dir='ltr'>ἔχει</span> <span class='ocrx_word' id='word_1_213' title='bbox 531 2906 575 2942; x_wconf 83' lang='lat' dir='ltr'>et</span> <span class='ocrx_word' id='word_1_214' title='bbox 596 2902 713 2955; x_wconf 85' lang='grc' dir='ltr'>ἄγει]</span> <span class='ocrx_word' id='word_1_215' title='bbox 749 2904 848 2955; x_wconf 88' lang='grc' dir='ltr'>ἄγει</span> <span class='ocrx_word' id='word_1_216' title='bbox 881 2909 925 2946; x_wconf 83' lang='lat' dir='ltr'>et</span> <span class='ocrx_word' id='word_1_217' title='bbox 954 2903 1048 2957; x_wconf 75' lang='grc' dir='ltr'>ἔχει</span> <span class='ocrx_word' id='word_1_218' title='bbox 1077 2904 1215 2957; x_wconf 85' lang='lat' dir='ltr'>vulgo</span> <span class='ocrx_word' id='word_1_219' title='bbox 1305 2905 1371 2945; x_wconf 88' lang='grc'>18.</span> <span class='ocrx_word' id='word_1_220' title='bbox 1404 2903 1607 2956; x_wconf 86' lang='grc' dir='ltr'>δραχμὰς</span> <span class='ocrx_word' id='word_1_221' title='bbox 1629 2904 1680 2944; x_wconf 79' lang='lat' dir='ltr'>St</span> <span class='ocrx_word' id='word_1_222' title='bbox 1767 2906 1835 2947; x_wconf 87' lang='lat'>19.</span> 
     </span>
     <span class='ocr_line' id='line_1_35' title="bbox 313 2969 481 3014; baseline -0.012 -2"><span class='ocrx_word' id='word_1_223' title='bbox 313 2969 397 3014; x_wconf 84' lang='grc' dir='ltr'>δύο</span> <span class='ocrx_word' id='word_1_224' title='bbox 428 2970 481 3011; x_wconf 78' lang='lat' dir='ltr'>St</span> 
     </span>
    </p>
   </div>
  </div>
 </body>
</html>
