1946 3220
246 1000 489 1046 ‘Frontino
529 997 774 1059 auctore3).
827 1001 1021 1061 Scripsit
1057 1008 1206 1046 autem
1243 1001 1447 1061 Hyginus
1486 1002 1541 1046 de
1576 1002 1799 1048 limitibus

281 171 315 224 6
813 187 1217 221 PROLEGOMENA
1241 188 1298 221 m

277 304 456 351 toribus
499 302 660 348 Flaviis
705 302 935 360 vitamque
982 300 1195 361 perduxit
1245 300 1301 346 ad
1351 301 1528 347 Traiani
1577 304 1799 364 tempora.
1878 302 1897 347 ἴ
1931 346 1941 370 ·,

276 374 413 420 Cuius
441 387 463 417 e
490 372 618 416 libris
646 372 908 431 gromaticis
945 371 1056 416 varii
1091 370 1180 416 loci
1207 371 1409 430 excerpti
1448 378 1652 430 exstant,
1688 386 1801 432 quo·

275 457 373 489 rum
412 443 541 501 prior
575 456 682 500 pars
718 442 943 486 instructa
980 447 1050 486 est
1075 442 1401 486 commentario
1427 442 1606 502 Aggeni
1632 441 1800 488 Urbici.

274 513 322 556 In
349 511 490 556 altera
517 518 665 556 autem
693 518 848 570 parte,
888 525 1003 570 quae
1030 525 1082 555 ex
1117 510 1235 556 libro
1263 510 1470 556 Frontini
1497 511 1694 557 secundo
1724 525 1801 558 ex·

274 588 431 641 cerpta
468 595 568 626 esse
609 581 827 638 traditur,
865 581 1062 640 primum
1098 581 1194 640 agit
1232 582 1433 640 scriptor
1468 581 1522 626 de
1559 581 1800 640 limitibus,

274 657 410 711 atque
438 651 498 696 ibi
537 650 597 710 (p.
615 650 712 710 ⁴30)
749 651 804 695 de
830 657 962 708 actu,
990 653 1149 710 iugero
1167 687 1178 709 ,
1208 658 1358 709 sorte,
1387 651 1646 710 agrestibus
1675 665 1803 697 men-

273 722 419 777 suris,
455 735 507 767 ea
534 723 743 781 exponit,
782 735 896 781 quae
923 735 1006 766 nos
1035 722 1277 781 separatim
1305 721 1523 767 edidimus
1552 721 1634 780 (fr.
1665 721 1799 781 112).

378 790 603 851 Aequales
630 792 727 836 sere
754 790 975 836 Frontino
1006 797 1186 836 constat
1213 791 1354 836 fuisse
1381 791 1564 837 Balbum
1593 798 1638 836 et
1662 791 1802 852 Hygi-

270 875 404 918 num,
431 863 491 905 ita
522 868 694 917 tamen,
734 868 786 906 ut
812 861 857 906 hi
883 861 1026 907 libros
1055 876 1163 906 suos
1191 868 1351 921 postea
1379 861 1629 907 scriberent
1667 875 1802 922 quam

269 931 476 976 Frontini
514 930 619 976 libri
656 931 764 976 editi
802 938 923 977 sunt.
980 931 1088 976 Nam
1123 931 1326 991 Hyginus
1363 932 1544 992 quidem
1581 946 1691 977 usus
1731 938 1802 978 est

271 1077 318 1116 et
344 1071 397 1116 de
425 1071 767 1116 condicionibus
795 1086 1009 1131 agrorum
1045 1072 1229 1117 ineunte
1255 1073 1446 1131 imperio
1474 1072 1651 1117 Traiani
1679 1086 1797 1118 anno

270 1140 365 1185 fere
392 1156 434 1200 p.
455 1141 553 1186 Chr.
583 1155 626 1185 n.
655 1136 803 1200 (31114).
855 1143 1005 1201 Atque
1032 1143 1183 1187 eadem
1205 1155 1397 1200 prorsus
1418 1147 1488 1186 est
1505 1141 1629 1187 Balbi
1654 1149 1797 1198 aetas,

271 1211 349 1270 qui
375 1224 423 1255 se
450 1210 614 1255 librum
642 1225 772 1255 suum
800 1214 1186 1257 consummavisse
1213 1211 1347 1268 dicit,
1375 1218 1620 1271 postquam
1647 1212 1799 1258 Traia-

269 1294 356 1326 nus
383 1282 633 1340 imperator
659 1281 850 1327 victoria
875 1282 1050 1327 Daciam
1077 1282 1282 1342 proxime
1320 1282 1591 1327 reseraverit
1618 1282 1798 1343 ipsique
1913 1253 1946 1334 'ff

269 1364 293 1394 e
320 1350 669 1410 septentrionali
695 1351 828 1412 plaga
855 1366 1003 1397 annua
1028 1352 1122 1397 vice
1151 1351 1347 1397 transire
1374 1348 1694 1411 permiserit5).
1901 1333 1946 1414 2⁴,

375 1421 436 1465 Ex
462 1421 627 1481 Hygini
654 1421 773 1466 libro
802 1420 862 1482 (p.
894 1421 991 1467 121
1022 1421 1102 1481 ss.)
1131 1423 1175 1466 in
1203 1422 1285 1467 hac
1311 1421 1582 1468 collectione
1606 1423 1798 1482 repetivi
1911 1405 1946 1486 3}

269 1503 321 1536 ea
347 1504 462 1550 quae
500 1491 722 1536 de’variis
760 1506 973 1550 agrorum
1011 1493 1238 1537 mensuris
1274 1492 1518 1537 traduntur
1553 1491 1627 1550 (fr.
1659 1491 1797 1550 114),
1918 1486 1946 1564 ’ᾖ

270 1573 405 1620 quem
432 1560 486 1617 ad
510 1560 662 1606 locum
688 1561 1008 1606 illustrandum
1035 1561 1146 1606 nihil
1174 1563 1246 1606 hic
1262 1561 1513 1606 addendum
1554 1562 1731 1606 videtur
1745 1557 1796 1620 6).
1923 1566 1946 1637 ᾗ

1922 1641 1946 1664 ’1

382 1737 428 1789 3)
461 1739 514 1779 V.
547 1738 830 1778 Lachmann.
863 1739 910 1779 II
941 1753 984 1791 p.
1021 1741 1114 1779 139.
1165 1733 1170 1738 ’

380 1794 426 1848 4)
460 1793 589 1836 Conf.
624 1807 680 1834 ea
711 1807 827 1846 quae
869 1795 1193 1843 Lachmannus
1233 1809 1276 1848 p.
1305 1797 1389 1843 ‚139
1432 1794 1636 1848 collegit.
1695 1796 1794 1835 Pri·
1940 1839 1946 1848 Ἰ

270 1863 390 1890 11111111
423 1854 605 1891 constat
642 1851 819 1903 Hygini
857 1850 1023 1890 librum
1061 1855 1166 1904 post
1204 1852 1329 1903 prius
1370 1851 1540 1891 bellum
1570 1852 1796 1892 Dacicum
1921 1844 1946 1899 fi

270 1906 489 1959 scriptum
540 1919 658 1946 esse.
718 1907 860 1947 Porro
892 1909 1088 1947 sirecte
1140 1908 1401 1960 suspicatur
1450 1908 1792 1959 Lachmannus,
1938 1901 1942 1910 ’

271 1963 389 2014 quod
439 1963 679 2015 provincia
728 1963 880 2003 Dacia
928 1964 984 2003 ab
1026 1963 1210 2016 Hygino
1260 1976 1352 2003 non
1402 1967 1793 2011 commemoretur,

271 2019 508 2070 scripsisse
543 2019 735 2058 eundem
769 2023 875 2059 ante
898 2018 1069 2058 bellum
1090 2020 1319 2071 Dacicum
1352 2019 1562 2069 alterum,
1596 2020 1692 2060 fere
1724 2032 1793 2059 re-

268 2074 495 2125 linquitur
534 2087 677 2114 annus
719 2077 813 2116 103.
875 2076 1045 2115 Verum
1087 2076 1271 2115 etiamsi
1311 2076 1447 2115 istam
1481 2076 1794 2115 coniecturam

199 2150 205 2155 ‘
268 2129 326 2170 de
365 2131 606 2183 provincia
642 2131 794 2170 Dacia
832 2143 922 2171 non
970 2134 1324 2171 commemorata
1374 2131 1583 2182 reiicias,
1635 2131 1794 2183 utique

1934 2038 1946 2071 ᾖ

266 2185 354 2226 hoc
383 2199 542 2226 verum
580 2183 747 2226 manet'
776 2187 858 2226 sub
891 2186 1082 2227 Traiani
1112 2187 1305 2239 imperio
1335 2186 1502 2226 librum
1534 2187 1796 2227 confectum
1937 2145 1946 2188 1

269 2254 387 2284 esse.
1932 2243 1946 2299 ᾖ

381 2297 424 2349 5)
458 2298 558 2338 Non
588 2298 688 2350 ipso
719 2298 925 2350 nomine,
959 2297 1039 2337 sed
1071 2298 1253 2338 omnino
1285 2297 1360 2339 vel
1382 2300 1693 2338 sacratissimus
1722 2301 1794 2338 im·
1922 2318 1946 2326 ν

262 2360 446 2404 perator
477 2353 538 2406 (p.
571 2356 640 2405 92,
674 2354 732 2407 7),
764 2354 840 2395 vel
871 2355 1074 2394 maximus
1104 2356 1339 2406 imperator
1371 2353 1435 2406 (p.
1458 2356 1534 2403 93,
1559 2353 1601 2406 7)
1637 2353 1793 2407 appel·
1926 2351 1946 2379 Ἰ

267 2410 669 2460 laturTraianus3
710 2423 797 2450 nec
830 2414 987 2450 tamen
1018 2410 1204 2450 dubium
1236 2423 1337 2450 esse
1369 2410 1570 2458 videtur,
1613 2411 1723 2462 quin
1754 2410 1794 2450 is

268 2466 411 2505 fuerit
432 2466 683 2515 Traianus,
718 2479 808 2506 non
828 2466 1141 2519 Domitianus,
1175 2467 1304 2506 cuius
1336 2470 1522 2518 praeter
1542 2466 1793 2506 Traianum

267 2522 493 2562 rationem
530 2522 792 2561 habendam
834 2534 934 2562 esse
973 2526 1095 2562 recte
1128 2522 1288 2562 scribit
1316 2522 1623 2562 Mommsenus
1656 2521 1794 2572 (Gro-

267 2583 380 2616 mat.
401 2578 446 2617 II
466 2591 510 2630 p.
535 2578 649 2628 147).
709 2578 807 2618 Iam
841 2590 942 2617 cum
973 2579 1132 2618 statim
1164 2581 1268 2631 post
1297 2578 1542 2618 victoriam
1563 2577 1791 2617 Dacicam

266 2631 457 2673 redierit
478 2633 651 2674 Balbus
684 2646 738 2674 ac
769 2634 933 2674 deinde
967 2646 1118 2674 annuo
1151 2634 1303 2686 spatio
1334 2633 1501 2673 librum
1533 2632 1790 2674 confecerit

211 2714 220 2723 ,
268 2683 332 2739 (p.
365 2690 439 2738 93,
474 2689 541 2741 6),
582 2694 715 2742 prout
752 2690 878 2743 prius
923 2694 1001 2729 aut
1033 2690 1227 2730 alterum
1257 2689 1430 2729 bellum
1459 2690 1688 2729 Dacicum
1719 2689 1789 2728 in·
1914 2682 1945 2730 ’ἕξ

267 2741 578 2795 tellegendum
619 2749 710 2797 est,
755 2747 864 2785 anni
902 2745 1220 2798 relinquuntur
1258 2746 1378 2785 inter
1420 2747 1499 2786 102
1532 2749 1577 2784 et
1610 2745 1689 2785 106
1721 2745 1790 2784 in—

273 2802 579 2905 euntgmvide
619 2855 674 2896 de
715 2858 938 2897 mensuris
981 2858 1038 2897 ab
1070 2858 1257 2910 Hygino
1290 2856 1473 2896 traditis
1505 2855 1789 2896 Rudorffium

266 2909 313 2948 in
348 2909 549 2949 Gromat.
583 2910 671 2952 vol.
703 2913 748 2952 ΙΙ
778 2926 822 2964 p.
853 2915 948 2955 282.
981 2915 1064 2953 421
1098 2917 1144 2953 et
1175 2925 1257 2953 nos
1288 2913 1336 2951 in
1366 2910 1546 2952 Metrol.
1579 2925 1622 2964 p.
1648 2912 1729 2952 286
1753 2924 1789 2954 S.

266 2965 361 3005 288.
422 2965 675 3005 Praeterea
714 2967 769 3006 de
812 2970 1039 3021 scriptura
1077 2969 1319 3034 verborum
1357 2968 1528 3020 passim
1572 2972 1786 3021 corrupta
