1946 3220
564 142 898 177 semerom-is
937 142 1198 177 GRAECOS.
1581 128 1652 182 55

118 255 242 312 Quae
268 255 447 317 quidem
473 258 587 316 ipsa,
614 262 746 317 puto,
773 271 863 301 non
889 257 1039 318 exigui
1059 257 1201 303 libelli
1221 258 1402 305 modum
1429 258 1647 320 expleret.

118 329 269 388 Atque
308 328 477 373 utinam
508 341 611 372 mox
651 327 813 372 existat
852 327 929 388 qui
969 327 1024 373 de
1060 327 1288 374 Hebraicis
1324 331 1550 375 mensuris
1586 331 1649 376 ita

118 397 314 455 scribat,
340 405 409 456 ut,
442 397 684 443 sinminus
712 397 878 456 omnia,
907 397 1125 444 nonnulla
1152 406 1299 446 tamen
1330 400 1515 460 probari
1542 415 1649 461 pos-

120 471 234 522 sint;
277 482 377 513 nam
424 482 544 514 nunc
585 468 764 528 quidem
808 482 881 514 res
931 468 977 514 in
1024 471 1161 515 tantis
1200 470 1394 516 tenebris
1433 477 1647 531 tantaque

42 537 46 540 ’
119 539 248 600 quasi
278 538 472 585 colluvie
503 539 707 585 demersa
733 540 875 596 iacet,
912 546 963 584 nt
987 538 1236 586 Herculeus
1267 540 1423 598 labor,
1461 555 1552 601 quo
1576 555 1649 587 ve-

119 623 219 655 rum
254 611 518 671 exquiratur
552 611 792 670 omniaque
831 609 1145 668 illustrentur,
1183 611 1508 671 impendendus
1548 626 1647 658 esse

118 680 336 726 videatur.
387 678 481 735 Qua
516 681 571 726 de
596 695 731 727 causa
757 695 876 726 nunc
902 681 1014 726 nihil
1042 680 1127 726 nisi
1153 695 1232 727 eos
1262 682 1338 742 qui
1366 683 1568 742 proxime
1595 684 1647 728 de

116 750 347 798 Hebraicis
397 752 618 797 mensuris
653 751 963 812 scripserunt,
1010 750 1280 797 Boeckhium
1316 759 1361 797 et
1395 753 1648 799 Fenneber-

115 823 241 882 gium
258 857 271 879 ,
296 821 573 883 appellamus
589 817 644 883 ¹),
676 836 727 868 ac
753 822 807 868 de
832 822 916 867 hac
940 820 1097 867 Iuliani
1119 821 1272 868 tabula
1303 835 1352 867 ea
1379 836 1493 882 quae
1518 826 1648 869 omit-

118 899 214 938 tere
243 892 311 938 vel
341 892 739 953 praetereuntibus
767 906 858 938 non
886 892 993 938 licet
1019 892 1238 939 addimus.

226 963 423 1009 Primum
455 977 538 1010 nec
564 963 618 1009 de
653 970 840 1009 auctore
881 962 1058 1008 tabulae
1092 977 1174 1009 nec
1200 964 1256 1009 de
1281 970 1427 1010 aetate
1462 978 1551 1024 qua
1586 964 1648 1008 vi-

118 1034 232 1080 xerit
285 1034 530 1094 quidquam
582 1040 866 1094 compertum
916 1033 1147 1080 babemus.
1225 1028 1379 1095 Neque
1429 1034 1471 1080 id
1526 1035 1647 1095 quod

117 1105 456 1165 Fennebergius
483 1105 545 1165 (p.
576 1103 672 1164 109)
698 1106 981 1165 suspicatur,
1022 1105 1165 1150 fuisse
1202 1104 1330 1150 illum
1355 1104 1536 1150 Juliano
1567 1105 1648 1150 im·

116 1176 319 1236 peratori
354 1176 431 1236 qui
457 1177 676 1236 Apostata
712 1175 858 1221 dictus
885 1182 955 1221 est
990 1175 1247 1236 aequalem,
1281 1175 1391 1221 satis
1421 1175 1548 1221 firma
1572 1182 1647 1221 aut

117 1245 340 1307 probabili
388 1246 660 1292 auctoritate
702 1246 878 1291 nititur.
951 1246 1047 1292 Hoc
1082 1254 1231 1291 tamen
1264 1260 1356 1291 non
1391 1246 1517 1307 parvi
1554 1260 1649 1292 mo-

118 1317 257 1362 menti
297 1330 397 1362 esse
431 1317 637 1374 videtur⁷
673 1317 795 1377 quod
832 1317 944 1362 haec
979 1316 1132 1362 tabula
1166 1318 1286 1362 inter
1318 1316 1444 1376 leges
1471 1316 1649 1377 imperii

116 1387 378 1449 Byzantini‚
429 1401 541 1447 quas
578 1386 900 1432 Constantinus
935 1386 1296 1447 Harmenopulus
1341 1386 1523 1433 saeculo
1558 1386 1650 1432 xlv

116 1457 322 1518 collegit,
349 1465 530 1517 recepta
553 1453 683 1517 est2).
733 1457 852 1517 Ergo
874 1458 1008 1503 etiam
1030 1472 1122 1518 quo
1147 1464 1352 1518 tempore
1379 1471 1428 1503 ea
1453 1458 1649 1518 primum

115 1530 288 1590 scripta
325 1536 418 1586 est,
456 1529 584 1574 iussu
620 1528 907 1589 imperatoris
944 1529 1176 1574 cuiusdam
1211 1528 1440 1588 Byzantini
1479 1527 1533 1573 ab
1568 1527 1647 1573 illo

119 1600 291 1646 Iuliano
322 1599 580 1645 Ascalonita
606 1600 660 1645 ad
687 1611 924 1645 mensuras
950 1598 1208 1660 provinciae
1234 1598 1514 1645 Palaestinae
1542 1598 1650 1644 defi-

118 1670 302 1717 niendas
336 1670 454 1717 facta
478 1683 578 1716 esse
603 1670 799 1728 videtur,
831 1677 884 1715 nt
910 1670 1008 1731 ipsa
1032 1669 1147 1730 legis
1173 1671 1319 1715 instar
1345 1669 1547 1716 habenda
1574 1671 1649 1715 sit.

223 1741 462 1787 Praeterea
486 1755 794 1787 commemoro
821 1740 1095 1786 Bernardum
1120 1743 1166 1787 in
1192 1740 1322 1786 libris
1344 1740 1399 1786 de
1423 1740 1648 1785 mensuris

119 1819 165 1858 et
198 1812 477 1872 ponderibus
502 1810 660 1858 Iuliani
697 1812 813 1856 duos
842 1810 969 1858 locos
1001 1811 1171 1868 citare,
1215 1825 1408 1871 quorum
1446 1811 1562 1856 alter
1595 1810 1649 1855 de

119 1882 285 1944 plethri
322 1896 532 1928 mensura
558 1896 750 1942 prorsus
777 1896 876 1928 cum
913 1883 995 1928 hac
1031 1881 1184 1927 tabula
1214 1876 1498 1940 congruit³),
1535 1880 1651 1925 alter

120 1953 275 2014 paullo
314 1952 502 1998 diversis
537 1952 685 1998 verbis
721 1953 786 1998 sic
828 1955 1027 2013 scriptus
1062 1947 1204 2011 est⁴):
1248 1947 1311 1999 τὸ
1343 1949 1442 1999 νῦν
1477 1946 1648 2010 μίλιον

118 2019 234 2083 ἤτοι
260 2021 370 2071 τῶν
401 2017 444 2073 ζ’
467 2026 496 2067 5
526 2018 752 2071 εταδίων
780 2017 887 2082 ἔχει
918 2017 1136 2082 ὀργυιὰς
1171 2019 1266 2081 μὲν
1297 2017 1650 2081 γεωμετρικάς

119 2088 229 2155 ψν’,
269 2089 442 2141 ἁπλᾶς
473 2090 532 2141 δὲ
568 2086 680 2153 wil,
717 2089 918 2154 βήματα
945 2086 1067 2160 ,αφᾏ
1102 2089 1286 2153 πήχεις
1314 2104 1372 2158 Ις.
1425 2088 1556 2140 κατὰ
1593 2088 1651 2139 δὲ

118 2161 216 2213 τὸν
245 2160 623 2225 Ἐρατοεθένην
664 2160 748 2211 καὶ
774 2159 1062 2226 Ετράβωνα
1096 2158 1452 2225 γεωγράφουε
1485 2158 1547 2210 τὸ
1575 2157 1650 2222 μί-

237 2344 279 2395 1)
308 2345 364 2385 V.
394 2344 596 2386 Boeckh.
630 2344 693 2386 M.
728 2344 779 2385 U.
811 2357 854 2397 p.
886 2344 1133 2393 265—273‚
1165 2344 1455 2395 Fenneberg.
1493 2342 1649 2383 Unter-

121 2401 361 2453 sachunyen
393 2406 478 2444 etc.
509 2414 552 2453 p.
585 2402 811 2442 87—113.
871 2400 964 2441 Alii
996 2401 1070 2453 qui
1101 2399 1156 2440 de
1190 2399 1348 2440 eodem
1382 2403 1649 2452 argumento

123 2458 406 2553 scrffisqrulnt
445 2457 694 2553 aflz'elzuntair
732 2457 852 2552 aipud
890 2456 1178 2508 Fenneberg.
1218 2469 1261 2508 p.
1294 2457 1348 2496 95
1382 2461 1427 2495 et
1458 2467 1485 2494 a
1516 2454 1650 2495 nobis

124 2527 172 2554 m
253 2526 382 2554 ero.
450 2515 500 2555 .‘
549 2525 707 2553 nan.
771 2547 780 2555 .

237 2569 279 2621 2)
322 2527 589 2621 Πρέχειρον
628 2567 790 2619 νόμων
831 2565 1176 2609 Κονεταντίνου
1214 2568 1300 2609 τοῦ
1333 2565 1650 2619 Ἁρμενοπού-

125 2626 221 2667 λου.
281 2626 644 2679 Promptuarium
678 2625 789 2664 iuris
821 2629 911 2667 etc.
947 2625 1198 2677 interprete
1230 2625 1264 2664 Ι.
1296 2624 1504 2664 Mercero
1540 2624 1647 2663 1587

124 2696 168 2735 p.
202 2683 282 2723 144
314 2696 350 2723 s.
380 2704 437 2711 —
487 2681 644 2722 Const.
695 2680 1030 2733 Harmenopuli
1076 2680 1295 2722 Manuale
1344 2680 1499 2734 legum
1549 2680 1647 2720 sive

124 2738 397 2780 hexabiblos
428 2737 494 2780 ill.
529 2737 580 2779 G.
612 2737 874 2778 Heimbach
906 2737 1051 2790 (Lips.
1085 2738 1209 2788 1851)
1242 2751 1285 2790 p.
1316 2737 1397 2778 238
1430 2750 1464 2778 s.

238 2795 282 2847 3)
313 2796 364 2835 Ρ.
399 2796 503 2835 225:
549 2788 600 2835 τὸ
630 2791 844 2845 πλέθρον
877 2789 971 2859 ἔχει
1003 2785 1207 2842 §naevus
1238 2793 1341 2846 (sic)
1375 2786 1420 2844 ι’,
1453 2783 1650 2845 ὀργυιὰς

130 2846 202 2903 ιε’,
243 2845 431 2906 βήματα
463 2843 517 2903 λ’,
556 2843 725 2905 πήχεις
757 2844 810 2903 ξ’,
849 2848 1003 2897 ποὸας
1035 2846 1102 2904 Q‘.
1161 2851 1353 2891 Iulianus
1384 2850 1649 2890 Ascalonita.

127 2907 258 2958 Quae
290 2907 565 2961 respondent
595 2911 780 2948 nostrae
812 2905 998 2947 tabulae
1029 2908 1054 2958 ἓ
1086 2909 1125 2949 7.

240 2964 282 3016 4)
315 2965 366 3005 P.
398 2965 481 3005 235
512 2976 565 3016 3.,
598 2963 718 3006 conf.
748 2967 934 3004 nostrae
966 2962 1155 3005 tabulae
1187 2964 1212 3015 ξ
1243 2965 1268 3004 9
1300 2975 1335 3004 s.
