1946 3220
578 144 896 180 sempronns
923 144 1177 181 GRAECOS.
1571 128 1641 183 85

115 261 162 306 in
197 259 342 306 lucem
378 258 607 320 proferat:
652 258 786 304 nobis
822 259 1024 320 quamvis
1049 259 1339 321 cupientibus
1368 260 1513 307 otium
1540 262 1639 308 eius

116 331 183 377 rei
210 329 520 391 exsequendae
545 343 639 375 non
668 343 935 376 concessum
958 330 1057 376 fuit.

214 401 416 461 Denique
444 414 535 446 uno
571 399 675 446 loco
709 400 845 446 etiam
871 400 1108 462 Myrepsus
1132 400 1186 446 de
1211 401 1493 462 ponderibus
1529 402 1639 450 cita-

113 479 189 518 tur
220 485 244 517 a
270 466 552 530 Salmasiofl).
605 470 669 516 Ne
695 476 842 516 tamen
869 472 942 518 hic
967 486 1130 518 novum
1157 471 1379 533 quendam
1405 478 1639 519 auctorem

112 541 265 589 afferri
291 543 550 600 existimes,
589 555 639 588 ea
672 542 769 602 ipsa
799 556 914 602 quae
940 542 994 588 ab
1029 541 1108 588 illo
1135 542 1404 589 tribuuntur
1427 542 1638 605 Myrepso

0 612 30 627 '⁷
111 614 255 674 petita
280 620 386 659 sunt
413 626 437 658 e
464 613 606 674 prima
631 611 783 658 tabula
811 612 1088 659 Oribasiana.
1143 613 1191 658 In
1220 626 1273 658 eo
1301 619 1451 660 autem
1484 614 1641 661 codice

112 683 232 730 unde
266 697 350 729 nos
387 685 468 729 has
502 682 681 730 tabulas
707 683 953 741 edidimus,
987 697 1078 743 quo
1106 683 1263 729 eodem
1288 698 1399 729 usus
1436 692 1506 730 est
1542 685 1640 731 Sal-

0 765 39 807 ,·
110 755 304 810 masius,
343 753 605 800 OribaSIana
644 754 938 815 appendicem
974 754 1103 814 quasi
1135 754 1307 800 faciunt
1337 753 1640 815 amplissimae

108 824 279 871 Nicolai
304 824 501 886 Myrepsi
525 825 684 870 medici
703 822 1008 871 collectionis:
1036 822 1149 870 nihil
1171 824 1315 885 igitur
1334 825 1423 870 nisi
1442 824 1639 886 Myrepsi

110 909 276 941 nomen
304 896 358 941 ad
390 897 468 941 has
498 895 697 952 tabulas,
737 909 847 955 quas
875 894 928 941 ab
956 894 1163 942 Oribasio
1194 909 1286 941 non
1314 895 1508 956 scriptas
1535 908 1635 941 esse

110 965 414 1027 intellegeret,
444 965 676 1013 transtulit
702 966 964 1012 Salmasius.

176 1119 243 1159 De
274 1118 427 1159 tabulis
460 1119 670 1160 Gazeneae
701 1119 959 1159 collectionis
988 1119 1031 1158 in
1060 1119 1295 1159 universum
1326 1119 1565 1161 disseritur.

216 1206 310 1252 Hoc
354 1205 564 1266 longiore
603 1213 820 1267 apparatu
857 1207 1108 1266 praemisso
1145 1205 1232 1252 iam
1271 1206 1514 1266 aggredior
1543 1219 1638 1252 rem
1659 1197 1724 1246 49

111 1277 250 1338 longe
277 1276 587 1323 difficillimam
604 1312 617 1334 ,
658 1284 710 1322 ut
745 1277 799 1322 de
834 1278 891 1322 iis
918 1275 1085 1323 tabulis
1109 1290 1425 1323 mensurarum
1452 1291 1502 1322 ac
1525 1291 1639 1336 pon-

112 1347 271 1395 derum
310 1362 425 1408 quae
461 1347 615 1394 Galeni
654 1347 782 1392 libris
817 1346 972 1394 affixae
1009 1354 1147 1408 atque
1181 1347 1312 1392 initio
1348 1348 1450 1408 ipso
1484 1346 1640 1394 Galeni

110 1419 295 1465 nomine
332 1419 578 1479 inscriptae
616 1427 722 1463 sunt
759 1420 1014 1465 accuratius
1050 1431 1283 1478 exponam.
1331 1418 1398 1462 Ac
1431 1432 1640 1478 sperave·
1723 1473 1727 1476 ,

111 1503 207 1536 ram
236 1489 460 1550 equidem,
489 1503 590 1535 cum
618 1488 671 1534 de
694 1489 966 1534 Heronianis
991 1488 1160 1534 tabulis
1183 1487 1515 1549 explicuissem,
1538 1502 1640 1548 gra-

109 1561 336 1606 vissimam
381 1561 518 1606 huius
565 1559 860 1621 praefationis
901 1566 1078 1620 partem
1121 1573 1193 1605 me
1235 1559 1512 1616 confecisse3
1561 1559 1639 1604 sed

109 1639 262 1678 tamen
288 1631 364 1677 hic
386 1632 532 1677 multo
558 1630 714 1692 plures
740 1630 978 1691 multoque
1007 1631 1201 1676 maiores
1237 1630 1365 1676 video
1395 1629 1639 1676 difficulta-

114 1709 195 1748 tes.
245 1701 354 1748 Nam
390 1703 438 1747 in
472 1702 561 1748 illis
596 1701 891 1758 Heronianis,
929 1701 1015 1747 etsi
1050 1699 1196 1748 multo
1236 1700 1426 1751 obscura
1467 1706 1638 1757 essent,

114 1780 262 1819 tamen
298 1788 380 1820 sua
415 1775 578 1833 cuique
616 1771 796 1818 tabulae
840 1779 964 1819 aetas
1002 1771 1139 1818 tribui
1175 1778 1358 1833 poterat
1393 1778 1439 1817 et
1472 1785 1556 1832 per
1590 1784 1638 1816 se

112 1856 318 1904 quaeque
355 1843 483 1905 quasi
518 1848 686 1890 certam
721 1850 767 1889 et
801 1842 1030 1889 definitam
1064 1856 1380 1888 mensurarum
1415 1843 1639 1888 rationem

112 1914 375 1960 exhibebat:
419 1920 464 1960 at
501 1913 547 1959 in
584 1914 653 1959 his
691 1913 858 1959 tabulis
893 1914 1057 1960 mirum
1093 1919 1309 1974 quantum
1353 1912 1448 1958 fere
1490 1912 1638 1958 omnia

111 1985 300 2032 confusa
338 1992 444 2030 sunt
479 1992 524 2030 et
552 1983 831 2045 perturbata.
890 1985 1055 2030 Verum
1099 1993 1245 2030 tamen
1281 1997 1383 2029 cum
1421 1983 1639 2043 pleraque

112 2069 227 2116 quae
255 2058 300 2101 in
327 2053 383 2102 iis
415 2055 655 2101 traduntur
683 2069 817 2115 quam
853 2055 1034 2101 maximi
1060 2057 1151 2101 sint
1186 2055 1429 2111 momenti,
1467 2067 1641 2099 summa

112 2140 199 2186 ope
226 2127 484 2173 enitendum
511 2126 705 2185 videtur,
736 2133 803 2184 ut,
831 2132 1049 2186 quantum
1073 2125 1171 2171 fieri
1196 2126 1363 2186 possit,
1392 2125 1543 2171 omnia
1569 2138 1642 2169 ex-

110 2195 338 2258 plicentur
373 2205 418 2243 et
454 2196 759 2243 illustrentur.
809 2195 904 2252 Qua
933 2198 979 2242 in
1004 2210 1053 2242 re
1087 2196 1272 2242 eandem
1308 2196 1405 2242 fere
1439 2195 1554 2242 viam
1591 2208 1643 2240 ac

113 2387 174 2439 11,
205 2386 379 2427 Indicis
410 2402 454 2441 p.
487 2390 559 2441 24)
591 2390 713 2431 inter
745 2394 956 2432 auctores
988 2389 1193 2431 Graecos
1223 2389 1442 2439 ineditos,
1477 2387 1640 2439 quibus

114 2455 162 2483 se
184 2455 314 2483 usum
338 2456 439 2484 esse
469 2445 606 2498 dicit,
640 2445 774 2487 affert
792 2447 1119 2487 Adamantinum
1142 2445 1304 2498 (voluit
1323 2442 1638 2494 Adamantium)

113 2500 166 2540 de
191 2500 456 2552 ponderibus
487 2507 528 2542 et
557 2504 781 2551 mensuris,
812 2505 991 2543 maxime
1021 2504 1294 2547 medicorum,
1327 2514 1386 2542 eae
1414 2501 1509 2542 eod.
1532 2499 1636 2552 Rey.

112 2558 238 2596 2690.
298 2556 413 2597 Vide
447 2560 588 2598 etiam
618 2559 890 2599 Labbaeum
920 2560 967 2599 in
987 2558 1109 2601 Bibl.
1132 2570 1253 2599 nova
1272 2556 1402 2600 MSS.
1425 2556 1485 2609 (a.
1511 2554 1638 2608 1653)

111 2625 155 2666 p.
190 2614 290 2654 123:
331 2613 601 2666 Adamantii,
642 2614 868 2667 Africani,
902 2615 1175 2669 xDio.‹›·eorz‘di.‹›·
1205 2614 1366 2655 Soram·
1393 2620 1437 2654 et
1464 2615 1640 2654 aliorum

113 2669 171 2709 de.
193 2670 456 2722 ponderibus
486 2676 529 2712 et
558 2673 764 2712 mensuris
797 2684 855 2712 ex
885 2669 978 2713 cod.
1010 2671 1115 2724 Req.
1150 2673 1221 2712 36.
1253 2673 1358 2715 223.
1390 2671 1489 2711 299.
1523 2671 1640 2711 1305

113 2731 156 2766 et
184 2739 244 2767 ex
273 2728 382 2767 aliis.

225 2782 268 2835 8)
300 2783 456 2824 Refut.
489 2797 533 2850 p.
568 2785 645 2825 37:
686 2784 918 2837 Myrepsus
948 2785 1000 2825 de
1062 2783 1312 2826 onderibus:
1353 2775 1406 2823 τὸ
1445 2774 1639 2835 γράμμα

116 2831 212 2892 ἔχει
232 2833 407 2892 κέρατα
428 2832 467 2884 ς’
487 2833 594 2894 η’τοι
626 2836 902 2891 ξυλόκοκκα.
944 2835 968 2882 ὁ
990 2798 1156 2894 ὀέολὸς
1179 2836 1275 2893 ἔχει
1304 2833 1482 2892 κέρατα
1510 2835 1637 2890 τρία,

115 2907 233 2948 quae
266 2896 386 2949 apud
415 2909 499 2938 nos
528 2896 744 2950 leguntur
774 2897 822 2936 in
852 2896 1017 2951 fragm.
1049 2899 1119 2952 67,
1141 2899 1209 2940 31.
1233 2898 1302 2939 32.
1359 2895 1488 2937 Idem
1518 2895 1636 2935 cita-

114 2954 189 2992 tur
217 2953 267 2992 in
294 2951 415 2996 Plin.
445 2953 608 2995 Exere.
640 2967 684 3007 p.
716 2955 797 2995 327
819 2953 847 2995 b
869 2953 920 2994 B.
