1946 3220
324 126 393 181 28
860 139 1244 175 PROLEGOMENA
1270 139 1324 172 m

327 272 435 303 nere
460 270 704 317 possumus
729 261 928 299 nostram
965 250 1260 308 sententiam,
1298 264 1413 310 quae
1449 251 1535 296 etsi
1568 253 1847 310 argumentis

328 336 372 373 01
400 334 521 372 certa
549 326 723 371 ratione
751 339 773 368 a
799 318 932 367 hobis
955 335 1047 365 non
1073 318 1363 379 comprobata
1392 327 1488 378 031,
1520 326 1667 367 tamen
1694 335 1865 381 spera·>
1925 348 1930 351 -

327 411 426 442 mus
461 397 559 441 sore
598 402 646 439 ut
682 392 834 437 multis
872 388 1119 450 probabilis
1155 390 1370 435 videatur.
1422 390 1540 436 Haec
1571 397 1719 437 autem
1756 398 1848 453 sta-

332 467 522 511 tuimus:
567 478 589 508 a
620 462 771 508 cubito
809 462 934 519 regio
972 461 1047 519 qui
1084 466 1256 519 septem
1297 459 1548 520 palmorum
1585 461 1655 506 vel
1679 460 1848 506 duode-

332 537 512 593 triginta
539 533 786 590 digitorum
823 529 909 575 fuit
948 544 1105 575 omnes
1140 531 1332 575 maiores
1362 544 1596 576 mensuras
1622 531 1847 577 derivatas

329 617 453 659 0330,
493 602 570 648 sed
597 602 681 646 alia
717 601 893 645 ratione
930 602 973 645 in
1009 599 1129 659 agris
1160 600 1245 645 alia
1272 602 1317 645 in
1347 600 1585 646 itineribus
1611 599 1849 647 metiendis

327 687 435 718 usos
462 685 575 717 esse.
624 671 794 716 Etenim
826 683 1041 730 agrorum
1067 683 1302 715 mensuras
1329 671 1470 716 fuisse
1495 678 1674 717 constat

581 743 783 801 orgyiam
811 747 1027 800 quattuor
1057 740 1312 786 cubitorum
1329 775 1341 797 ,

579 826 719 857 amma
747 810 1041 870 quadraginta
1067 810 1168 856 cub.
1196 809 1263 855 vel
1290 811 1442 856 decem
1469 805 1790 870 orgyiarum4).

431 882 494 926 Ad
526 896 638 941 quae
667 896 773 925 num
798 881 1040 926 accesserit
1075 880 1265 925 stadium
1303 881 1738 940 quadringentorum
1771 895 1850 927 cu-

326 953 524 998 bitorum
549 951 617 997 vel
642 958 822 996 centum
848 951 1124 1011 orgyiarum,
1149 951 1194 995 in
1217 950 1363 996 medio
1390 950 1703 1011 relinquimus.
1740 950 1850 996 Nam

329 1022 413 1068 etsi
446 1036 737 1066 numerorum
765 1021 946 1066 ratione
978 1021 1162 1081 egregie
1194 1020 1305 1067 haec
1331 1023 1450 1066 inter
1482 1035 1530 1066 se
1569 1024 1849 1081 congruunt,

330 1092 566 1152 quoniam⁷
594 1099 643 1135 ut
670 1105 813 1136 amma
840 1091 992 1136 decem
1021 1091 1228 1151 orgyias,
1264 1091 1325 1136 ita
1357 1091 1550 1136 stadium
1576 1091 1730 1137 decem
1759 1105 1850 1148 am-

326 1169 443 1207 mata
471 1160 634 1213 efficit3
669 1167 814 1206 tamen
839 1175 922 1207 nec
942 1161 1051 1206 satis
1083 1168 1203 1207 certa
1235 1163 1332 1206 eius
1361 1161 1643 1221 reivestigia
1679 1167 1848 1218 extant,

326 1245 471 1290 neque
504 1231 710 1290 equidem
746 1232 1020 1291 persuadere
1057 1232 1164 1276 mihi
1206 1246 1391 1291 possum
1430 1231 1483 1276 ab
1522 1231 1614 1277 01111
1651 1245 1850 1291 unquam

327 1308 459 1358 gente
486 1301 752 1360 quadratum
779 1301 909 1347 stadii
935 1301 1118 1346 modum
1141 1302 1304 1347 factum
1327 1315 1426 1347 0330
1443 1326 1502 1334 -
1523 1315 1679 1347 01111103
1701 1309 1850 1347 11010111

327 1362 539 1431 agrorum
569 1385 803 1416 mensuras
832 1371 1072 1432 quadratas
1101 1386 1202 1417 esse
1228 1385 1413 1417 11000330
1441 1379 1525 1417 031.

431 1441 668 1486 Praeterea
694 1455 749 1486 ne
779 1442 1039 1487 omittamus
1069 1442 1200 1487 aliam
1229 1455 1363 1500 agros
1389 1441 1600 1487 metiendi
1629 1441 1852 1487 rationem

329 1510 434 1556 olim
460 1512 504 1555 in
530 1526 616 1556 usu
643 1511 810 1568 fuisse,
843 1526 930 1571 qua
959 1526 1050 1556 non
1077 1513 1260 1572 orgyia,
1293 1511 1381 1558 1100
1405 1518 1474 1557 031
1500 1511 1749 1572 quadrupla
1775 1526 1852 1557 cu-

326 1580 407 1625 biti
436 1594 671 1638 mensura⁷
713 1583 791 1627 sed
827 1583 923 1642 ipse
949 1581 1129 1627 cubitus
1162 1582 1344 1627 denaria
1380 1584 1554 1627 ratione
1583 1581 1853 1642 multiplica-

327 1657 467 1694 retur.
520 1650 627 1696 Nam
663 1653 726 1696 ita
756 1652 918 1697 factam
944 1665 1042 1696 esse
1068 1666 1246 1696 aruram
1274 1658 1567 1698 centenorum
1594 1652 1851 1697 cubitorum

325 1719 586 1766 Herodotus
610 1717 830 1782 scribit5).
883 1720 1003 1775 Quae
1031 1721 1119 1766 duo
1145 1722 1319 1767 diversa
1343 1735 1656 1767 mensurarum
1684 1735 1852 1781 genera

329 1789 493 1850 quibus
533 1790 598 1834 vel
639 1789 844 1836 locorum
890 1791 958 1835 vel
1002 1798 1256 1851 temporum
1301 1791 1636 1837 discriminibus
1682 1791 1853 1837 usitata

327 1859 523 1916 fuerint,
552 1859 747 1905 alienum
774 1868 844 1905 est
873 1861 926 1906 ab
954 1861 1040 1906 hoc
1065 1860 1167 1907 1000
1199 1857 1490 1920 inquirerefl).

433 1930 628 1988 Denique
663 1931 710 1974 in
742 1930 981 1975 itineribus
1015 1931 1251 1976 metiendis
1288 1945 1311 1976 a
1348 1931 1502 1977 cubito
1536 1931 1717 1976 ductam
1753 1943 1852 1977 esse

328 1997 598 2042 arbitramur
633 1999 811 2059 triplam
849 2000 944 2045 eius
977 2014 1258 2057 mensuram,
1306 1995 1496 2058 Ξύλον,
1544 2015 1634 2060 quo
1678 2006 1852 2046 tantum

329 2067 463 2126 spatii
499 2068 775 2127 significasse
813 2070 1020 2116 videntur
1047 2077 1261 2129 quantum
1298 2070 1475 2116 duobus
1503 2071 1718 2131 gradibus
1745 2084 1853 2116 con·

328 2135 491 2182 ficitur.
542 2138 659 2184 Haec
685 2139 784 2199 xyla
809 2142 854 2185 in
882 2141 1124 2186 itineribus
1150 2141 1341 2200 proinde
1367 2144 1503 2200 atque
1529 2141 1715 2186 Romani
1744 2154 1850 2186 suos

327 2220 488 2265 passus
526 2208 718 2254 miliario
746 2224 934 2257 numero
962 2210 1307 2271 computabant,
1346 2217 1566 2271 quaterna
1593 2218 1741 2255 autem
1769 2211 1850 2255 mi·

328 2275 386 2320 lia
414 2276 657 2322 schoenum
685 2279 957 2326 efficiebant.

439 2425 486 2476 4)
520 2427 847 2469 Gravissimum
889 2432 986 2470 eius
1025 2430 1092 2470 rei
1130 2429 1219 2469 hoc
1252 2433 1322 2470 est
1361 2430 1692 2478 testimonium,
1735 2429 1867 2482 quod'

329 2481 375 2519 in
414 2483 574 2523 tabula
603 2485 642 2524 V
674 2486 819 2525 omnis
859 2498 1068 2538 agrorum
1106 2497 1319 2526 mensura
1359 2486 1519 2538 orgyia
1559 2490 1605 2525 et
1643 2485 1851 2525 funiculo

330 2535 543 2576 denarum
574 2541 831 2591 orgyiarum
863 2540 961 2580 fieri
991 2541 1174 2581 dicitur.
1234 2542 1335 2581 Hoc
1368 2545 1519 2581 autem
1550 2538 1750 2591 εχοινίον
1781 2539 1851 2580 δε-

330 2588 580 2694 ξαίρργὲιὲἒν
629 2595 775 2647 ipsum
827 2598 1059 2648 antiquum
1100 2610 1249 2636 amma
1296 2610 1394 2636 esse
1448 2600 1654 2662 a'pparet.
1717 2595 1850 2636 Oonf.

327 2657 376 2683 m
401 2658 451 2684 ra
520 2661 585 2688 Μ1).
1510 2666 1531 2703 ’ί

444 2700 485 2749 5)
519 2703 556 2747 2,
593 2704 686 2742 168.
746 2706 860 2746 Vide
892 2707 1070 2747 Metrol.
1106 2721 1147 2759 p.
1181 2709 1277 2749 ⁶284.
1384 2707 1389 2711 ¹
1458 2718 1478 2737 ⁶

408 2810 416 2818 ·
444 2757 486 2803 6)
508 2757 597 2795 Hic
622 2762 807 2810 egregie
830 2762 949 2802 viam
974 2766 1155 2815 aperuit
1176 2763 1371 2815 Lepsius
1396 2765 1598 2802 extrema
1621 2775 1677 2802 ea
1698 2762 1849 2815 dispu-

331 2813 509 2849 tatione
534 2824 648 2862 quae
673 2815 936 2856 inscribitur
960 2819 1099 2859 Ueber
1120 2821 1212 2859 eine
1233 2820 1432 2870 Hieroyl.
1451 2819 1618 2858 Insclzr.
1643 2831 1708 2858 am
1734 2818 1850 2858 Tem—

327 2868 401 2916 pel
420 2878 497 2905 von
508 2866 625 2917 Edfn
646 2867 778 2918 (Abh.
792 2872 831 2909 (l.
845 2872 965 2914 Berl.
980 2874 1123 2915 Akad.
1142 2873 1404 2926 philosjzist.
1418 2874 1491 2914 Kl.
1507 2874 1616 2914 1855
1637 2875 1745 2927 p.69
1756 2873 1849 2924 ss.).

332 2919 461 2969 Quae
497 2934 580 2973 ego
613 2922 702 2962 alio
734 2923 834 2964 loco
869 2930 1130 2969 accuratius
1160 2941 1425 2982 persequar.
