1946 3220
12 390 48 490 ξ

14 352 72 441 ⁴²1}

13 474 58 571 3

13 648 23 671 r*

11 813 43 953 ἔ

10 996 35 1086 s

18 136 267 205 ‘.,[11›7]
521 153 646 189 ωσι
681 155 713 188 n
750 153 917 189 msa-o
957 120 1023 190 12:31·
1061 155 1252 204 pauno.
1363 148 1374 173 ³
1595 139 1659 192 77

196 285 206 295 ·
245 261 397 330 [144]
427 265 659 332 'Maximam
691 265 879 314 multam
914 267 1123 315 dixerunt
1149 270 1286 315 trium
1321 268 1493 316 milium
1521 277 1566 316 et
1597 272 1662 316 vi-

137 336 252 397 ginti
277 337 461 393 assium,
496 338 600 397 quia
631 351 721 384 non
756 336 920 384 licebat
955 339 1181 400 quondam
1208 339 1415 400 pluribus
1440 340 1551 386 XXX
1580 340 1660 386 bo-

134 406 221 452 bus
252 411 297 450 et
322 405 495 452 duabus
528 407 683 452 ovibus
713 421 968 468 quenquam
996 408 1207 467 multari,
1249 409 1659 471 aestimabaturque

135 475 219 522 bos
244 475 562 532 centussibus‚
590 478 685 523 ovis
713 478 992 524 decussihus.

242 580 423 649 [157³]
473 583 657 634 Milium
706 586 900 650 quidam
949 593 1123 651 putant
1174 589 1360 652 cepisse
1407 603 1586 638 nomen
1632 581 1715 639 a5

133 668 344 727 maxima
382 666 728 718 †nummorum
766 685 954 720 summa
995 685 1119 735 quae
1158 677 1231 720 est
1262 658 1417 721 mille.

242 748 422 817 [165³]
461 751 651 802 Nexum
679 758 765 810 est,
805 761 860 803 ut
885 755 950 803 ait
976 753 1142 804 Gallus
1166 754 1343 811 Aelius,
1386 756 1658 818 quodcum-

134 849 230 899 que
266 850 358 901 per
394 851 476 885 aes
515 843 561 885 et
598 835 775 886 libram
814 841 1018 899 geritur.

240 917 427 985 [Ibid.]
467 919 656 970 Nexum
706 936 788 971 aes
813 911 961 986 ‘apud
1013 921 1239 986 antiquos
1277 921 1531 973 dicebatur
1569 939 1656 989 pe-

134 1005 278 1052 cunia
316 1018 440 1067 quae
478 1018 567 1067 per
606 1018 785 1053 nexum
826 1004 1086 1069 obligatur.
1690 1018 1742 1058 10

240 1084 423 1153 [1731‘]
463 1087 774 1138 Nonuncium
813 1094 862 1137 et
895 1089 1218 1138 sescunciam
1257 1089 1396 1155 quod
1418 1089 1659 1156 maqistri

31 1174 42 1214 Ᾱ
130 1169 230 1220 ludi
275 1170 522 1236 appellant
559 1172 813 1236 significat
849 1172 1156 1222 dodrantem
1192 1177 1242 1223 et
1279 1172 1545 1223 dimidium
1585 1180 1654 1224 te-

39 1315 42 1318 Δ
130 1256 386 1313 runcium‚
426 1256 558 1320 quod
597 1256 787 1321 singula
826 1257 1091 1307 sescuncia
1127 1257 1285 1307 uncia
1315 1262 1365 1306 et
1389 1256 1655 1308 dimidium

129 1339 206 1388 sit.

238 1407 388 1475 [172]
418 1413 702 1473 Nonuncium
741 1421 786 1459 et
828 1416 1078 1459 teruncium
1114 1414 1304 1473 dicitur,
1343 1414 1465 1474 quod
1495 1428 1654 1460 novem
1688 1421 1741 1461 15

128 1483 362 1529 unciarum
389 1483 448 1528 sit
475 1483 567 1528 sive
596 1484 744 1529 trium.

238 1561 421 1630 [173b]
461 1563 732 1614 Nummum
779 1579 844 1613 em
883 1563 1086 1614 Graeco
1133 1563 1436 1614 nomismate
1485 1565 1655 1614 existi-

38 1672 44 1694 :
128 1653 265 1696 mant
301 1647 520 1714 uictum,
579 1648 812 1713 idemque
856 1647 1009 1697 nobis
1063 1647 1203 1713 quod
1247 1648 1504 1714 νοῦμμον
1549 1647 1657 1696 illis

33 1774 45 1780 ,γ
128 1729 316 1789 valere,
357 1733 467 1796 quia
501 1731 759 1795 pecuniae
794 1732 1006 1781 nomina
1046 1746 1079 1780 a
1107 1730 1299 1780 Siculis
1331 1732 1652 1796 accepimu3‚

34 1866 47 1876 ,,
133 1829 350 1880 quorum
387 1815 481 1864 hoc
518 1817 774 1880 proprium
817 1822 917 1866 est..
1685 1821 1740 1860 20

238 1897 389 1965 [172]
420 1903 635 1948 Nummus
663 1917 715 1948 ex
741 1903 908 1948 Graeco
936 1901 1204 1948 nomismate
1231 1901 1413 1948 dicitur.

237 1980 422 2049 [20210]
464 1982 643 2033 Ovibus
682 1982 872 2032 duabus
910 1982 1243 2033 multabantur
1269 1981 1399 2046 apud
1426 1983 1653 2046 antiquos

8 2091 41 2107 ·-
127 2067 180 2116 in
207 2067 501 2116 minoribus
548 2066 763 2127 delictiS,
811 2068 963 2116 utin
1001 2065 1269 2116 maioribus
1309 2065 1439 2115 XXX
1476 2065 1650 2121 bobus,

7 2131 47 2181 ⁴³?
128 2165 221 2200 nec
257 2151 391 2201 hunc
429 2150 554 2200 ultra
592 2166 854 2201 numerum
894 2149 1161 2200 excedebat
1185 2147 1428 2205 multatim
1477 2149 1651 2214 quoad,

39 2240 50 2283 ὲ
128 2242 448 2300 posteaquam
505 2250 619 2286 aere
667 2235 853 2300 signato
899 2236 969 2285 uti
1016 2235 1181 2284 civitas
1229 2235 1389 2297 coepit
1447 2249 1652 2298 pecora·
1685 2237 1739 2277 25

43 2320 46 2325 ⁴
131 2334 229 2384 que
274 2317 539 2369 multaticia
587 2321 774 2369 incuria
816 2304 1285 2383 corrumpebantur,
1336 2316 1467 2366 unde
1506 2318 1651 2366 etiam

37 2390 55 2463 J
112 2387 383 2467 'peculatus
429 2405 618 2454 crimen
656 2404 886 2467 usurpari
923 2409 1154 2467 coeptum
1194 2408 1300 2470 est&
1342 2401 1468 2450 facta
1508 2401 1664 2452 aesti·.

196 2604 197 2607 ¹
239 2586 280 2625 6.
314 2587 375 2626 ‘in
404 2587 499 2627 cod.
520 2586 685 2626 videtur
706 2598 798 2626 esse
820 2587 1118 2624 nummatum’
1143 2582 1244 2623 Mne
1362 2582 1429 2625 13.
1461 2594 1648 2624 sescun-

8 2647 12 2673 ⁷
53 2673 59 2679 ·
127 2655 202 2695 cia.
232 2655 357 2713 Mue,
390 2667 473 2696 sex
504 2685 515 2697 .
549 2687 558 2697 .
591 2688 602 2697 .
634 2656 727 2695 cod.
863 2656 928 2697 15.
960 2654 1267 2694 Nonunctium
1301 2656 1345 2693 et
1375 2654 1649 2694 tet-unctium

129 2723 168 2765 G
281 2726 346 2767 16.
376 2725 590 2766 unctiarfi
625 2724 660 2765 G
803 2725 871 2766 21.
906 2736 1042 2777 greco
1077 2723 1111 2764 G
1234 2724 1303 2763 22.
1335 2721 1510 2764 duobus
1539 2725 1647 2766 coni.

8 2807 9 2810 ¹
127 2791 214 2834 Sca
242 2797 336 2838 coll.
367 2796 502 2836 Paulo
533 2810 569 2836 v.
602 2809 715 2836 ovem
756 2794 814 2847 (p.
851 2793 931 2834 195
962 2793 1108 2844 Mue),·
1150 2798 1193 2833 at
1232 2792 1346 2843 conf.
1377 2792 1496 2843 infra
1523 2807 1649 2846 pecu-

24 2874 43 2895 ’-
127 2863 236 2905 latus
407 2867 476 2908 23.
508 2866 636 2906 XXX
665 2864 808 2905 bobus
839 2876 952 2905 corr.
984 2863 1109 2914 Mne,
1146 2863 1263 2904 amb.
1296 2864 1391 2908 cod.
1425 2869 1530 2904 teste
1565 2864 1649 2904 Urs

43 2975 45 2977 ,
126 2933 196 2974 24.
232 2934 381 2987 quoad
410 2938 587 2976 correoei
616 2947 682 2975 eae‘
705 2933 824 2986 quod
