1946 3220
29 40 82 70 ...ᾖ

30 228 43 249 θ

1 2070 12 2091 ⁰¹
0 2005 15 2058 ’ὓ
0 1963 17 1986 '¹‘
0 1938 13 1945 Γ
0 1819 18 1928 ’ᾼ1-’,μ-Ᾰ
4 1775 11 1803 ν.
3 1682 27 1762 *Kx*
6 1660 12 1672 e
10 1628 19 1648 .,
6 1575 25 1618 7-'2
10 1532 21 1562 ,ῃ
8 1515 13 1521 f
8 1434 18 1454 3„
9 1366 23 1386 ''.
15 1316 18 1324 -

0 2515 11 2562 nt
0 2299 18 2507 §ma-figant„-
0 2257 12 2291 x«,-
0 2201 14 2245 -ιι,
0 2167 11 2187 A·
0 2112 14 2158 r-,15
6 2099 10 2103 .

0 2726 10 2740 ι
0 2703 9 2716 ·.
0 2613 11 2695 «ι’-ι’.-
0 2578 13 2606 *n

583 150 914 185 SORIP'I'ORES
943 149 1203 186 GRAECOS.
1548 134 1648 188 153

124 265 244 311 mina
269 265 343 311 hie
375 262 564 324 afferre,
593 277 709 324 quae
736 264 854 325 apud
880 265 1029 326 ipsum
1057 262 1288 311 Pollucem
1311 262 1402 324 legi
1426 272 1647 325 possunt3

125 336 212 382 hoc
255 341 402 381 tamen
450 335 889 381 commemorandum
938 335 1143 394 videtur,
1205 334 1429 382 laudabile
1474 336 1647 395 ingenii

23 414 43 469 ς,
123 418 311 452 acumen
340 403 569 451 Pollucem
595 406 643 450 in
670 418 723 450 eo
752 404 1040 464 adhibuisse,
1072 405 1219 466 quod,
1260 407 1299 451 si
1327 405 1435 466 quid
1465 405 1647 465 lateret,

21 472 44 530 ξ
123 475 169 520 id
204 476 595 536 interpretationis
639 482 736 521 arte
773 489 826 520 ex
862 475 975 522 locis
1019 477 1297 536 scriptorum
1334 476 1533 523 eliceret.
1590 476 1648 523 Ut

20 535 67 587 ἓ*
125 544 343 592 talentum
382 547 479 592 auri
516 546 643 592 denis
686 544 782 592 fere
819 547 996 606 argenti
1027 546 1208 592 talentis
1235 546 1519 593 aestimatum
1546 561 1648 593 esse

123 617 306 676 egregie
333 629 385 661 ex
408 615 637 662 Menandri
667 616 845 662 duobus
872 615 987 663 locis
1018 618 1139 662 inter
1164 630 1212 662 se
1242 618 1515 678 comparatis
1543 617 1648 663 effe·

123 688 209 743 cit,
248 685 550 747 similiterque
586 687 640 733 de
679 685 803 733 oboli
835 687 1041 748 partibus
1078 688 1340 733 acutissime
1374 688 1649 734 testimoniis

123 757 402 803 comicorum
428 771 540 803 usus
567 764 652 803 est.

225 827 315 873 Iam
341 840 412 872 me
437 834 651 874 converto
679 827 732 873 ad
758 827 952 873 alterum
980 834 1217 874 auctorum
1251 841 1422 887 genus,
1451 827 1572 887 quod
1597 834 1650 872 ut

120 910 310 943 numero
332 897 520 943 inferius
540 904 629 957 est,
645 898 707 943 ita
727 899 948 958 gravitate
967 897 1104 957 longe
1123 903 1339 958 praestat.
1369 897 1530 943 Mirum
1552 897 1647 943 for-

121 969 238 1014 sitan
254 968 460 1015 videatur
482 968 605 1028 quod
624 969 696 1014 hic
714 968 918 1013 dicturus
937 982 1033 1014 sum
1050 984 1062 1024 ;
1091 968 1168 1014 sed
1186 974 1335 1014 tamen
1351 966 1491 1013 firmis
1513 981 1648 1027 argu—

119 1038 285 1084 mentis
311 1039 357 1084 id
382 1045 539 1098 potest
564 1038 773 1084 stabiliri.
834 1038 1016 1086 Duobus
1042 1038 1356 1085 tantummodo
1383 1038 1650 1085 auctoribus

120 1122 173 1155 ex
212 1122 370 1155 eorum
405 1122 595 1155 numero
629 1111 707 1170 qui
734 1123 787 1155 ex
814 1109 1056 1170 professo,
1091 1115 1145 1155 ut
1176 1109 1329 1167 aiunt,
1361 1109 1416 1155 de
1452 1109 1650 1154 numinis

120 1180 405 1240 scripserunt
437 1193 549 1226 usus
575 1186 646 1225 est
669 1178 855 1238 Pollux,
892 1180 1141 1226 Aristotele
1178 1186 1315 1241 atque
1352 1179 1497 1226 altero
1535 1193 1647 1240 quo·

121 1249 221 1295 dam
247 1251 408 1309 ignoto
435 1263 520 1296 nec
547 1256 696 1295 tamen
723 1250 993 1311 spernendo.

225 1319 423 1366 Plurima
452 1320 506 1365 de
530 1322 755 1367 mensuris
782 1327 827 1366 et
860 1322 1056 1367 nummis
1085 1320 1268 1366 tradidit
1295 1320 1569 1367 Aristoteles
1602 1321 1648 1365 in

121 1388 399 1450 amplissimo
446 1390 527 1436 illo
572 1404 711 1451 opere
756 1405 845 1451 quo
889 1392 1036 1437 varias
1084 1386 1353 1439 πολιτεία(
1399 1391 1648 1438 civitatium

120 1465 300 1506 centum
329 1461 658 1521 quinquaginta
688 1468 791 1507 octo
820 1458 1125 1522 descripsit2).
1160 1460 1334 1515 Quibus
1360 1461 1488 1507 libris
1515 1461 1649 1507 amis-

120 1530 183 1576 sis
205 1537 373 1591 quanta
398 1531 571 1577 iactura
592 1531 710 1577 facta
730 1532 807 1591 sit,
822 1531 892 1578 vel
914 1545 967 1578 ex
988 1545 1143 1578 eorum
1160 1531 1521 1591 fragmentorum
1539 1545 1652 1591 pau-

100 1594 257 1647 ‘citate
292 1615 407 1661 quae
444 1607 621 1648 servata
646 1608 752 1648 sunt
781 1602 1073 1663 perspicitur.
1129 1603 1194 1648 Ac
1219 1602 1273 1648 de
1297 1603 1523 1648 mensuris
1550 1602 1652 1662 qui-

120 1671 220 1716 dem
250 1670 411 1717 Pollux
437 1685 539 1718 eum
566 1672 675 1719 dicit
710 1671 951 1733 scripsisse
981 1673 1027 1718 in
1053 1671 1183 1718 libris
1210 1672 1265 1718 de
1291 1672 1428 1718 rebus
1454 1671 1651 1733 puhlicis

118 1742 390 1801 Argivorum
417 1748 462 1787 et
486 1738 954 1802 Orchomeniorum³)‚
984 1743 1038 1788 de
1058 1743 1253 1789 nummis
1279 1749 1427 1788 autem
1453 1743 1500 1788 in
1519 1742 1650 1788 libris

118 1813 554 1872 Agrigentinorum,
597 1812 952 1871 Himerensium,
999 1813 1375 1871 Tarentinorum,
1415 1812 1652 1873 Sicyonio·

119 1877 284 1941 run14).
341 1881 464 1928 Unde
491 1898 623 1944 quam
660 1885 849 1929 maxime
878 1884 973 1928 veri
1010 1883 1158 1929 simile
1184 1883 1361 1929 videtur
1390 1882 1542 1929 locum
1570 1883 1649 1943 qui

121 1958 190 1998 est
225 1952 280 1998 de
304 1952 628 2013 Cyrenensium
663 1955 858 1999 nummis
885 1952 956 2013 (9,
982 1953 1054 2012 62)
1090 1953 1283 2014 petitum
1310 1967 1410 2000 esse
1435 1967 1460 2000 e
1484 1949 1648 2014 Κυρη-

122 2116 315 2224 (9315),
367 2118 700 2160 demonstravit
747 2119 1012 2160 Boeckhius
1044 2118 1295 2171 (Archaeol.
1329 2119 1507 2173 Zeituny
1540 2119 1649 2159 1847

233 2229 278 2283 2)
309 2230 364 2271 In
385 2243 573 2272 numero
596 2230 853 2272 definiendo
877 2235 1062 2272 secutus
1084 2231 1489 2273 sumValentinum
1509 2231 1649 2283 Rose,

121 2287 197 2339 qui
226 2299 372 2340 nuper
409 2288 457 2327 in
495 2287 744 2328 Aristotele
784 2300 865 2329 suo
903 2288 1308 2342 Pseudepigrapho
1341 2288 1487 2341 (Lips.
1519 2286 1648 2337 1863)

118 2355 164 2394 p.
195 2343 279 2384 393
309 2355 369 2384 ss.
403 2343 457 2384 de
489 2343 570 2384 illo
599 2343 864 2384 Aristotelis
897 2357 1036 2397 opere
1070 2344 1387 2398 copiosissime
1421 2343 1648 2396 exposuit.

118 2398 289 2438 Verum
319 2399 359 2439 is
390 2400 489 2452 ipse
520 2396 758 2441 πολιτείας
781 2401 840 2440 ab
861 2400 1112 2442 Aristotele
1143 2403 1341 2453 scriptas
1373 2411 1474 2440 esse
1505 2403 1649 2452 negat

122 2458 169 2495 et
200 2454 283 2495 alii
315 2455 497 2496 cuidam
526 2457 865 2509 Peripatetico,
900 2458 978 2509 qui
1007 2457 1256 2497 historicus
1286 2456 1439 2509 potius
1473 2459 1519 2495 et
1548 2455 1649 2507 phi·

118 2509 297 2564 Iologus
327 2511 470 2552 fuerit
501 2524 635 2564 quam
665 2511 976 2566 philosophus,
1008 2512 1277 2553 tribuendas
1310 2523 1411 2552 esse
1442 2511 1648 2564 suspica-

118 2570 215 2620 tur,
254 2567 415 2620 quales
455 2568 629 2608 fuerint
663 2569 930 2609 Demetrius
967 2568 1220 2609 Phalereus
1253 2571 1300 2608 et
1329 2566 1649 2608 Dicaearchus

122 2635 366 2677 eorumque
405 2623 594 2665 similes.
655 2623 787 2674 Quod
824 2629 1070 2678 propterea
1108 2624 1185 2665 hic
1231 2637 1552 2676 commemoro,
1590 2636 1649 2664 ne

122 2680 222 2732 quis
267 2693 340 2721 me
389 2681 438 2721 id
482 2680 658 2734 fugisse
711 2680 925 2728 obiiciat;
986 2681 1204 2722 assentiri
1254 2684 1409 2722 autem
1458 2681 1647 2720 minime

121 2747 322 2789 possum.

235 2793 279 2842 3)
311 2792 364 2835 V.
394 2792 515 2834 Poll.
547 2794 613 2844 10,
650 2794 744 2834 179.
781 2794 876 2835 165.

233 2846 281 2900 4)
313 2849 442 2889 Idem
471 2850 521 2902 4,
546 2850 639 2892 174.
673 2851 714 2901 9,
736 2849 805 2890 80.
837 2851 878 2899 9,
902 2851 972 2890 77.
1002 2871 1057 2878 --
1085 2849 1215 2890 Addo
1245 2849 1332 2890 hoe
1363 2849 1465 2890 loeo
1496 2848 1647 2889 Roseo

121 2908 248 2945 reete
279 2905 428 2946 videri
447 2905 683 2946 Pollucem
712 2905 830 2946 haec
864 2918 887 2945 e
917 2905 1105 2958 Didymi
1133 2905 1303 2957 lexico,
1338 2918 1428 2946 non
1461 2918 1515 2946 ex
1546 2905 1647 2957 ipso

120 2960 401 3002 Aristoteleo
434 2974 572 3015 opere
604 2961 877 3015 repetivisse
911 2959 974 3014 (p.
1003 2964 1086 3004 400
1117 2960 1194 3013 5.).
