1946 3220
300 150 402 204 162
818 163 1203 199 PROLEGOMENA
1231 163 1287 197 m

298 283 362 328 tio
397 294 485 342 quo
510 280 714 325 Christus
749 276 955 322 venditus
991 274 1051 320 sit
1087 275 1238 336 aliquo
1269 274 1371 321 loco
1401 276 1640 336 scripsisse
1667 277 1821 323 existi-

298 365 497 407 memus,
524 349 641 395 unde
669 349 754 392 hoc
777 347 909 391 breve
937 346 1242 405 fragmentum
1267 352 1531 407 excerptum
1558 347 1632 391 sit.

401 420 487 466 Res
512 425 661 464 autem
689 416 751 462 ibi
775 416 1018 461 traduntur
1041 416 1282 462 admodum
1306 417 1462 474 mirae,
1498 430 1610 477 quas
1635 430 1720 477 pro
1748 430 1821 463 ve-

299 493 362 537 ris
388 489 541 535 haberi
576 501 669 532 non
702 499 839 547 posse
881 487 1027 546 quivis
1066 488 1246 538 sentiat.
1297 487 1500 547 Apparet
1534 488 1651 532 enim
1686 486 1821 532 Maxi-

298 573 420 606 mum
449 558 494 603 id
520 559 685 617 egisse,
713 563 766 602 ut
790 557 940 616 pretio
966 570 1057 601 non
1090 557 1307 603 mediocri
1334 557 1563 602 Christum
1588 557 1822 617 proditum

298 643 396 675 esse
431 628 792 684 demonstraret,
829 628 982 686 itaque
1019 640 1238 671 summam
1275 628 1463 687 triginta
1501 629 1822 687 argenteorum

296 699 630 759 computavisse
657 697 711 742 ad
735 703 914 743 centum
942 695 1115 742 solidos
1136 696 1548 743 Constantinianus.
1598 697 1699 743 Iure
1723 696 1822 743 lau-

297 770 472 816 daveris
497 769 712 829 pietatem
740 767 960 824 hominis,
1001 781 1087 828 qua
1114 773 1350 827 permotus
1377 768 1614 813 Dominum
1642 781 1697 812 ne
1724 774 1820 812 tum

298 839 478 901 quidem
507 837 586 883 vili
611 838 758 898 pretio
787 839 1072 883 aestimatum
1102 851 1202 884 esse
1231 838 1500 895 crediderit,
1535 852 1636 883 cum
1668 852 1690 883 a
1715 837 1822 883 Iuda

295 909 506 970 proditus
544 914 638 964 est;
674 921 830 953 verum
870 909 966 967 ipsa
1005 909 1121 954 ratio
1158 909 1341 953 minime
1378 915 1498 954 stare
1538 915 1707 968 potest.
1759 907 1822 952 Ne

295 986 447 1025 tamen
473 979 558 1025 hae
583 979 637 1024 de
672 991 830 1024 caussa
854 978 1002 1024 omnia
1031 992 1144 1039 quae
1178 978 1253 1024 hic
1279 978 1496 1039 leguntur
1522 984 1691 1024 temere
1719 977 1823 1023 reii-

297 1051 415 1096 cias:
461 1050 598 1094 imino
634 1050 727 1094 veri
767 1048 914 1094 simile
950 1054 1019 1094 est
1055 1050 1102 1093 in
1139 1049 1207 1093 his
1243 1062 1533 1094 nummorum
1568 1047 1822 1094 rationibus

296 1119 517 1166 nonnulla
551 1118 693 1164 latere
737 1133 853 1179 quae
894 1119 948 1164 ad
984 1120 1127 1179 ipsam
1164 1125 1355 1164 aetatem
1387 1119 1675 1179 Byzantinam
1719 1131 1822 1179 spe·

297 1196 436 1236 ctent.

403 1260 523 1305 Idem
547 1258 724 1304 Maximi
757 1259 1061 1318 fragmentum
1097 1258 1329 1304 nonnullis
1367 1258 1481 1305 locis
1519 1258 1628 1305 citat
1654 1257 1823 1304 Salma-

296 1327 467 1389 sius²);
506 1329 686 1375 brevior
712 1335 860 1375 autem
889 1330 987 1375 eius
1013 1329 1159 1375 forma
1187 1329 1298 1375 latet
1325 1328 1412 1375 alio
1440 1329 1542 1375 loco
1572 1342 1706 1390 quem
1737 1342 1821 1374 nos

295 1401 343 1446 in
390 1401 524 1446 tertia
569 1399 841 1445 collectione
875 1399 1129 1460 ponderum
1165 1406 1211 1446 et
1246 1413 1562 1446 mensurarum
1600 1399 1820 1444 edidimus

294 1469 371 1529 (fr.
395 1474 479 1527 77Ἰ
498 1469 556 1528 8).

647 1607 708 1646 De
737 1607 868 1664 uariis
897 1607 1002 1646 loeis
1031 1620 1057 1646 a
1087 1605 1295 1648 salmasio
1327 1608 1482 1647 citatis.

167 1687 263 1739 101
403 1691 569 1738 Multos
605 1692 733 1739 locos
769 1693 932 1754 quibus
965 1693 1019 1739 de
1056 1695 1251 1739 nummis
1283 1696 1434 1754 agitur
1462 1695 1505 1738 in
1536 1695 1713 1738 tertiam
1741 1706 1822 1738 no-

295 1770 415 1810 strae
445 1763 731 1810 collectionis
770 1771 941 1823 partem
973 1766 1091 1810 inter
1128 1779 1364 1809 mensuras
1395 1771 1440 1810 et
1467 1764 1669 1824 pondera
1707 1764 1822 1809 reci-

294 1846 402 1895 pere
430 1835 583 1893 coegit
621 1848 704 1879 nos
730 1834 1033 1895 Epiphanius,
1073 1836 1150 1895 qui
1176 1836 1437 1895 promiscue
1465 1834 1518 1880 de
1543 1833 1821 1894 ponderibus

297 1919 347 1950 ac
374 1905 568 1950 nummis
598 1905 642 1949 in
666 1919 747 1949 suo
774 1903 931 1950 libello
959 1905 1228 1950 disseruerit
1255 1903 1302 1963 (S
1323 1907 1377 1948 87
1399 1903 1547 1963 extr.),
1574 1903 1821 1964 eademque

297 1974 351 2020 de
386 1989 544 2020 caussa
583 1976 732 2020 omnia
774 1989 1086 2035 quaecumque
1125 1974 1369 2023 Salmasius
1413 1989 1465 2020 ex
1498 1974 1820 2035 Epiphanianis

297 2044 449 2091 citavit
494 2059 632 2104 supra
667 2044 903 2090 attulimus
942 2044 988 2103 (S
1035 2046 1106 2089 88.
1141 2045 1230 2103 90).
1309 2044 1394 2090 Sed
1431 2051 1667 2105 praeterea
1704 2044 1822 2105 apud

297 2115 487 2160 eundem
516 2114 700 2175 plurimi
737 2115 822 2160 loci
852 2114 1070 2175 leguntur
1094 2116 1229 2160 variis
1261 2129 1284 2160 e
1314 2114 1444 2160 libris
1470 2129 1604 2160 manu
1638 2114 1819 2175 seriptis

296 2185 505 2246 repetiti,
541 2199 736 2245 quorum
771 2184 978 2231 nonnulli
1011 2185 1193 2245 cognati
1230 2191 1336 2231 sunt
1371 2199 1470 2231 cuin
1497 2185 1820 2246 Epiphanianis

302 2280 359 2288 —
386 2255 431 2301 id
463 2255 582 2316 quod
611 2256 759 2317 ipsum
789 2254 1057 2301 Salmasium
1083 2257 1265 2301 minime
1292 2251 1499 2318 fefellit3)
1528 2279 1594 2287 -
1622 2254 1697 2300 alii
1719 2255 1819 2301 aliis

409 2432 452 2483 2)
484 2434 674 2475 Initium
697 2434 947 2488 fragmenti
970 2435 1214 2487 exscripsit
1237 2438 1371 2487 atque
1393 2435 1726 2487 interpretatus
1750 2438 1821 2474 est

297 2489 345 2528 in
377 2488 506 2530 Conf.
570 2493 694 2532 .107
728 2495 774 2531 et
801 2491 957 2532 Refut.
989 2505 1032 2544 p.
1065 2493 1134 2532 33.
1197 2490 1327 2542 Quae
1369 2495 1520 2531 autem
1551 2490 1655 2531 Res.
1688 2503 1732 2543 p.
1764 2491 1819 2531 38

295 2542 367 2583 his
397 2504 566 2586 verbis}J
583 2546 738 2587 affert·
806 2548 938 2587 Vetus
981 2553 1131 2588 auctor
1168 2548 1221 2587 de
1262 2548 1438 2613 triyinca
1467 2547 1680 2610 ανῃεηίείε
1711 2558 1819 2599 quae

297 2598 431 2640 Iudas
462 2604 648 2662 accepit:
687 2596 955 2666 κοδράντης
995 2596 1092 2644 ἐστι
1128 2596 1180 2643 τὸ
1223 2598 1447 2654 τέταρτον
1483 2602 1567 2655 τῆς
1606 2594 1817 2666 οὖγκίας.

297 2649 354 2694 τὰ
386 2650 640 2719 τριάκοντα
671 2651 875 2727 ἀργύρια
906 2658 1124 2711 γίνονται
1155 2658 1423 2724 νομίσματα
1453 2652 1714 2721 τριακόσια.
1764 2652 1817 2698 τὸ

253 2738 255 2741 -
299 2704 388 2773 γὰρ
428 2704 654 2762 οἷργύριον
695 2711 789 2767 ἔχει
828 2713 1096 2769 νομίσματα
1137 2710 1279 2768 δέκα,
1319 2714 1481 2766 λίτρας
1520 2708 1576 2767 ὃ,
1618 2708 1818 2767 οὐγκίας

298 2759 423 2817 β’-
457 2778 511 2806 ea
542 2770 769 2811 nonnullis
809 2772 942 2812 rebus
977 2771 1230 2813 emendatis
1260 2772 1428 2824 petivit
1460 2784 1483 2811 e
1515 2771 1569 2812 fr.
1601 2773 1669 2822 77,
1705 2773 1742 2813 1.
1775 2772 1815 2812 5.

412 2834 454 2883 3)
486 2836 537 2875 V·
573 2836 703 2877 Conf
735 2853 778 2891 p.
811 2842 914 2880 102·
954 2843 1247 2896 Fraymentum
1276 2846 1392 2882 vetus
1421 2838 1531 2892 περὶ
1563 2837 1814 2893 σταθμῶνε

298 2887 581 2957 βαλλάντιον
620 2897 706 2935 etc.
740 2894 811 2945 (fr.
843 2899 918 2948 97,
950 2898 1017 2950 3),
1072 2912 1178 2952 quae
1214 2899 1283 2939 ille
1314 2897 1438 2938 habet
1466 2910 1524 2937 ex
1553 2896 1812 2950 Epiphanio,

299 2949 483 3000 quisquis
514 2955 663 2989 auctor
689 2951 929 3002 fvaymenti.
