1946 3220
282 130 346 184 16
797 137 1198 176 PROLEGOMENA
1222 137 1279 172 IN

279 263 496 322 inscripta
546 259 683 305 suerit
733 250 1020 312 Εἰεαγωγαὶ
1070 249 1179 301 τῶν
1236 246 1805 314 γεωμετρουμένωνέὶ).

279 333 477 392 Denique
503 331 557 377 de
582 327 918 376 introductione
951 326 996 369 in
1023 325 1410 380 stereometriam,
1441 338 1556 384 quae
1582 318 1808 380 Εἰεαγω-

280 399 366 461 γαὶ
400 399 510 451 τῶν
547 389 1100 459 ετερεομετρουμένων
1134 394 1423 452 inscribitur,
1463 394 1676 456 quoniam
1702 394 1809 440 alie-

281 488 388 520 num
418 479 487 519 est
513 471 566 518 ab
591 472 678 515 hoc
709 471 1005 528 argumentO,
1034 465 1310 526 supersedeo
1337 465 1486 512 dicere
1498 461 1562 526 ¹⁸).

506 607 695 647 Metrica
725 606 915 646 Heronis
942 605 1200 657 yeometriae
1227 609 1397 656 partem
1422 605 1574 655 fuisse.

199 703 261 753 10
389 697 476 741 lam
511 694 753 751 Martinus,
788 699 839 739 ut
877 706 1015 752 supra
1046 691 1263 749 vidimus,
1306 692 1390 738 hos
1427 705 1583 738 omnes
1617 690 1811 737 Heronis

282 768 424 814 libros
452 772 604 827 partes
632 765 772 811 fuisse
799 765 1056 824 suspicatus
1081 768 1150 808 est
1183 762 1612 824 uniusfamplissimi
1641 762 1811 823 operis,

284 838 405 900 quod
433 832 665 897 Μετρικὰ
703 836 969 895 inscriptum
1005 834 1144 879 fuisse
1181 841 1402 880 censeret.
1453 833 1618 879 Verum
1645 839 1810 891 tamen,

282 915 334 956 ut
361 909 446 955 iam
472 907 771 968 significatum
797 911 883 964 est,
909 905 1025 951 hanc
1046 906 1189 964 ipsam
1217 905 1562 966 inscriptionem
1585 904 1662 951 tali
1686 906 1813 965 operi

283 985 559 1041 praetextam
587 978 727 1023 fuisse
765 990 897 1038 quam
922 975 1111 1022 maxime
1138 983 1207 1022 est
1235 975 1516 1022 incredibile.
1569 976 1666 1022 Huc
1691 989 1814 1022 acce-

283 1051 374 1107 dit,
422 1050 541 1110 quod
583 1048 706 1094 nulla
755 1048 938 1093 omnino
981 1062 1115 1094 causa
1149 1061 1232 1093 nec
1267 1047 1459 1107 cogitari
1497 1061 1582 1093 nec
1617 1046 1815 1107 proponi

282 1134 420 1181 posse
443 1119 644 1176 videtur,
679 1119 796 1164 unde
827 1118 931 1163 illos
967 1119 1114 1164 varios
1141 1117 1284 1163 libros
1311 1118 1448 1163 unius
1476 1118 1628 1177 operis
1659 1124 1815 1178 partes

284 1191 426 1237 fuisse
461 1205 562 1236 cum
598 1190 747 1249 aliqua
781 1190 874 1234 veri
906 1191 1055 1248 specie
1090 1194 1290 1245 statuas3
1327 1189 1405 1248 qui
1441 1188 1621 1248 quidem
1647 1187 1815 1248 singuli

286 1262 441 1322 quidni
469 1260 709 1321 separatim
747 1260 856 1305 editi
884 1259 1054 1305 fuerint
1091 1259 1144 1305 ab
1170 1257 1377 1305 Herone?
1427 1259 1651 1319 Denique,
1694 1259 1816 1319 quod

286 1339 355 1378 est
390 1331 588 1377 omnium
628 1331 967 1391 gravissimum,
1007 1332 1044 1376 si
1077 1331 1205 1390 ipsos
1242 1331 1420 1376 codices
1457 1345 1592 1376 manu
1619 1332 1816 1390 scriptos

287 1403 578 1462 inspicimus,
618 1401 845 1462 expressis
879 1402 1113 1461 vestigiis,
1150 1402 1255 1461 quid
1294 1402 1347 1446 de
1382 1400 1583 1447 metricis
1625 1401 1815 1446 Heronis

286 1473 570 1519 iudicandum
605 1472 688 1530 sit,
727 1473 1061 1531 cognoscimus.
1110 1472 1218 1517 Nam
1253 1478 1425 1518 tantum
1452 1472 1603 1531 abest,
1643 1477 1695 1517 ut
1730 1473 1817 1518 hoc

286 1543 469 1589 nomine
513 1557 669 1588 omnes
709 1543 953 1589 Heroniani
997 1543 1102 1588 libri
1146 1543 1199 1589 de
1244 1543 1383 1589 rebus
1432 1543 1727 1589 arithmeticis
1773 1550 1834 1588 et>

288 1614 576 1675 geometricis
604 1614 762 1674 scripti
789 1614 1109 1674 comprehendi
1135 1616 1340 1674 possint,
1374 1620 1426 1660 ut
1451 1614 1565 1659 nihil
1596 1613 1683 1659 nisi
1711 1628 1817 1674 pars

289 1685 507 1746 quaedam
550 1686 648 1730 eius
698 1684 834 1743 libri,
883 1699 1014 1745 quem
1053 1681 1084 1731 Γ
1089 1680 1496 1745 εωμετρούμενα
1546 1685 1818 1745 inscriptum

285 1755 429 1801 fuisse
479 1769 615 1815 supra
661 1755 1096 1814 demonstravimus,
1143 1756 1329 1802 metrica
1376 1756 1518 1801 fuisse
1566 1756 1816 1802 videantur.

287 1825 402 1881 Quid
428 1828 570 1884 enim,
611 1840 806 1886 quaeso,
845 1822 1102 1886 Me'rpucdt,
1139 1826 1356 1873 Graecum
1381 1825 1651 1872 vocabulum
1679 1827 1819 1886 signi·

287 1895 390 1961 ficat
416 1897 503 1942 nisi
530 1897 780 1942 doctrinam
808 1898 1039 1954 metiendi,
1066 1897 1134 1941 vel
1161 1898 1320 1955 dicam,
1344 1904 1587 1958 praecepta
1615 1898 1669 1943 de
1694 1910 1820 1942 men-

377 2047 451 2101 12)
483 2049 537 2089 In
569 2048 728 2089 codice
759 2049 1017 2090 Parisiensi
1049 2050 1180 2098 1670,
1223 2049 1299 2102 qui
1339 2049 1506 2090 ceteris
1537 2049 1818 2090 Heronianis

294 2108 338 2145 et
367 2105 590 2146 vetustior
630 2109 700 2146 est
732 2109 777 2146 et
806 2105 1117 2159 praestantior
1147 2104 1353 2158 (Martin.
1386 2120 1429 2159 p.
1463 2106 1560 2157 120)
1600 2106 1719 2148 haee
1750 2107 1819 2146 in-

293 2162 480 2214 scriptio
529 2162 723 2215 legitur:
777 2161 916 2214 Ἀρχὴ
958 2161 1041 2203 cliv
1079 2163 1174 2215 θεῷ
1224 2163 1310 2214 τῆς
1348 2160 1659 2215 γεωμετρίαε;
1710 2163 1819 2203 hinc

294 2219 448 2258 statim
500 2217 648 2258 altera
692 2219 930 2272 inscriptio
971 2219 1178 2272 sequitur
1213 2216 1463 2260 Εὐκλείδου
1502 2219 1609 2271 περὶ
1646 2230 1821 2271 γεωμε-

292 2271 447 2327 τρίας,
478 2275 559 2315 ubi
587 2275 637 2314 in
669 2275 764 2316 cod.
799 2276 909 2317 2013
939 2273 1188 2316 Εὐκλείδου
1220 2276 1559 2329 interpunctum
1592 2280 1638 2316 et
1666 2275 1822 2328 ‘'i—ipw-

294 2341 375 2371 voc
407 2332 767 2385 suprascriptum
800 2336 883 2372 est.
944 2332 1109 2373 Paullo
1148 2336 1252 2386 post
1281 2333 1573 2385 reperiuntur
1601 2331 1821 2385 ςἨρωνο(

294 2384 410 2438 ἀρχὴ
443 2389 543 2428 τῶν
572 2386 1031 2440 γεωμετρουμὲνων,
1064 2392 1161 2433 tum
1190 2387 1408 2441 Ἣρωνοε
1441 2386 1689 2440 εἰεαγωγαὶ
1719 2391 1821 2430 τῶν

294 2442 737 2496 γεωμετρουμένων.
798 2445 927 2495 Quod
964 2459 1072 2486 vero
1103 2446 1151 2485 in
1181 2443 1271 2486 fine
1301 2445 1472 2499 legitur
1499 2444 1822 2498 Πεπλήρωται

295 2497 324 2548 ἡ
348 2501 447 2540 τῶν
479 2499 714 2542 ἐπιπέδων
736 2500 856 2542 κατὰ
877 2501 1055 2543 ἔκθεειν
1076 2501 1294 2554 Ἣρωνοε
1317 2500 1542 2555 μέτρηειε,
1565 2502 1652 2544 hoc
1673 2503 1822 2556 ipsum

298 2554 436 2594 etiam
468 2559 766 2608 geometriam
804 2557 1069 2612 significare
1108 2559 1239 2600 vides
1278 2559 1450 2600 collata
1489 2559 1608 2600 alius
1649 2559 1821 2600 codicis

299 2610 508 2650 clausula
535 2611 752 2663 Ἣρωνοε
781 2614 1073 2667 γεωμετρικὴ
1106 2613 1264 2656 εἴτουν
1286 2612 1504 2657 ἐπίπεδος
1535 2613 1747 2668 μέτρηειε
1766 2637 1823 2645 -

298 2664 387 2718 ἤδη
418 2665 739 2718 πεπλήρωται.
786 2672 859 2712 Ex
887 2672 959 2712 his
989 2673 1131 2726 igitur
1160 2673 1374 2726 vestigiis
1394 2673 1508 2714 satis
1529 2673 1823 2726 perspicuum

302 2726 371 2762 est
419 2722 507 2774 ipsi
556 2723 753 2766 Heronis
804 2729 931 2780 operi
973 2726 1368 2782 Γεωμετρούμενα
1412 2728 1505 2782 (vel
1545 2728 1572 2770 Γ
1576 2726 1821 2781 εωμετρία,

300 2778 381 2818 sed
412 2778 606 2818 alterum
643 2781 924 2832 probabilius
954 2784 1154 2838 videtur)
1193 2786 1462 2840 inscriptum
1501 2785 1643 2827 fuisse
1683 2789 1820 2839 atque

299 2834 408 2900 {lla}
437 2831 701 2900 Εἷίαγῳγὰε
731 2839 830 2878 τῶν
859 2839 1291 2894 γεωμετρουμένων
1327 2847 1507 2896 partem
1545 2843 1690 2884 fuisse
1723 2843 1822 2884 eius

300 2903 821 2998 ¹p⁵¹i¹zi⁵>⁰i3i³<is÷fflMartim
855 2964 899 3003 p.
932 2954 1167 3007 ive—18⁷,
1203 2960 1248 2998 et
1278 2969 1361 2998 nos
1391 2957 1514 2998 infra
1545 2957 1570 3007 {s}
1600 2958 1670 2998 38.
