<?xml version="1.0" encoding="UTF-8"?>
<!DOCTYPE html PUBLIC "-//W3C//DTD XHTML 1.0 Transitional//EN"
    "http://www.w3.org/TR/xhtml1/DTD/xhtml1-transitional.dtd">
<html xmlns="http://www.w3.org/1999/xhtml" xml:lang="en" lang="en">
 <head>
  <title>
</title>
<meta http-equiv="Content-Type" content="text/html;charset=utf-8" />
  <meta name='ocr-system' content='tesseract 3.04.00' />
  <meta name='ocr-capabilities' content='ocr_page ocr_carea ocr_par ocr_line ocrx_word'/>
</head>
<body>
  <div class='ocr_page' id='page_1' title='image "./metrologicorumsc01hultuoft_0117.png"; bbox 0 0 1946 3220; ppageno 0'>
   <div class='ocr_carea' id='block_1_1' title="bbox 564 112 1630 167">
    <p class='ocr_par' dir='ltr' id='par_1_1' title="bbox 564 112 1630 167">
     <span class='ocr_line' id='line_1_1' title="bbox 564 112 1630 167; baseline 0 -1"><span class='ocrx_word' id='word_1_1' title='bbox 564 129 883 167; x_wconf 63' lang='lat' dir='ltr'>semerom-:s</span> <span class='ocrx_word' id='word_1_2' title='bbox 909 129 1166 167; x_wconf 63' lang='lat' dir='ltr'>amcos.</span> <span class='ocrx_word' id='word_1_3' title='bbox 1562 112 1630 166; x_wconf 87' lang='grc'>89</span> 
     </span>
    </p>
   </div>
   <div class='ocr_carea' id='block_1_2' title="bbox 210 240 1713 377">
    <p class='ocr_par' dir='ltr' id='par_1_2' title="bbox 210 240 1713 377">
     <span class='ocr_line' id='line_1_2' title="bbox 387 240 1344 295; baseline -0.001 -12"><span class='ocrx_word' id='word_1_4' title='bbox 387 241 454 283; x_wconf 89' lang='lat' dir='ltr'>De</span> <span class='ocrx_word' id='word_1_5' title='bbox 479 240 743 295; x_wconf 77' lang='lat' dir='ltr'><strong><em>ponderibus</em></strong></span> <span class='ocrx_word' id='word_1_6' title='bbox 773 253 880 295; x_wconf 81' lang='lat' dir='ltr'>quae</span> <span class='ocrx_word' id='word_1_7' title='bbox 911 241 1061 283; x_wconf 81' lang='lat' dir='ltr'><strong><em>ibidem</em></strong></span> <span class='ocrx_word' id='word_1_8' title='bbox 1089 242 1344 295; x_wconf 78' lang='lat' dir='ltr'>afferuntur.</span> 
     </span>
     <span class='ocr_line' id='line_1_3' title="bbox 210 309 1713 377; baseline -0.004 -14"><span class='ocrx_word' id='word_1_9' title='bbox 210 315 364 377; x_wconf 83' lang='lat' dir='ltr'>Capite</span> <span class='ocrx_word' id='word_1_10' title='bbox 403 315 542 362; x_wconf 88' lang='lat' dir='ltr'>tertio</span> <span class='ocrx_word' id='word_1_11' title='bbox 575 314 630 360; x_wconf 85' lang='lat' dir='ltr'>de</span> <span class='ocrx_word' id='word_1_12' title='bbox 658 314 934 375; x_wconf 83' lang='lat' dir='ltr'><strong>ponderibus</strong></span> <span class='ocrx_word' id='word_1_13' title='bbox 969 315 1135 376; x_wconf 82' lang='lat' dir='ltr'>agitur.</span> <span class='ocrx_word' id='word_1_14' title='bbox 1187 315 1268 364; x_wconf 82' lang='lat' dir='ltr'>Hic</span> <span class='ocrx_word' id='word_1_15' title='bbox 1307 316 1628 376; x_wconf 89' lang='lat' dir='ltr'>praetermissa</span> <span class='ocrx_word' id='word_1_16' title='bbox 1655 309 1713 358; x_wconf 85' lang='lat'>51</span> 
     </span>
    </p>
   </div>
   <div class='ocr_carea' id='block_1_3' title="bbox 6 377 1627 450">
    <p class='ocr_par' dir='ltr' id='par_1_3' title="bbox 6 377 1627 450">
     <span class='ocr_line' id='line_1_4' title="bbox 6 377 1627 450; baseline 0 -17"><span class='ocrx_word' id='word_1_17' title='bbox 6 377 30 450; x_wconf 57' lang='lat' dir='ltr'>‘fg</span> <span class='ocrx_word' id='word_1_18' title='bbox 106 387 228 433; x_wconf 90' lang='lat' dir='ltr'>mina</span> <span class='ocrx_word' id='word_1_19' title='bbox 253 386 450 447; x_wconf 91' lang='lat' dir='ltr'>primum</span> <span class='ocrx_word' id='word_1_20' title='bbox 473 385 529 432; x_wconf 91' lang='lat' dir='ltr'>de</span> <span class='ocrx_word' id='word_1_21' title='bbox 556 384 710 431; x_wconf 89' lang='lat' dir='ltr'>libra</span> <span class='ocrx_word' id='word_1_22' title='bbox 737 384 926 446; x_wconf 87' lang='lat' dir='ltr'>eiusque</span> <span class='ocrx_word' id='word_1_23' title='bbox 949 385 1158 447; x_wconf 90' lang='lat' dir='ltr'>partibus</span> <span class='ocrx_word' id='word_1_24' title='bbox 1183 400 1467 448; x_wconf 82' lang='lat' dir='ltr'>quaeramus.</span> <span class='ocrx_word' id='word_1_25' title='bbox 1509 386 1627 433; x_wconf 90' lang='lat' dir='ltr'>Haec</span> 
     </span>
    </p>
   </div>
   <div class='ocr_carea' id='block_1_4' title="bbox 108 455 1629 518">
    <p class='ocr_par' dir='ltr' id='par_1_4' title="bbox 108 455 1629 518">
     <span class='ocr_line' id='line_1_5' title="bbox 108 455 1629 518; baseline 0 -15"><span class='ocrx_word' id='word_1_26' title='bbox 108 458 256 504; x_wconf 88' lang='lat' dir='ltr'>omnia</span> <span class='ocrx_word' id='word_1_27' title='bbox 279 456 466 518; x_wconf 83' lang='lat' dir='ltr'>proprie</span> <span class='ocrx_word' id='word_1_28' title='bbox 493 456 547 502; x_wconf 91' lang='lat' dir='ltr'>ad</span> <span class='ocrx_word' id='word_1_29' title='bbox 570 455 813 501; x_wconf 80' lang='lat' dir='ltr'>Romanam</span> <span class='ocrx_word' id='word_1_30' title='bbox 841 470 1045 503; x_wconf 89' lang='lat' dir='ltr'>normam</span> <span class='ocrx_word' id='word_1_31' title='bbox 1072 457 1297 518; x_wconf 87' lang='lat' dir='ltr'>descripta</span> <span class='ocrx_word' id='word_1_32' title='bbox 1324 463 1444 503; x_wconf 89' lang='lat' dir='ltr'>sunt.</span> <span class='ocrx_word' id='word_1_33' title='bbox 1494 456 1629 503; x_wconf 90' lang='lat' dir='ltr'>Libra</span> 
     </span>
    </p>
   </div>
   <div class='ocr_carea' id='block_1_5' title="bbox 105 521 1630 585">
    <p class='ocr_par' dir='ltr' id='par_1_5' title="bbox 3 521 1630 585">
     <span class='ocr_line' id='line_1_6' title="bbox 105 521 1630 585; baseline 0.001 -10.937"><span class='ocrx_word' id='word_1_34' title='bbox 105 527 260 574; x_wconf 87' lang='lat' dir='ltr'>uncias</span> <span class='ocrx_word' id='word_1_35' title='bbox 286 526 421 573; x_wconf 89' lang='lat' dir='ltr'>habet</span> <span class='ocrx_word' id='word_1_36' title='bbox 445 526 544 585; x_wconf 86' lang='grc' dir='ltr'>ΧΠ,</span> <span class='ocrx_word' id='word_1_37' title='bbox 571 528 703 572; x_wconf 91' lang='lat' dir='ltr'>uncia</span> <span class='ocrx_word' id='word_1_38' title='bbox 730 526 940 572; x_wconf 83' lang='lat' dir='ltr'>denarios</span> <span class='ocrx_word' id='word_1_39' title='bbox 967 529 1059 572; x_wconf 87' lang='lat' dir='ltr'>sive</span> <span class='ocrx_word' id='word_1_40' title='bbox 1085 527 1321 574; x_wconf 84' lang='lat' dir='ltr'>drachmas</span> <span class='ocrx_word' id='word_1_41' title='bbox 1349 529 1442 574; x_wconf 90' lang='lat' dir='ltr'>sive</span> <span class='ocrx_word' id='word_1_42' title='bbox 1469 521 1630 575; x_wconf 71' lang='grc' dir='ltr'>ὁλκάε</span> 
     </span>
    </p>
   </div>
   <div class='ocr_carea' id='block_1_6' title="bbox 102 592 1630 871">
    <p class='ocr_par' dir='ltr' id='par_1_6' title="bbox 102 592 1630 871">
     <span class='ocr_line' id='line_1_7' title="bbox 105 592 1628 659; baseline 0.001 -16"><span class='ocrx_word' id='word_1_43' title='bbox 105 598 212 655; x_wconf 80' lang='lat' dir='ltr'>vm,</span> <span class='ocrx_word' id='word_1_44' title='bbox 240 597 450 645; x_wconf 86' lang='lat' dir='ltr'>drachma</span> <span class='ocrx_word' id='word_1_45' title='bbox 477 592 751 657; x_wconf 85' lang='grc' dir='ltr'>γράμματα</span> <span class='ocrx_word' id='word_1_46' title='bbox 777 598 869 642; x_wconf 89' lang='lat' dir='ltr'>sive</span> <span class='ocrx_word' id='word_1_47' title='bbox 896 597 1095 658; x_wconf 86' lang='lat' dir='ltr'>scripula</span> <span class='ocrx_word' id='word_1_48' title='bbox 1120 599 1201 656; x_wconf 85' lang='grc' dir='ltr'>ΠΙ,</span> <span class='ocrx_word' id='word_1_49' title='bbox 1243 598 1492 659; x_wconf 85' lang='lat' dir='ltr'>scripulum</span> <span class='ocrx_word' id='word_1_50' title='bbox 1518 598 1628 644; x_wconf 88' lang='lat' dir='ltr'>obo-</span> 
     </span>
     <span class='ocr_line' id='line_1_8' title="bbox 103 667 1630 729; baseline 0.001 -16"><span class='ocrx_word' id='word_1_51' title='bbox 103 667 175 715; x_wconf 93' lang='lat' dir='ltr'>los</span> <span class='ocrx_word' id='word_1_52' title='bbox 199 668 251 714; x_wconf 90' lang='lat'>11.</span> <span class='ocrx_word' id='word_1_53' title='bbox 302 668 364 714; x_wconf 91' lang='lat' dir='ltr'>Ea</span> <span class='ocrx_word' id='word_1_54' title='bbox 396 667 485 714; x_wconf 85' lang='lat' dir='ltr'>fuit</span> <span class='ocrx_word' id='word_1_55' title='bbox 518 667 771 729; x_wconf 86' lang='lat' dir='ltr'>ponderum</span> <span class='ocrx_word' id='word_1_56' title='bbox 794 667 912 713; x_wconf 83' lang='lat' dir='ltr'>ratio</span> <span class='ocrx_word' id='word_1_57' title='bbox 940 668 1043 714; x_wconf 91' lang='lat' dir='ltr'>inde</span> <span class='ocrx_word' id='word_1_58' title='bbox 1070 682 1095 714; x_wconf 93' lang='lat' dir='ltr'>a</span> <span class='ocrx_word' id='word_1_59' title='bbox 1119 669 1313 715; x_wconf 86' lang='lat' dir='ltr'>Neronis</span> <span class='ocrx_word' id='word_1_60' title='bbox 1340 676 1516 728; x_wconf 81' lang='lat' dir='ltr'>aetate,</span> <span class='ocrx_word' id='word_1_61' title='bbox 1551 667 1630 714; x_wconf 90' lang='lat' dir='ltr'>ubi</span> 
     </span>
     <span class='ocr_line' id='line_1_9' title="bbox 103 734 1629 800; baseline 0.001 -16"><span class='ocrx_word' id='word_1_62' title='bbox 103 739 299 800; x_wconf 91' lang='lat' dir='ltr'>primum</span> <span class='ocrx_word' id='word_1_63' title='bbox 328 746 432 785; x_wconf 91' lang='lat' dir='ltr'>octo</span> <span class='ocrx_word' id='word_1_64' title='bbox 465 738 633 785; x_wconf 87' lang='lat' dir='ltr'>denarii</span> <span class='ocrx_word' id='word_1_65' title='bbox 659 751 712 783; x_wconf 80' lang='lat' dir='ltr'>ex</span> <span class='ocrx_word' id='word_1_66' title='bbox 743 739 875 784; x_wconf 86' lang='lat' dir='ltr'>uncia</span> <span class='ocrx_word' id='word_1_67' title='bbox 909 739 1017 785; x_wconf 81' lang='lat' dir='ltr'>facti</span> <span class='ocrx_word' id='word_1_68' title='bbox 1047 734 1217 799; x_wconf 86' lang='lat' dir='ltr'>sunt¹).</span> <span class='ocrx_word' id='word_1_69' title='bbox 1265 739 1333 784; x_wconf 91' lang='lat' dir='ltr'>Ad</span> <span class='ocrx_word' id='word_1_70' title='bbox 1367 739 1478 785; x_wconf 88' lang='lat' dir='ltr'>haec</span> <span class='ocrx_word' id='word_1_71' title='bbox 1503 752 1629 798; x_wconf 75' lang='lat' dir='ltr'>vero,</span> 
     </span>
     <span class='ocr_line' id='line_1_10' title="bbox 102 807 1630 871; baseline 0 -16"><span class='ocrx_word' id='word_1_72' title='bbox 102 816 349 871; x_wconf 85' lang='lat' dir='ltr'>postquam</span> <span class='ocrx_word' id='word_1_73' title='bbox 388 810 711 856; x_wconf 81' lang='lat' dir='ltr'>Constantinus</span> <span class='ocrx_word' id='word_1_74' title='bbox 746 807 994 869; x_wconf 88' lang='lat' dir='ltr'>imperator</span> <span class='ocrx_word' id='word_1_75' title='bbox 1031 815 1172 856; x_wconf 85' lang='lat' dir='ltr'>totam</span> <span class='ocrx_word' id='word_1_76' title='bbox 1204 824 1300 856; x_wconf 91' lang='lat' dir='ltr'>rem</span> <span class='ocrx_word' id='word_1_77' title='bbox 1334 810 1630 856; x_wconf 88' lang='lat' dir='ltr'>nummariam</span> 
     </span>
    </p>
   </div>
   <div class='ocr_carea' id='block_1_7' title="bbox 91 879 1630 938">
    <p class='ocr_par' dir='ltr' id='par_1_7' title="bbox 91 879 1630 938">
     <span class='ocr_line' id='line_1_11' title="bbox 91 879 1630 938; baseline -0.001 -12"><span class='ocrx_word' id='word_1_78' title='bbox 91 881 309 936; x_wconf 37' lang='lat' dir='ltr'>,restituit</span> <span class='ocrx_word' id='word_1_79' title='bbox 335 886 380 926; x_wconf 87' lang='lat' dir='ltr'>et</span> <span class='ocrx_word' id='word_1_80' title='bbox 411 880 465 926; x_wconf 87' lang='lat' dir='ltr'>ad</span> <span class='ocrx_word' id='word_1_81' title='bbox 491 880 588 926; x_wconf 91' lang='lat' dir='ltr'>auri</span> <span class='ocrx_word' id='word_1_82' title='bbox 613 879 774 925; x_wconf 90' lang='lat' dir='ltr'>libram</span> <span class='ocrx_word' id='word_1_83' title='bbox 801 893 958 925; x_wconf 89' lang='lat' dir='ltr'>omnes</span> <span class='ocrx_word' id='word_1_84' title='bbox 984 880 1186 927; x_wconf 87' lang='lat' dir='ltr'>rationes</span> <span class='ocrx_word' id='word_1_85' title='bbox 1213 881 1456 938; x_wconf 75' lang='lat' dir='ltr'>revocavit,</span> <span class='ocrx_word' id='word_1_86' title='bbox 1483 893 1630 926; x_wconf 88' lang='lat' dir='ltr'>acces-</span> 
     </span>
    </p>
   </div>
   <div class='ocr_carea' id='block_1_8' title="bbox 104 945 1630 1084">
    <p class='ocr_par' dir='ltr' id='par_1_8' title="bbox 104 945 1630 1084">
     <span class='ocr_line' id='line_1_12' title="bbox 105 945 1629 1013; baseline -0.001 -17"><span class='ocrx_word' id='word_1_87' title='bbox 105 951 166 997; x_wconf 89' lang='lat' dir='ltr'>sit</span> <span class='ocrx_word' id='word_1_88' title='bbox 198 945 441 1010; x_wconf 84' lang='grc' dir='ltr'>κεράτιον</span> <span class='ocrx_word' id='word_1_89' title='bbox 477 952 569 997; x_wconf 81' lang='lat' dir='ltr'>sive</span> <span class='ocrx_word' id='word_1_90' title='bbox 616 950 805 1010; x_wconf 78' lang='lat' dir='ltr'>siliqua,</span> <span class='ocrx_word' id='word_1_91' title='bbox 852 950 971 1010; x_wconf 86' lang='lat' dir='ltr'>quod</span> <span class='ocrx_word' id='word_1_92' title='bbox 1014 952 1202 1013; x_wconf 90' lang='lat' dir='ltr'>proprie</span> <span class='ocrx_word' id='word_1_93' title='bbox 1247 952 1424 997; x_wconf 84' lang='lat' dir='ltr'>fructus</span> <span class='ocrx_word' id='word_1_94' title='bbox 1466 964 1629 996; x_wconf 89' lang='lat' dir='ltr'>nomen</span> 
     </span>
     <span class='ocr_line' id='line_1_13' title="bbox 104 1017 1630 1084; baseline -0.001 -17"><span class='ocrx_word' id='word_1_95' title='bbox 104 1017 256 1084; x_wconf 80' lang='lat' dir='ltr'>suit²)‚</span> <span class='ocrx_word' id='word_1_96' title='bbox 283 1021 360 1066; x_wconf 88' lang='lat' dir='ltr'>sed</span> <span class='ocrx_word' id='word_1_97' title='bbox 388 1029 481 1067; x_wconf 90' lang='lat' dir='ltr'>tum</span> <span class='ocrx_word' id='word_1_98' title='bbox 507 1027 678 1067; x_wconf 85' lang='lat' dir='ltr'>sextam</span> <span class='ocrx_word' id='word_1_99' title='bbox 705 1020 893 1081; x_wconf 83' lang='lat' dir='ltr'>scripuli</span> <span class='ocrx_word' id='word_1_100' title='bbox 918 1029 1110 1082; x_wconf 77' lang='lat' dir='ltr'>partem,</span> <span class='ocrx_word' id='word_1_101' title='bbox 1137 1022 1490 1068; x_wconf 88' lang='lat' dir='ltr'>minutissimum</span> <span class='ocrx_word' id='word_1_102' title='bbox 1517 1035 1630 1082; x_wconf 89' lang='lat' dir='ltr'>pon-</span> 
     </span>
    </p>
   </div>
   <div class='ocr_carea' id='block_1_9' title="bbox 78 1087 1629 1155">
    <p class='ocr_par' dir='ltr' id='par_1_9' title="bbox 78 1087 1629 1155">
     <span class='ocr_line' id='line_1_14' title="bbox 78 1087 1629 1155; baseline -0.001 -17"><span class='ocrx_word' id='word_1_103' title='bbox 78 1091 208 1155; x_wconf 42' lang='lat' dir='ltr'>&#39;duS,</span> <span class='ocrx_word' id='word_1_104' title='bbox 236 1091 494 1152; x_wconf 84' lang='lat' dir='ltr'>significare</span> <span class='ocrx_word' id='word_1_105' title='bbox 526 1087 739 1153; x_wconf 80' lang='lat' dir='ltr'>coepit3).</span> <span class='ocrx_word' id='word_1_106' title='bbox 786 1090 906 1154; x_wconf 27' lang='lat' dir='ltr'>„Quin</span> <span class='ocrx_word' id='word_1_107' title='bbox 932 1093 1067 1139; x_wconf 86' lang='lat' dir='ltr'>etiam</span> <span class='ocrx_word' id='word_1_108' title='bbox 1095 1094 1194 1153; x_wconf 87' lang='lat' dir='ltr'>ipsa</span> <span class='ocrx_word' id='word_1_109' title='bbox 1221 1091 1410 1153; x_wconf 63' lang='lat' dir='ltr'>siliqua,</span> <span class='ocrx_word' id='word_1_110' title='bbox 1436 1099 1488 1138; x_wconf 85' lang='lat' dir='ltr'>ut</span> <span class='ocrx_word' id='word_1_111' title='bbox 1518 1093 1629 1138; x_wconf 89' lang='lat' dir='ltr'>scri-</span> 
     </span>
    </p>
   </div>
   <div class='ocr_carea' id='block_1_10' title="bbox 102 1159 1632 1719">
    <p class='ocr_par' dir='ltr' id='par_1_10' title="bbox 102 1159 1631 1504">
     <span class='ocr_line' id='line_1_15' title="bbox 104 1159 1630 1224; baseline 0.001 -17"><span class='ocrx_word' id='word_1_112' title='bbox 104 1168 212 1223; x_wconf 91' lang='lat' dir='ltr'>ptor</span> <span class='ocrx_word' id='word_1_113' title='bbox 242 1162 420 1209; x_wconf 84' lang='lat' dir='ltr'>tabulae</span> <span class='ocrx_word' id='word_1_114' title='bbox 446 1163 604 1220; x_wconf 77' lang='lat' dir='ltr'>docet,</span> <span class='ocrx_word' id='word_1_115' title='bbox 632 1169 726 1207; x_wconf 88' lang='lat' dir='ltr'>tum</span> <span class='ocrx_word' id='word_1_116' title='bbox 754 1162 798 1207; x_wconf 90' lang='lat' dir='ltr'>in</span> <span class='ocrx_word' id='word_1_117' title='bbox 825 1162 877 1207; x_wconf 91' lang='lat' dir='ltr'>1V</span> <span class='ocrx_word' id='word_1_118' title='bbox 905 1159 1104 1223; x_wconf 81' lang='grc' dir='ltr'>(ιτάρια</span> <span class='ocrx_word' id='word_1_119' title='bbox 1131 1166 1224 1210; x_wconf 87' lang='lat' dir='ltr'>sive</span> <span class='ocrx_word' id='word_1_120' title='bbox 1250 1162 1439 1224; x_wconf 84' lang='lat' dir='ltr'>granula</span> <span class='ocrx_word' id='word_1_121' title='bbox 1464 1162 1630 1209; x_wconf 89' lang='lat' dir='ltr'>divide-</span> 
     </span>
     <span class='ocr_line' id='line_1_16' title="bbox 102 1232 1631 1294; baseline 0 -16"><span class='ocrx_word' id='word_1_122' title='bbox 102 1232 262 1287; x_wconf 85' lang='lat' dir='ltr'>batur3</span> <span class='ocrx_word' id='word_1_123' title='bbox 310 1233 386 1278; x_wconf 88' lang='lat' dir='ltr'>sed</span> <span class='ocrx_word' id='word_1_124' title='bbox 420 1233 685 1279; x_wconf 85' lang='lat' dir='ltr'>servabatur</span> <span class='ocrx_word' id='word_1_125' title='bbox 714 1239 951 1293; x_wconf 87' lang='lat' dir='ltr'>praeterea</span> <span class='ocrx_word' id='word_1_126' title='bbox 976 1234 1117 1280; x_wconf 82' lang='lat' dir='ltr'>chalci</span> <span class='ocrx_word' id='word_1_127' title='bbox 1145 1235 1388 1292; x_wconf 82' lang='lat' dir='ltr'>memoria,</span> <span class='ocrx_word' id='word_1_128' title='bbox 1426 1234 1631 1294; x_wconf 90' lang='lat' dir='ltr'>quicum</span> 
     </span>
     <span class='ocr_line' id='line_1_17' title="bbox 107 1298 1630 1364; baseline 0 -15"><span class='ocrx_word' id='word_1_129' title='bbox 107 1309 260 1349; x_wconf 84' lang='lat' dir='ltr'>octava</span> <span class='ocrx_word' id='word_1_130' title='bbox 300 1302 422 1349; x_wconf 89' lang='lat' dir='ltr'>oboli</span> <span class='ocrx_word' id='word_1_131' title='bbox 457 1318 561 1364; x_wconf 88' lang='lat' dir='ltr'>pars</span> <span class='ocrx_word' id='word_1_132' title='bbox 598 1310 742 1361; x_wconf 80' lang='lat' dir='ltr'>esset,</span> <span class='ocrx_word' id='word_1_133' title='bbox 782 1298 1025 1364; x_wconf 85' lang='grc' dir='ltr'>κεράτιον</span> <span class='ocrx_word' id='word_1_134' title='bbox 1063 1305 1154 1351; x_wconf 85' lang='lat' dir='ltr'>sive</span> <span class='ocrx_word' id='word_1_135' title='bbox 1192 1306 1325 1350; x_wconf 88' lang='lat' dir='ltr'>tertia</span> <span class='ocrx_word' id='word_1_136' title='bbox 1361 1303 1483 1350; x_wconf 89' lang='lat' dir='ltr'>oboli</span> <span class='ocrx_word' id='word_1_137' title='bbox 1524 1318 1630 1364; x_wconf 88' lang='lat' dir='ltr'>pars</span> 
     </span>
     <span class='ocr_line' id='line_1_18' title="bbox 102 1369 1630 1434; baseline 0.003 -15"><span class='ocrx_word' id='word_1_138' title='bbox 102 1373 298 1420; x_wconf 88' lang='lat' dir='ltr'>habebat</span> <span class='ocrx_word' id='word_1_139' title='bbox 329 1373 510 1420; x_wconf 90' lang='lat' dir='ltr'>chalcos</span> <span class='ocrx_word' id='word_1_140' title='bbox 536 1374 625 1419; x_wconf 89' lang='lat' dir='ltr'>duo</span> <span class='ocrx_word' id='word_1_141' title='bbox 661 1381 707 1419; x_wconf 90' lang='lat' dir='ltr'>et</span> <span class='ocrx_word' id='word_1_142' title='bbox 740 1374 918 1420; x_wconf 89' lang='lat' dir='ltr'>bessem</span> <span class='ocrx_word' id='word_1_143' title='bbox 951 1372 1198 1434; x_wconf 67' lang='grc' dir='ltr'>(χαλκοῦς</span> <span class='ocrx_word' id='word_1_144' title='bbox 1231 1370 1330 1423; x_wconf 78' lang='grc' dir='ltr'>δύο</span> <span class='ocrx_word' id='word_1_145' title='bbox 1366 1369 1630 1434; x_wconf 82' lang='grc' dir='ltr'>δίμοιρον’</span> 
     </span>
     <span class='ocr_line' id='line_1_19' title="bbox 106 1436 994 1504; baseline -0.001 -12"><span class='ocrx_word' id='word_1_146' title='bbox 106 1437 138 1492; x_wconf 88' lang='grc' dir='ltr'>ὁ</span> <span class='ocrx_word' id='word_1_147' title='bbox 161 1440 264 1504; x_wconf 85' lang='grc' dir='ltr'>γὰρ</span> <span class='ocrx_word' id='word_1_148' title='bbox 296 1438 495 1504; x_wconf 72' lang='grc' dir='ltr'>ὀβολὸς</span> <span class='ocrx_word' id='word_1_149' title='bbox 525 1439 635 1504; x_wconf 82' lang='grc' dir='ltr'>ἔχει</span> <span class='ocrx_word' id='word_1_150' title='bbox 661 1441 891 1503; x_wconf 72' lang='grc' dir='ltr'>χαλκοῦς</span> <span class='ocrx_word' id='word_1_151' title='bbox 917 1436 994 1504; x_wconf 85' lang='grc' dir='ltr'>η’.)</span> 
     </span>
    </p>

    <p class='ocr_par' dir='ltr' id='par_1_11' title="bbox 103 1514 1632 1719">
     <span class='ocr_line' id='line_1_20' title="bbox 206 1514 1632 1577; baseline 0.001 -17"><span class='ocrx_word' id='word_1_152' title='bbox 206 1514 292 1560; x_wconf 89' lang='lat' dir='ltr'>Sed</span> <span class='ocrx_word' id='word_1_153' title='bbox 319 1522 461 1561; x_wconf 89' lang='lat' dir='ltr'>restat</span> <span class='ocrx_word' id='word_1_154' title='bbox 489 1523 537 1561; x_wconf 90' lang='lat' dir='ltr'>ut</span> <span class='ocrx_word' id='word_1_155' title='bbox 561 1516 615 1560; x_wconf 88' lang='lat' dir='ltr'>de</span> <span class='ocrx_word' id='word_1_156' title='bbox 635 1515 767 1560; x_wconf 89' lang='lat' dir='ltr'>initio</span> <span class='ocrx_word' id='word_1_157' title='bbox 795 1515 994 1561; x_wconf 86' lang='lat' dir='ltr'>eiusdem</span> <span class='ocrx_word' id='word_1_158' title='bbox 1014 1516 1174 1577; x_wconf 87' lang='lat' dir='ltr'>capitis</span> <span class='ocrx_word' id='word_1_159' title='bbox 1198 1517 1391 1574; x_wconf 77' lang='lat' dir='ltr'>dicatur,</span> <span class='ocrx_word' id='word_1_160' title='bbox 1416 1515 1495 1561; x_wconf 92' lang='lat' dir='ltr'>ubi</span> <span class='ocrx_word' id='word_1_161' title='bbox 1519 1515 1632 1561; x_wconf 88' lang='lat' dir='ltr'>haec</span> 
     </span>
     <span class='ocr_line' id='line_1_21' title="bbox 103 1576 1630 1646; baseline 0.001 -15"><span class='ocrx_word' id='word_1_162' title='bbox 103 1585 344 1646; x_wconf 74' lang='lat' dir='ltr'>leguntui:</span> <span class='ocrx_word' id='word_1_163' title='bbox 389 1581 446 1634; x_wconf 90' lang='lat' dir='ltr'>‘H</span> <span class='ocrx_word' id='word_1_164' title='bbox 480 1582 583 1645; x_wconf 86' lang='grc' dir='ltr'>μνᾶ</span> <span class='ocrx_word' id='word_1_165' title='bbox 607 1581 640 1645; x_wconf 84' lang='grc' dir='ltr'><strong>ἡ</strong></span> <span class='ocrx_word' id='word_1_166' title='bbox 669 1581 867 1646; x_wconf 85' lang='grc' dir='ltr'>Αττικὴ</span> <span class='ocrx_word' id='word_1_167' title='bbox 893 1581 1032 1646; x_wconf 84' lang='grc' dir='ltr'>καὶὴ</span> <span class='ocrx_word' id='word_1_168' title='bbox 1057 1581 1311 1645; x_wconf 88' lang='grc' dir='ltr'>Αἰγυπτία</span> <span class='ocrx_word' id='word_1_169' title='bbox 1338 1580 1446 1646; x_wconf 81' lang='grc' dir='ltr'>ἔχει</span> <span class='ocrx_word' id='word_1_170' title='bbox 1477 1582 1518 1635; x_wconf 93' lang='grc' dir='ltr'>Γ</span> <span class='ocrx_word' id='word_1_171' title='bbox 1542 1576 1630 1640; x_wconf 86' lang='grc' dir='ltr'>ις’·</span> 
     </span>
     <span class='ocr_line' id='line_1_22' title="bbox 104 1649 1631 1719; baseline -0.001 -15"><span class='ocrx_word' id='word_1_172' title='bbox 104 1651 136 1716; x_wconf 89' lang='grc' dir='ltr'>ἡ</span> <span class='ocrx_word' id='word_1_173' title='bbox 164 1653 268 1716; x_wconf 87' lang='grc' dir='ltr'>μνᾶ</span> <span class='ocrx_word' id='word_1_174' title='bbox 305 1651 336 1715; x_wconf 83' lang='grc' dir='ltr'>ἡ</span> <span class='ocrx_word' id='word_1_175' title='bbox 364 1651 625 1717; x_wconf 63' lang='grc' dir='ltr'>ςῬωμαίκὴ</span> <span class='ocrx_word' id='word_1_176' title='bbox 662 1651 770 1717; x_wconf 82' lang='grc' dir='ltr'>ἔχει</span> <span class='ocrx_word' id='word_1_177' title='bbox 803 1653 843 1706; x_wconf 90' lang='grc' dir='ltr'>Γ</span> <span class='ocrx_word' id='word_1_178' title='bbox 867 1649 923 1704; x_wconf 88' lang='grc' dir='ltr'>κ’.</span> <span class='ocrx_word' id='word_1_179' title='bbox 974 1657 1055 1704; x_wconf 85' lang='lat' dir='ltr'>Hic</span> <span class='ocrx_word' id='word_1_180' title='bbox 1091 1659 1237 1719; x_wconf 84' lang='lat' dir='ltr'>prima</span> <span class='ocrx_word' id='word_1_181' title='bbox 1271 1656 1472 1703; x_wconf 85' lang='lat' dir='ltr'>definitio</span> <span class='ocrx_word' id='word_1_182' title='bbox 1500 1655 1631 1704; x_wconf 85' lang='lat' dir='ltr'>facile</span> 
     </span>
    </p>
   </div>
   <div class='ocr_carea' id='block_1_11' title="bbox 104 1847 1637 2874">
    <p class='ocr_par' dir='ltr' id='par_1_12' title="bbox 221 1847 944 1917">
     <span class='ocr_line' id='line_1_23' title="bbox 221 1847 944 1917; baseline 0 -13"><span class='ocrx_word' id='word_1_183' title='bbox 221 1863 261 1915; x_wconf 83' lang='lat'>1)</span> <span class='ocrx_word' id='word_1_184' title='bbox 295 1865 347 1907; x_wconf 92' lang='lat' dir='ltr'>V.</span> <span class='ocrx_word' id='word_1_185' title='bbox 379 1863 559 1904; x_wconf 89' lang='lat' dir='ltr'>Metrol.</span> <span class='ocrx_word' id='word_1_186' title='bbox 590 1847 634 1917; x_wconf 89' lang='lat' dir='ltr'>p.</span> <span class='ocrx_word' id='word_1_187' title='bbox 667 1865 765 1906; x_wconf 80' lang='lat'>235.</span> <span class='ocrx_word' id='word_1_188' title='bbox 798 1866 877 1905; x_wconf 88' lang='grc'>113</span> <span class='ocrx_word' id='word_1_189' title='bbox 910 1877 944 1905; x_wconf 89' lang='lat' dir='ltr'>s.</span> 
     </span>
    </p>

    <p class='ocr_par' dir='ltr' id='par_1_13' title="bbox 104 1919 1633 2087">
     <span class='ocr_line' id='line_1_24' title="bbox 211 1919 1629 1984; baseline 0.001 -24.012"><span class='ocrx_word' id='word_1_190' title='bbox 211 1919 263 1984; x_wconf 82' lang='lat'>2)</span> <span class='ocrx_word' id='word_1_191' title='bbox 294 1921 349 1961; x_wconf 90' lang='lat' dir='ltr'>V.</span> <span class='ocrx_word' id='word_1_192' title='bbox 383 1920 623 1973; x_wconf 83' lang='lat' dir='ltr'>Sprengel.</span> <span class='ocrx_word' id='word_1_193' title='bbox 655 1922 704 1961; x_wconf 88' lang='lat' dir='ltr'>in</span> <span class='ocrx_word' id='word_1_194' title='bbox 735 1924 974 1963; x_wconf 86' lang='lat' dir='ltr'>comment.</span> <span class='ocrx_word' id='word_1_195' title='bbox 1013 1921 1062 1961; x_wconf 86' lang='lat' dir='ltr'>in</span> <span class='ocrx_word' id='word_1_196' title='bbox 1100 1920 1418 1962; x_wconf 84' lang='lat' dir='ltr'>Dioscoridem</span> <span class='ocrx_word' id='word_1_197' title='bbox 1447 1933 1492 1973; x_wconf 91' lang='lat' dir='ltr'>p.</span> <span class='ocrx_word' id='word_1_198' title='bbox 1523 1921 1629 1962; x_wconf 87' lang='lat'>415:</span> 
     </span>
     <span class='ocr_line' id='line_1_25' title="bbox 104 1970 1633 2031; baseline 0 -14"><span class='ocrx_word' id='word_1_199' title='bbox 104 1970 305 2030; x_wconf 75' lang='grc' dir='ltr'><strong><em>κεράτια</em></strong></span> <span class='ocrx_word' id='word_1_200' title='bbox 341 1983 438 2018; x_wconf 83' lang='lat' dir='ltr'>sunt</span> <span class='ocrx_word' id='word_1_201' title='bbox 474 1979 680 2030; x_wconf 74' lang='lat' dir='ltr'>leyumina</span> <span class='ocrx_word' id='word_1_202' title='bbox 713 1977 966 2019; x_wconf 80' lang='lat' dir='ltr'>Ceratonzae</span> <span class='ocrx_word' id='word_1_203' title='bbox 998 1977 1185 2031; x_wconf 75' lang='lat' dir='ltr'>Siliquae</span> <span class='ocrx_word' id='word_1_204' title='bbox 1216 1979 1296 2031; x_wconf 89' lang='lat' dir='ltr'>L.‚</span> <span class='ocrx_word' id='word_1_205' title='bbox 1335 1978 1516 2018; x_wconf 82' lang='lat' dir='ltr'>Romani</span> <span class='ocrx_word' id='word_1_206' title='bbox 1541 1978 1633 2017; x_wconf 77' lang='lat' dir='ltr'>sili-</span> 
     </span>
     <span class='ocr_line' id='line_1_26' title="bbox 107 2034 888 2087; baseline 0 -13"><span class='ocrx_word' id='word_1_207' title='bbox 107 2047 212 2087; x_wconf 81' lang='lat' dir='ltr'>quas</span> <span class='ocrx_word' id='word_1_208' title='bbox 246 2034 435 2074; x_wconf 82' lang='lat' dir='ltr'>Graecas</span> <span class='ocrx_word' id='word_1_209' title='bbox 461 2034 646 2085; x_wconf 82' lang='lat' dir='ltr'>fructum</span> <span class='ocrx_word' id='word_1_210' title='bbox 676 2034 888 2074; x_wconf 79' lang='lat' dir='ltr'>dicebant.</span> 
     </span>
    </p>

    <p class='ocr_par' dir='ltr' id='par_1_14' title="bbox 106 2089 1637 2874">
     <span class='ocr_line' id='line_1_27' title="bbox 220 2089 1631 2143; baseline -0.001 -12"><span class='ocrx_word' id='word_1_211' title='bbox 220 2089 263 2141; x_wconf 90' lang='lat'>3)</span> <span class='ocrx_word' id='word_1_212' title='bbox 297 2089 475 2142; x_wconf 70' lang='lat' dir='ltr'>siliqua.</span> <span class='ocrx_word' id='word_1_213' title='bbox 507 2102 700 2142; x_wconf 83' lang='lat' dir='ltr'>quonam</span> <span class='ocrx_word' id='word_1_214' title='bbox 721 2094 924 2143; x_wconf 88' lang='lat' dir='ltr'>tempore</span> <span class='ocrx_word' id='word_1_215' title='bbox 955 2090 1075 2131; x_wconf 87' lang='lat' dir='ltr'>inter</span> <span class='ocrx_word' id='word_1_216' title='bbox 1105 2090 1310 2143; x_wconf 88' lang='lat' dir='ltr'>pondera</span> <span class='ocrx_word' id='word_1_217' title='bbox 1341 2093 1531 2143; x_wconf 84' lang='lat' dir='ltr'>recepta.</span> <span class='ocrx_word' id='word_1_218' title='bbox 1562 2101 1631 2130; x_wconf 90' lang='lat' dir='ltr'>es-</span> 
     </span>
     <span class='ocr_line' id='line_1_28' title="bbox 108 2145 1630 2199; baseline 0.001 -14"><span class='ocrx_word' id='word_1_219' title='bbox 108 2150 194 2197; x_wconf 85' lang='lat' dir='ltr'>set,</span> <span class='ocrx_word' id='word_1_220' title='bbox 226 2150 411 2199; x_wconf 87' lang='lat' dir='ltr'>praeter</span> <span class='ocrx_word' id='word_1_221' title='bbox 443 2145 688 2186; x_wconf 83' lang='lat' dir='ltr'>Christium</span> <span class='ocrx_word' id='word_1_222' title='bbox 721 2160 765 2199; x_wconf 91' lang='lat' dir='ltr'>p.</span> <span class='ocrx_word' id='word_1_223' title='bbox 795 2148 849 2187; x_wconf 84' lang='lat'>47</span> <span class='ocrx_word' id='word_1_224' title='bbox 885 2147 1022 2198; x_wconf 89' lang='lat' dir='ltr'>(conf.</span> <span class='ocrx_word' id='word_1_225' title='bbox 1055 2147 1079 2196; x_wconf 69' lang='grc' dir='ltr'>ξ</span> <span class='ocrx_word' id='word_1_226' title='bbox 1110 2149 1163 2187; x_wconf 89' lang='grc'>41</span> <span class='ocrx_word' id='word_1_227' title='bbox 1198 2147 1301 2189; x_wconf 84' lang='lat' dir='ltr'>adn.</span> <span class='ocrx_word' id='word_1_228' title='bbox 1334 2145 1395 2199; x_wconf 85' lang='lat'>5),</span> <span class='ocrx_word' id='word_1_229' title='bbox 1429 2147 1506 2199; x_wconf 89' lang='lat' dir='ltr'>qui</span> <span class='ocrx_word' id='word_1_230' title='bbox 1535 2159 1630 2186; x_wconf 88' lang='lat' dir='ltr'>rem</span> 
     </span>
     <span class='ocr_line' id='line_1_29' title="bbox 106 2203 1631 2256; baseline 0.001 -15"><span class='ocrx_word' id='word_1_231' title='bbox 106 2203 155 2242; x_wconf 90' lang='lat' dir='ltr'>in</span> <span class='ocrx_word' id='word_1_232' title='bbox 186 2203 385 2242; x_wconf 87' lang='lat' dir='ltr'>transitu</span> <span class='ocrx_word' id='word_1_233' title='bbox 416 2203 588 2255; x_wconf 78' lang='lat' dir='ltr'>attigit,</span> <span class='ocrx_word' id='word_1_234' title='bbox 619 2215 752 2242; x_wconf 90' lang='lat' dir='ltr'>nemo</span> <span class='ocrx_word' id='word_1_235' title='bbox 774 2203 922 2243; x_wconf 89' lang='lat' dir='ltr'>adhuc</span> <span class='ocrx_word' id='word_1_236' title='bbox 945 2204 1190 2256; x_wconf 87' lang='lat' dir='ltr'>quaesivit.</span> <span class='ocrx_word' id='word_1_237' title='bbox 1248 2204 1348 2244; x_wconf 86' lang='lat' dir='ltr'>Iam</span> <span class='ocrx_word' id='word_1_238' title='bbox 1377 2203 1631 2243; x_wconf 87' lang='lat' dir='ltr'>vetustiore</span> 
     </span>
     <span class='ocr_line' id='line_1_30' title="bbox 107 2259 1632 2313; baseline 0 -15"><span class='ocrx_word' id='word_1_239' title='bbox 107 2261 312 2311; x_wconf 84' lang='lat' dir='ltr'>tempore</span> <span class='ocrx_word' id='word_1_240' title='bbox 351 2259 570 2311; x_wconf 81' lang='lat' dir='ltr'>Aegyptii</span> <span class='ocrx_word' id='word_1_241' title='bbox 610 2263 745 2311; x_wconf 83' lang='lat' dir='ltr'>atque</span> <span class='ocrx_word' id='word_1_242' title='bbox 776 2259 983 2299; x_wconf 86' lang='lat' dir='ltr'>Hebraei</span> <span class='ocrx_word' id='word_1_243' title='bbox 1023 2260 1203 2313; x_wconf 85' lang='lat' dir='ltr'>frugum</span> <span class='ocrx_word' id='word_1_244' title='bbox 1242 2272 1388 2313; x_wconf 83' lang='lat' dir='ltr'>grana</span> <span class='ocrx_word' id='word_1_245' title='bbox 1427 2259 1632 2312; x_wconf 82' lang='lat' dir='ltr'>pondera</span> 
     </span>
     <span class='ocr_line' id='line_1_31' title="bbox 107 2314 1631 2370; baseline 0 -16"><span class='ocrx_word' id='word_1_246' title='bbox 107 2314 279 2355; x_wconf 80' lang='lat' dir='ltr'>fecisse</span> <span class='ocrx_word' id='word_1_247' title='bbox 311 2314 535 2355; x_wconf 85' lang='lat' dir='ltr'>videntur.</span> <span class='ocrx_word' id='word_1_248' title='bbox 594 2315 815 2356; x_wconf 84' lang='lat' dir='ltr'>Romanis</span> <span class='ocrx_word' id='word_1_249' title='bbox 847 2320 997 2356; x_wconf 86' lang='lat' dir='ltr'>autem</span> <span class='ocrx_word' id='word_1_250' title='bbox 1029 2322 1122 2355; x_wconf 81' lang='lat' dir='ltr'>tam</span> <span class='ocrx_word' id='word_1_251' title='bbox 1156 2316 1334 2370; x_wconf 85' lang='lat' dir='ltr'>exiguis</span> <span class='ocrx_word' id='word_1_252' title='bbox 1354 2314 1631 2368; x_wconf 86' lang='lat' dir='ltr'>ponderibus</span> 
     </span>
     <span class='ocr_line' id='line_1_32' title="bbox 106 2370 1632 2423; baseline 0 -13"><span class='ocrx_word' id='word_1_253' title='bbox 106 2383 199 2410; x_wconf 90' lang='lat' dir='ltr'>non</span> <span class='ocrx_word' id='word_1_254' title='bbox 238 2372 364 2423; x_wconf 84' lang='lat' dir='ltr'>prius</span> <span class='ocrx_word' id='word_1_255' title='bbox 403 2383 515 2423; x_wconf 89' lang='lat' dir='ltr'>opus</span> <span class='ocrx_word' id='word_1_256' title='bbox 555 2370 641 2411; x_wconf 86' lang='lat' dir='ltr'>fuit</span> <span class='ocrx_word' id='word_1_257' title='bbox 682 2384 815 2423; x_wconf 83' lang='lat' dir='ltr'>quam</span> <span class='ocrx_word' id='word_1_258' title='bbox 855 2372 914 2412; x_wconf 84' lang='lat' dir='ltr'>ad</span> <span class='ocrx_word' id='word_1_259' title='bbox 953 2372 1052 2412; x_wconf 81' lang='lat' dir='ltr'>auri</span> <span class='ocrx_word' id='word_1_260' title='bbox 1087 2372 1254 2412; x_wconf 87' lang='lat' dir='ltr'>libram</span> <span class='ocrx_word' id='word_1_261' title='bbox 1291 2371 1444 2411; x_wconf 86' lang='lat' dir='ltr'>omnia</span> <span class='ocrx_word' id='word_1_262' title='bbox 1481 2383 1632 2410; x_wconf 90' lang='lat' dir='ltr'>rerum</span> 
     </span>
     <span class='ocr_line' id='line_1_33' title="bbox 106 2426 1630 2480; baseline 0 -14"><span class='ocrx_word' id='word_1_263' title='bbox 106 2430 260 2480; x_wconf 83' lang='lat' dir='ltr'>pretia.</span> <span class='ocrx_word' id='word_1_264' title='bbox 290 2426 632 2479; x_wconf 83' lang='lat' dir='ltr'>referebantur,</span> <span class='ocrx_word' id='word_1_265' title='bbox 665 2428 784 2480; x_wconf 82' lang='lat' dir='ltr'>quod</span> <span class='ocrx_word' id='word_1_266' title='bbox 815 2428 897 2468; x_wconf 89' lang='lat' dir='ltr'>sub</span> <span class='ocrx_word' id='word_1_267' title='bbox 922 2427 1223 2468; x_wconf 83' lang='lat' dir='ltr'>Constantino</span> <span class='ocrx_word' id='word_1_268' title='bbox 1255 2428 1529 2480; x_wconf 80' lang='lat' dir='ltr'>imperatore</span> <span class='ocrx_word' id='word_1_269' title='bbox 1561 2426 1630 2466; x_wconf 83' lang='lat' dir='ltr'>fa.-</span> 
     </span>
     <span class='ocr_line' id='line_1_34' title="bbox 109 2481 1630 2537; baseline 0 -15"><span class='ocrx_word' id='word_1_270' title='bbox 109 2485 229 2523; x_wconf 85' lang='lat' dir='ltr'>ctum</span> <span class='ocrx_word' id='word_1_271' title='bbox 263 2495 362 2523; x_wconf 89' lang='lat' dir='ltr'>esse</span> <span class='ocrx_word' id='word_1_272' title='bbox 396 2486 578 2523; x_wconf 82' lang='lat' dir='ltr'>constat</span> <span class='ocrx_word' id='word_1_273' title='bbox 610 2481 669 2534; x_wconf 89' lang='lat' dir='ltr'>(v.</span> <span class='ocrx_word' id='word_1_274' title='bbox 701 2484 882 2524; x_wconf 87' lang='lat' dir='ltr'>Metrol.</span> <span class='ocrx_word' id='word_1_275' title='bbox 914 2498 958 2537; x_wconf 86' lang='lat' dir='ltr'>p.</span> <span class='ocrx_word' id='word_1_276' title='bbox 989 2485 1071 2525; x_wconf 79' lang='lat'>245</span> <span class='ocrx_word' id='word_1_277' title='bbox 1102 2484 1175 2534; x_wconf 89' lang='lat' dir='ltr'>s.).</span> <span class='ocrx_word' id='word_1_278' title='bbox 1234 2483 1349 2522; x_wconf 91' lang='lat' dir='ltr'>Tum</span> <span class='ocrx_word' id='word_1_279' title='bbox 1378 2483 1630 2523; x_wconf 88' lang='lat' dir='ltr'>minutissi-</span> 
     </span>
     <span class='ocr_line' id='line_1_35' title="bbox 106 2537 1629 2593; baseline 0.001 -15"><span class='ocrx_word' id='word_1_280' title='bbox 106 2551 229 2579; x_wconf 91' lang='lat' dir='ltr'>mum</span> <span class='ocrx_word' id='word_1_281' title='bbox 259 2539 435 2592; x_wconf 86' lang='lat' dir='ltr'>pondus</span> <span class='ocrx_word' id='word_1_282' title='bbox 465 2537 563 2579; x_wconf 86' lang='lat' dir='ltr'>fieri</span> <span class='ocrx_word' id='word_1_283' title='bbox 593 2551 785 2580; x_wconf 88' lang='lat' dir='ltr'>necesse</span> <span class='ocrx_word' id='word_1_284' title='bbox 818 2540 926 2591; x_wconf 87' lang='lat' dir='ltr'>fuit,</span> <span class='ocrx_word' id='word_1_285' title='bbox 969 2553 1055 2593; x_wconf 91' lang='lat' dir='ltr'>quo</span> <span class='ocrx_word' id='word_1_286' title='bbox 1094 2542 1142 2579; x_wconf 91' lang='lat' dir='ltr'>in</span> <span class='ocrx_word' id='word_1_287' title='bbox 1179 2539 1436 2579; x_wconf 87' lang='lat' dir='ltr'>rationibus</span> <span class='ocrx_word' id='word_1_288' title='bbox 1465 2539 1629 2579; x_wconf 89' lang='lat' dir='ltr'>subdu-</span> 
     </span>
     <span class='ocr_line' id='line_1_36' title="bbox 110 2594 1637 2649; baseline 0 -14"><span class='ocrx_word' id='word_1_289' title='bbox 110 2595 269 2636; x_wconf 87' lang='lat' dir='ltr'>cendis</span> <span class='ocrx_word' id='word_1_290' title='bbox 318 2599 570 2638; x_wconf 82' lang='lat' dir='ltr'>uterentur.</span> <span class='ocrx_word' id='word_1_291' title='bbox 629 2595 794 2648; x_wconf 88' lang='lat' dir='ltr'>Itaque</span> <span class='ocrx_word' id='word_1_292' title='bbox 845 2596 1037 2649; x_wconf 85' lang='lat' dir='ltr'>siliqua,</span> <span class='ocrx_word' id='word_1_293' title='bbox 1089 2600 1220 2636; x_wconf 82' lang='lat' dir='ltr'>sexta.</span> <span class='ocrx_word' id='word_1_294' title='bbox 1268 2607 1376 2648; x_wconf 84' lang='lat' dir='ltr'>pars</span> <span class='ocrx_word' id='word_1_295' title='bbox 1426 2594 1637 2649; x_wconf 64' lang='lat' dir='ltr'>scripuli5</span> 
     </span>
     <span class='ocr_line' id='line_1_37' title="bbox 106 2650 1633 2705; baseline 0 -14"><span class='ocrx_word' id='word_1_296' title='bbox 106 2651 386 2704; x_wconf 87' lang='lat' dir='ltr'>ponderibus</span> <span class='ocrx_word' id='word_1_297' title='bbox 439 2651 596 2691; x_wconf 83' lang='lat' dir='ltr'>addita</span> <span class='ocrx_word' id='word_1_298' title='bbox 649 2654 731 2692; x_wconf 84' lang='lat' dir='ltr'>est.</span> <span class='ocrx_word' id='word_1_299' title='bbox 793 2650 932 2692; x_wconf 88' lang='lat' dir='ltr'>Cuius</span> <span class='ocrx_word' id='word_1_300' title='bbox 980 2653 1152 2705; x_wconf 88' lang='lat' dir='ltr'>primus</span> <span class='ocrx_word' id='word_1_301' title='bbox 1197 2652 1475 2692; x_wconf 88' lang='lat' dir='ltr'>mentionem</span> <span class='ocrx_word' id='word_1_302' title='bbox 1514 2651 1633 2691; x_wconf 85' lang='lat' dir='ltr'>facit</span> 
     </span>
     <span class='ocr_line' id='line_1_38' title="bbox 106 2705 1631 2761; baseline 0 -14"><span class='ocrx_word' id='word_1_303' title='bbox 106 2705 358 2760; x_wconf 84' lang='lat' dir='ltr'>Vegetius,</span> <span class='ocrx_word' id='word_1_304' title='bbox 410 2708 487 2760; x_wconf 91' lang='lat' dir='ltr'>qui</span> <span class='ocrx_word' id='word_1_305' title='bbox 531 2713 726 2748; x_wconf 87' lang='lat' dir='ltr'>exeunte</span> <span class='ocrx_word' id='word_1_306' title='bbox 766 2707 952 2748; x_wconf 84' lang='lat' dir='ltr'>saeculo</span> <span class='ocrx_word' id='word_1_307' title='bbox 983 2708 1047 2748; x_wconf 92' lang='lat' dir='ltr'>IV</span> <span class='ocrx_word' id='word_1_308' title='bbox 1079 2708 1286 2761; x_wconf 86' lang='lat' dir='ltr'>scripsit,</span> <span class='ocrx_word' id='word_1_309' title='bbox 1336 2708 1385 2747; x_wconf 90' lang='lat' dir='ltr'>in</span> <span class='ocrx_word' id='word_1_310' title='bbox 1435 2706 1631 2748; x_wconf 85' lang='lat' dir='ltr'>formula</span> 
     </span>
     <span class='ocr_line' id='line_1_39' title="bbox 108 2760 1629 2818; baseline 0.001 -16"><span class='ocrx_word' id='word_1_311' title='bbox 108 2763 374 2803; x_wconf 81' lang='lat' dir='ltr'>medicinali</span> <span class='ocrx_word' id='word_1_312' title='bbox 395 2760 499 2815; x_wconf 87' lang='lat' dir='ltr'>(art.</span> <span class='ocrx_word' id='word_1_313' title='bbox 513 2768 604 2804; x_wconf 87' lang='lat' dir='ltr'>vet.</span> <span class='ocrx_word' id='word_1_314' title='bbox 631 2766 667 2813; x_wconf 94' lang='lat'>1,</span> <span class='ocrx_word' id='word_1_315' title='bbox 687 2765 761 2804; x_wconf 81' lang='grc'>20·</span> <span class='ocrx_word' id='word_1_316' title='bbox 795 2766 892 2804; x_wconf 80' lang='lat' dir='ltr'>auri</span> <span class='ocrx_word' id='word_1_317' title='bbox 910 2766 1172 2813; x_wconf 82' lang='lat' dir='ltr'>semunciam,</span> <span class='ocrx_word' id='word_1_318' title='bbox 1196 2764 1383 2805; x_wconf 62' lang='lat' dir='ltr'>ballue-ae</span> <span class='ocrx_word' id='word_1_319' title='bbox 1402 2761 1629 2818; x_wconf 80' lang='lat' dir='ltr'>siliquam).</span> 
     </span>
     <span class='ocr_line' id='line_1_40' title="bbox 107 2795 1630 2874; baseline 0 -15"><span class='ocrx_word' id='word_1_320' title='bbox 107 2819 282 2860; x_wconf 85' lang='lat' dir='ltr'>Eodem</span> <span class='ocrx_word' id='word_1_321' title='bbox 321 2823 526 2872; x_wconf 87' lang='lat' dir='ltr'>tempore</span> <span class='ocrx_word' id='word_1_322' title='bbox 567 2819 765 2872; x_wconf 83' lang='lat' dir='ltr'>siliquae</span> <span class='ocrx_word' id='word_1_323' title='bbox 803 2833 966 2860; x_wconf 89' lang='lat' dir='ltr'>nomen</span> <span class='ocrx_word' id='word_1_324' title='bbox 1005 2795 1268 2872; x_wconf 77' lang='lat' dir='ltr'>impositum</span> <span class='ocrx_word' id='word_1_325' title='bbox 1307 2824 1377 2861; x_wconf 90' lang='lat' dir='ltr'>est</span> <span class='ocrx_word' id='word_1_326' title='bbox 1409 2823 1630 2874; x_wconf 82' lang='lat' dir='ltr'>argenteo</span> 
     </span>
    </p>
   </div>
   <div class='ocr_carea' id='block_1_12' title="bbox 107 2874 1631 2984">
    <p class='ocr_par' dir='ltr' id='par_1_15' title="bbox 107 2874 1631 2984">
     <span class='ocr_line' id='line_1_41' title="bbox 107 2874 1631 2930; baseline 0.001 -16"><span class='ocrx_word' id='word_1_327' title='bbox 107 2874 180 2915; x_wconf 90' lang='lat' dir='ltr'>illi</span> <span class='ocrx_word' id='word_1_328' title='bbox 211 2888 389 2916; x_wconf 90' lang='lat' dir='ltr'>nummo</span> <span class='ocrx_word' id='word_1_329' title='bbox 422 2877 499 2928; x_wconf 90' lang='lat' dir='ltr'>qui</span> <span class='ocrx_word' id='word_1_330' title='bbox 529 2876 797 2916; x_wconf 85' lang='lat' dir='ltr'>tantundem</span> <span class='ocrx_word' id='word_1_331' title='bbox 838 2880 1055 2929; x_wconf 86' lang='lat' dir='ltr'>quantum</span> <span class='ocrx_word' id='word_1_332' title='bbox 1090 2889 1183 2917; x_wconf 81' lang='lat' dir='ltr'>una</span> <span class='ocrx_word' id='word_1_333' title='bbox 1222 2878 1324 2917; x_wconf 83' lang='lat' dir='ltr'>auri</span> <span class='ocrx_word' id='word_1_334' title='bbox 1354 2876 1522 2930; x_wconf 83' lang='lat' dir='ltr'>siliqua.</span> <span class='ocrx_word' id='word_1_335' title='bbox 1550 2889 1631 2918; x_wconf 80' lang='lat' dir='ltr'>va-</span> 
     </span>
     <span class='ocr_line' id='line_1_42' title="bbox 107 2929 753 2984; baseline 0.003 -14"><span class='ocrx_word' id='word_1_336' title='bbox 107 2929 226 2972; x_wconf 88' lang='lat' dir='ltr'>leret</span> <span class='ocrx_word' id='word_1_337' title='bbox 258 2931 316 2983; x_wconf 78' lang='lat' dir='ltr'>(v.</span> <span class='ocrx_word' id='word_1_338' title='bbox 348 2931 528 2972; x_wconf 90' lang='lat' dir='ltr'>Metrol.</span> <span class='ocrx_word' id='word_1_339' title='bbox 561 2945 603 2984; x_wconf 88' lang='lat' dir='ltr'>p.</span> <span class='ocrx_word' id='word_1_340' title='bbox 635 2931 753 2983; x_wconf 81' lang='lat'>249).</span> 
     </span>
    </p>
   </div>
  </div>
 </body>
</html>
