1946 3220
266 163 370 216 306
863 172 1183 209 FRAGMENTA
1665 155 1796 226 [100]

266 304 361 341 ται.
415 285 593 341 ἐδίδου
619 283 679 337 δέ
705 299 782 336 τις
809 282 909 335 δύο
935 280 1170 348 ὀβολοὺς
1194 282 1279 334 καὶ
1303 280 1601 349 ἐλάμβανεν
1627 281 1794 348 ἄρτον

265 372 297 436 ἣ
327 370 512 436 ἕτερόν
542 384 589 422 τι
613 366 751 433 πρὸς
782 366 1103 432 διατροφήν·
1133 366 1217 420 διὸ
1244 366 1304 421 έν
1327 366 1708 433 Ἱεροςολύμοις
1732 367 1794 421 ἐν

263 459 339 522 τῷ
387 457 505 521 ναῷ
561 451 612 504 οἱ
659 449 985 517 κερματιςταὶ
1031 450 1346 506 ἐκαθέζοντο
1383 450 1436 505 οἱ
1473 449 1796 515 καλούμενοι

263 533 614 603 κολλυβιςταί,
642 533 723 590 ὧν
748 534 1103 602 κατέςτρεψεν
1129 535 1161 588 ὁ
1184 535 1366 601 κύριος
1393 535 1488 589 τὰς
1513 534 1795 601 τραπέζας.

206 659 232 698 5
367 647 415 702 5.
453 623 680 702 ῖοῖἶινες
703 646 767 702 τὸ
794 648 985 713 κληθὲν
1004 647 1396 714 νόμιςμαπαρὰ
1420 648 1534 701 τοῖς
1559 648 1795 714 βαςιλεῦ-

263 749 340 787 ςιν
364 762 436 773 -
460 732 723 799 ἀργύρεος
754 733 814 786 δὲ
848 733 1181 797 καλούμενος
1223 731 1313 786 διὰ
1352 731 1415 786 τὸ
1449 733 1504 788 ἐξ
1537 731 1796 799 ἀργυρίου

261 817 383 871 τότε
422 817 678 883 τετύφθαι
716 815 898 871 εἰκόνα
940 817 1083 882 ἔχων
1131 816 1395 882 βαςιλικήν
1420 846 1492 855 —-
1522 818 1656 882 μέγα
1696 817 1794 882 μὲν

264 900 400 956 εἶναι
425 906 501 970 τῷ
532 900 827 967 χαράγματι
855 895 940 954 κἀὶ
964 906 1026 970 τῇ
1056 901 1204 970 ὁλκῇ,
1229 900 1260 954 ὃ
1287 900 1477 966 ἐκλήθη
1505 901 1794 966 ἀργυροῦς,

266 986 399 1039 ὥςτε
435 985 577 1050 ἔχειν
613 985 781 1040 αὐτόν
821 985 1045 1051 δηνάρια
1068 984 1129 1050 ρ’,
1177 985 1397 1039 ἕκαςτον
1434 985 1495 1038 δὲ
1535 984 1793 1050 δηνάριον

177 1077 232 1117 10
263 1069 404 1135 ἔχειν
434 1069 650 1134 ἀςςάρια
676 1067 730 1124 ξ’.
761 1070 858 1124 τὸν
886 1070 947 1124 δὲ
972 1069 1392 1136 ἀποφερόμενον
1420 1067 1686 1134 ἀργύρεον
1708 1068 1794 1121 καὶ

261 1155 328 1218 μὴ
368 1152 672 1218 δυνάμενον
713 1153 995 1219 ἀγοράζειν
1030 1152 1196 1218 ἄρτον
1222 1154 1255 1218 ἢ
1286 1152 1525 1219 λάχανον
1550 1153 1583 1218 ἤ
1609 1169 1659 1205 τι
1680 1154 1795 1207 τῶν

263 1237 596 1303 βραχυτίμων
618 1237 828 1292 διδόναι
855 1242 933 1308 τῷ
959 1239 1270 1307 κολλυβιςτῇ
1295 1237 1359 1291 τὸ
1380 1236 1515 1303 μέγα
1533 1235 1792 1303 ἀργύριον

262 1322 347 1375 καὶ
385 1321 661 1391 [ἀναλύειν
695 1320 829 1375 αὐτὸ
863 1321 937 1375 εἰς
976 1321 1306 1388 βραχύτητα,
1359 1321 1530 1387 ἤγουν
1568 1321 1794 1386 δηνάρια

260 1405 347 1458 καὶ
375 1404 617 1475 ἀςςάρια]
647 1406 972 1472 κερματίζειν
998 1405 1149 1470 αὐτό,
1175 1405 1414 1459 τουτέςτι
1440 1405 1792 1472 κολλυβίζειν·

177 1495 230 1534 15
262 1489 389 1543 ὅθεν
432 1490 517 1543 καὶ
557 1490 884 1557 κερματιςταὶ
928 1490 1013 1543 καὶ
1053 1490 1385 1555 κολλυβιςταὶ
1426 1490 1704 1554 κέκληνται
1742 1487 1792 1542 οἱ

260 1575 576 1639 τραπεζῖται.

352 1754 465 1807 100.
522 1755 699 1806 Simile
720 1754 1068 1822 fraymentum
1095 1770 1130 1806 a
1154 1755 1434 1808 Bernardo
1461 1757 1693 1808 allatum.

734 1853 868 1906 (Vide
898 1854 1013 1907 prol.
1044 1856 1068 1906 ξ
1101 1857 1205 1909 102,
1236 1855 1317 1908 ΙΙ.)

369 1952 413 2003 1.
456 1949 759 2018 Κοδράντης
800 1951 863 2006 τὸ
907 1951 1162 2018 τέταρτον
1203 1955 1301 2006 τοῦ
1347 1953 1566 2020 φόλεως
1612 1953 1646 2019 ἢ
1690 1953 1789 2007 δύο

174 2039 227 2078 20
258 2033 438 2087 λεπτά.
488 2035 552 2088 τὸ
590 2034 649 2089 δὲ
689 2036 890 2091 λεπτὸν
938 2036 1375 2103 ἑξακιςχιλιοςτόν
1417 2038 1711 2102 ταλάντου,
1757 2038 1788 2090 ὅ

200 2150 206 2155 -
258 2119 362 2171 ἑςτι
398 2117 621 2185 νόμιςμα
650 2119 710 2173 ἓν
743 2120 776 2185 ἢ
806 2120 987 2174 κόκκοι
1023 2122 1180 2186 τρεῖς.
1220 2121 1292 2175 ’τὸ
1325 2122 1385 2176 δὲ
1417 2122 1685 2176 τάλαντον
1715 2121 1787 2173 λί-

256 2217 382 2267 τρας
410 2202 518 2268 ἔχει
546 2203 737 2257 ἑκατὸν
763 2204 924 2258 εἴκοςι
947 2205 1121 2259 πέντε.

362 2285 410 2339 2.
449 2286 677 2353 Δραχμὴ
720 2287 775 2342 ἓξ
815 2286 1016 2355 ὀβολοί.
1065 2287 1299 2353 ἠδύνατο
1344 2288 1403 2343 δὲ
1440 2290 1538 2342 τοῦ
1570 2289 1786 2355 χρυςίου

258 2370 318 2423 τὸ
344 2370 612 2426 τάλαντον
646 2372 786 2436 τρεῖς
813 2375 1043 2439 χρυςοῦς
1076 2373 1365 2429 Ἀττικούς·
1394 2372 1457 2428 τὸ
1484 2374 1543 2428 δὲ
1567 2376 1665 2428 τοῦ
1694 2374 1786 2440 ἀρ-

174 2471 227 2510 25
256 2456 443 2520 γυρίου
470 2454 722 2520 ἑξήκοντα
745 2458 877 2522 μνόὶς
903 2457 1147 2511 Ἀττικάς.

363 2538 411 2590 3.
453 2539 744 2604 Νουμιαῖον
771 2541 830 2596 ἓν
848 2541 931 2597 καὶ
950 2541 1101 2608 ἥμιςυ
1126 2544 1224 2595 τοῦ
1243 2543 1465 2597 λεπτοῦ·
1490 2541 1785 2608 κοδράντης

259 2621 317 2673 δὲ
339 2624 587 2686 νουμιαῖα
611 2625 742 2690 τρία.

373 2805 414 2844 5.
449 2801 637 2859 οἵτινες]
673 2810 906 2851 sententia
936 2810 1129 2865 requirit
1158 2808 1340 2861 λέγεται
1473 2811 1515 2853 6.
1546 2806 1783 2862 ἀργυρίων

260 2874 319 2911 ,Sa
439 2875 504 2914 10.
538 2867 572 2914 ξ’
604 2874 685 2927 Sa,
725 2871 759 2919 ζ’
795 2879 891 2920 Cam
1015 2883 1085 2923 13.
1115 2879 1264 2931 ἤτουν
1298 2880 1396 2921 Cam
1519 2879 1587 2919 21.
1621 2878 1782 2922 κόκκοι

260 2938 405 2994 τρεῖς]
460 2940 706 2995 κοδράνται
738 2957 778 3001 Ιγ
818 2948 1061 3002 legendum
1099 2949 1301 3002 videtur,
1352 2947 1459 2991 vide
1497 2948 1610 3003 prol.
1643 2950 1668 2999 ὅ
1701 2952 1782 2993 103
