1946 3220
308 132 408 184 102
826 144 1215 179 PROLEGOMENA
1241 145 1295 177 IN

304 263 430 308 Nunc
456 260 572 306 enim
600 260 643 305 id
669 260 860 318 agimus⁷
887 263 937 302 ut
965 270 1017 302 ex
1039 257 1093 302 iis
1122 269 1236 324 quae
1261 256 1404 302 adhuc
1429 255 1620 303 obscura
1641 257 1830 304 fuerunt

307 333 569 392 gravissima
603 343 810 389 quaeque
838 341 980 387 eaque
1020 341 1127 372 sana
1156 334 1202 372 et
1236 341 1260 372 a
1286 326 1417 372 bonis
1446 327 1706 374 auctoribus
1736 336 1830 374 tra-

306 402 426 459 dita⁷
465 406 682 460 quantum
722 399 767 443 in
808 397 939 443 nobis
982 404 1076 456 est,
1113 397 1418 454 illustremus3
1458 411 1540 444 nec
1575 412 1682 443 vero
1709 413 1829 445 nunc

306 472 458 517 eadem
484 483 616 514 manu
643 468 943 514 abiectissima
974 481 1182 528 quaeque
1212 474 1406 513 tractare
1438 467 1659 514 volumus.
1714 467 1829 515 Sane

306 541 500 601 aliquam
546 538 681 585 huius
721 538 900 584 tabulae
940 538 1284 598 explicationem
1329 552 1602 598 componere
1647 545 1829 599 potera-

305 626 429 661 mus:
476 609 554 654 sed
595 624 698 655 cum
741 609 794 655 de
837 609 1044 669 plurimis
1089 607 1223 654 rebus
1267 608 1491 654 dubitatio
1534 607 1829 669 relinquenda

306 686 454 738 esset⁷
493 679 600 740 quid
627 679 807 726 ⁴tandem
836 679 1016 724 iuvabat
1053 679 1224 724 frustra
1255 685 1424 723 tantam
1448 692 1630 739 operam
1657 681 1830 740 impen-

305 750 439 796 dere?
488 749 576 796 Sed
612 764 778 809 unum,
824 749 945 811 quod
978 755 1187 795 nostrum
1223 749 1311 808 sit,
1349 763 1453 794 non.
1477 750 1828 810 supersedemus

307 821 479 879 facere,
519 826 569 865 ut
607 822 747 867 totius
776 820 954 867 tabulae
982 826 1297 879 argumentum
1323 833 1587 865 enarremus
1613 820 1830 880 quodam-

304 892 438 937 modo
469 892 658 951 eiusque
687 893 814 952 quasi
848 890 1065 936 elementa
1092 904 1395 936 secernamus.

412 961 607 1007 Confusa
627 969 733 1007 sunt
755 962 916 1006 mirum
938 963 983 1006 in
1008 961 1190 1007 modum
1217 966 1261 1005 et
1279 961 1483 1020 pondera
1509 967 1554 1006 et
1574 974 1829 1007 mensurae.

305 1031 411 1077 Nam
439 1032 696 1092 promiscue
730 1040 776 1078 et
800 1032 1051 1092 ponderum
1089 1038 1270 1077 mutuae
1295 1033 1415 1076 inter
1449 1046 1498 1078 se
1527 1032 1725 1076 rationes
1754 1031 1831 1077 de-

305 1101 524 1147 finiuntur
552 1110 597 1147 et
623 1115 859 1148 mensurae
885 1101 1165 1162 ponderibus
1189 1101 1448 1161 exiguntur.
1503 1101 1623 1157 Quae
1651 1115 1735 1147 nos
1767 1102 1831 1151 ita

305 1173 350 1217 in
378 1179 670 1232 conspectum
698 1173 1029 1233 producemus,
1056 1179 1107 1217 ut
1135 1172 1315 1231 singula
1342 1172 1385 1217 in
1415 1180 1590 1218 certum
1625 1172 1829 1218 ordinem

305 1243 485 1288 redacta
512 1255 614 1288 cum
639 1243 830 1303 reliquis
859 1242 1024 1288 tabulis
1053 1256 1383 1303 comparemus.

412 1313 617 1358 Pondera
642 1320 747 1358 sunt
772 1314 893 1358 mina
922 1312 1255 1374 sesquilibralis
1282 1312 1370 1372 (10,
1395 1328 1433 1358 v.
1456 1312 1574 1373 prol.
1598 1313 1626 1371 S
1647 1314 1718 1357 61.
1738 1310 1829 1372 65),

305 1385 425 1428 mina
460 1383 655 1429 sedecim
690 1384 923 1430 unciarum
964 1381 1022 1446 (6,
1058 1398 1096 1427 v.
1134 1383 1251 1444 prol.
1288 1383 1316 1441 S
1352 1382 1451 1442 51),
1491 1382 1604 1429 libra
1633 1383 1830 1428 Romana

306 1452 386 1512 (7),
413 1453 544 1499 uncia
575 1466 652 1499 sex
682 1454 933 1514 stagiorum
961 1453 1035 1512 (14
1055 1472 1129 1493 =
1153 1453 1239 1512 Vll,
1267 1452 1330 1512 8),
1358 1448 1547 1513 ετατήρ
1577 1454 1713 1498 trium
1742 1460 1832 1498 sta-

306 1525 484 1582 giorum
523 1522 593 1582 (15
618 1543 689 1564 =
714 1524 811 1582 Vll,
849 1522 920 1586 7),
962 1519 1138 1572 (ίκλον
1176 1523 1375 1569 eiusdem
1412 1524 1627 1584 ponderis
1661 1520 1728 1584 (17
1760 1540 1832 1562 --·--

306 1593 406 1653 XII,
440 1593 536 1653 13),
573 1589 829 1653 δηνάριον
862 1594 1049 1655 aequale
1075 1596 1224 1655 stagio
1252 1592 1325 1653 (20
1349 1613 1416 1636 Ξ
1444 1594 1541 1652 Vll,
1572 1594 1643 1653 6),
1677 1588 1828 1653 κερά-

303 1676 420 1712 τιον
449 1664 583 1723 stagii
607 1679 713 1725 pars
739 1664 869 1709 XXIV
894 1661 966 1725 (25
987 1683 1058 1704 =
1087 1664 1176 1723 Vll⁷
1206 1668 1224 1707 1
1253 1663 1351 1724 ss),
1381 1659 1611 1724 ειτάριον
1639 1663 1830 1725 siliquae

304 1748 410 1794 pars
445 1741 607 1794 quarta
647 1734 719 1793 (26
758 1755 829 1775 Ξ
858 1735 939 1794 ΙΙΙ,
978 1734 1037 1793 8).
1087 1735 1152 1780 Ita
1187 1749 1291 1781 curn
1324 1735 1525 1795 scriptor
1560 1734 1739 1780 tabulae
1777 1735 1831 1780 ad

304 1804 537 1850 minimum
565 1805 744 1865 pondus
771 1806 1005 1865 pervenit,
1031 1806 1099 1850 his
1132 1806 1351 1851 nonnulla
1380 1806 1584 1864 adiungit
1610 1818 1724 1866 quae
1750 1805 1832 1849 ali·

305 1875 423 1920 unde
455 1874 668 1934 petivisse
702 1876 902 1921 videtur:
939 1876 1194 1922 drachmam
1223 1882 1268 1922 et
1300 1871 1463 1935 ὁλκήν
1490 1875 1617 1921 XVlll
1645 1875 1831 1935 siliqua-

305 1959 406 1990 rum
432 1943 516 2006 (27.
547 1948 601 1999 28
625 1964 694 1987 =
718 1946 790 2004 ΙΙΙ,
817 1945 878 2006 5),
905 1941 1117 2006 γράμμα
1141 1946 1194 1991 Vl
1221 1947 1488 2007 siliquarum
1526 1943 1596 2006 (30
1614 1965 1686 1988 =
1703 1945 1775 2004 ΙΙΙ,
1803 1947 1830 1989 6

306 2011 408 2074 aL),
444 2015 630 2061 obolum
666 2017 803 2062 trium
833 2016 1100 2077 siliquarum
1129 2014 1193 2078 (31
1225 2037 1296 2062 z
1323 2018 1405 2075 ΙΙΙ,
1441 2021 1466 2060 7
1497 2015 1598 2075 al.)‚
1634 2015 1829 2076 denique

305 2080 501 2144 Θέρμην
532 2086 665 2131 unius
694 2093 739 2132 et
764 2087 974 2133 dimidiae
1001 2086 1193 2148 siliquae
1219 2086 1315 2145 (323
1343 2087 1475 2132 aliter
1500 2087 1554 2144 Χ,
1587 2083 1674 2147 10).
1728 2085 1830 2131 Om-

304 2154 412 2200 nino
458 2155 599 2214 igitur
635 2158 750 2202 hanc
795 2157 1047 2217 ponderum
1083 2158 1433 2217 descriptionem
1466 2157 1601 2202 variis
1640 2169 1664 2201 e
1699 2155 1830 2201 libris

306 2224 563 2286 tabulisque
597 2227 874 2273 medIcorum
909 2227 1196 2288 compilatam
1230 2239 1334 2272 esse*
1367 2233 1567 2287 apparet.
1639 2226 1829 2286 Propria

303 2294 441 2341 huius
469 2295 648 2343 tabulae
673 2304 745 2342 est
769 2292 951 2357 θέρμη,
978 2313 1062 2358 pro
1090 2312 1178 2358 qua
1209 2303 1253 2342 et
1280 2297 1537 2344 Oribasiana
1567 2296 1654 2357 (67,
1685 2296 1756 2355 33)
1785 2303 1830 2341 et

303 2364 417 2411 aliae
446 2366 612 2412 habent
633 2363 850 2427 θέρμοε;
877 2369 1112 2414 insolitum
1139 2362 1316 2415 είκλον
1345 2367 1530 2428 aequale
1557 2367 1715 2413 stateri
1743 2366 1830 2425 (in-

305 2436 375 2480 sra
407 2435 436 2493 S
462 2438 532 2481 68.
561 2434 647 2499 72).

408 2506 530 2551 lnter
583 2522 815 2554 mensuras
863 2509 1011 2568 primo
1067 2509 1289 2554 medimno
1349 2456 1829 2568 duodequinquagin'ta

305 2574 447 2620 librae
482 2577 758 2624 tribuuntur.
810 2578 921 2634 Quid
958 2579 1076 2625 hoc?
1120 2593 1228 2623 num
1267 2585 1373 2624 sunt
1407 2578 1549 2623 librae
1583 2577 1828 2622 frumenti?

305 2646 364 2688 At
397 2658 502 2689 vero
542 2648 749 2706 modiuS‚
790 2657 914 2694 sexta
951 2649 1162 2694 medimni
1197 2663 1328 2709 pars,
1365 2648 1608 2694 secundum
1632 2646 1829 2692 Plinium

305 2714 464 2773 viginti
494 2715 587 2760 lere
613 2716 750 2762 libras
777 2719 912 2764 habet
937 2718 984 2778 (S
1011 2722 1065 2763 25
1085 2720 1186 2764 adn.
1214 2718 1271 2778 6).
1320 2718 1438 2764 Haec
1466 2717 1695 2778 quomodo
1721 2731 1830 2763 con-

305 2784 517 2829 socianda
541 2785 648 2843 sint,
675 2787 853 2833 videant
878 2789 977 2834 alii:
1006 2804 1091 2849 ego
1118 2791 1163 2835 in
1191 2789 1415 2847 tenebris⁷
1442 2795 1492 2833 ut
1521 2790 1662 2846 aiunt,
1692 2801 1829 2847 quae-

306 2867 406 2898 rere
439 2853 561 2899 nolo,
614 2855 702 2901 Nec
726 2857 780 2902 de
808 2858 994 2917 reliquis
1022 2860 1245 2906 mensuris
1275 2873 1394 2904 nunc
1424 2857 1536 2903 libet
1568 2858 1829 2918 disputare;

307 2923 384 2968 sed
412 2924 629 2984 quidquid
654 2939 707 2970 ex
732 2926 802 2972 his
834 2936 1084 2974 memoratu
1112 2930 1295 2989 dignum
1327 2928 1578 2986 videbitur,
1619 2928 1828 2988 posthac,
