1946 3220
311 133 382 186 42
836 147 1223 183 PRoLEGoMnNA
1245 147 1300 181 m

310 265 454 311 Aliam
485 265 627 324 igitur
659 276 865 309 caussam
889 259 1385 320 circumspicientibus,
1425 274 1514 320 qua
1543 260 1723 307 adducti
1747 260 1837 308 110⁴

311 337 429 381 mani
473 340 519 380 et
564 333 856 394 quadraginta
892 336 1044 391 partes
1086 330 1225 376 modii
1260 330 1417 376 satorii
1450 331 1642 377 fecerint
1677 337 1722 376 et
1757 345 1832 377 eas

310 406 431 466 ipsas
458 399 632 463 λίτρας
657 401 998 463 appellaverint,
1026 401 1319 461 gravissimus
1346 407 1506 448 auctor
1529 401 1729 448 occurrit
1748 400 1835 448 Vo-

310 475 455 521 lusius
482 469 790 532 Maecianus⁷).
845 471 1063 517 Nimirum
1099 466 1265 530 λίτραῑ
1288 471 1447 519 Latino
1483 485 1690 518 sermone
1729 480 1836 518 sunt

310 546 390 591 lib
406 544 552 590 ellae
566 579 578 600 ,
607 543 772 604 quibus
792 542 838 588 in
860 543 1127 602 argentariis
1146 542 1400 588 rationibus
1420 542 1678 588 utebantur.
1729 542 1835 588 Erat

310 622 459 660 autem
494 613 645 660 libella
680 620 758 659 aut
793 613 963 659 denarii
1000 612 1169 658 decima
1204 628 1310 673 pars
1346 620 1423 658 aut
1459 613 1684 659 sestertii:
1721 626 1833 674 ergo

309 683 590 731 sestertiaria
625 685 802 730 ratione
829 683 981 730 libella
1005 683 1092 730 dici
1126 689 1280 744 potest
1317 683 1485 729 denarii
1511 697 1615 744 pars
1644 683 1834 744 quadra·

309 755 494 816 gesima.
547 755 637 801 Iam
665 769 772 801 vero
809 755 918 800 11366
954 755 1212 813 argentaria
1246 755 1363 800 ratio
1389 754 1443 799 ad
1468 754 1579 800 alias
1610 768 1834 815 quascun-

310 840 398 887 que
439 840 511 872 res
546 826 770 872 interdum
817 826 879 870 ita
918 824 1293 882 transferebatur,
1335 831 1385 870 ut
1423 839 1471 870 as
1509 825 1603 870 sive
1640 824 1835 885 solidum

309 902 650 957 computaretur
672 911 757 957 pro
781 896 992 952 denario,
1022 903 1176 956 partes
1207 903 1358 941 autem
1383 895 1480 941 eius
1503 894 1664 941 fierent
1687 901 1733 941 et
1759 895 1836 941 de-

308 967 458 1012 nariae
492 973 537 1012 et
561 966 809 1012 vicenariae
836 974 880 1012 et
907 966 1304 1026 quadragenariae.
1355 966 1419 1011 Ita
1445 965 1650 1011 existimo
1675 965 1835 1011 Rorna-

307 1051 409 1095 nOS,
433 1051 534 1083 611111
561 1038 739 1097 pondus
768 1036 906 1083 modii
931 1037 1141 1097 Aegyptii
1172 1036 1469 1096 quadraginta
1499 1035 1835 1092 feredlibrarum

308 1121 406 1152 esse
449 1109 642 1166 scirent,
685 1108 945 1168 argentaria
987 1110 1162 1153 ratione
1207 1107 1262 1153 ad
1306 1114 1532 1166 agrestem
1580 1120 1836 1152 mensuram

308 1177 525 1223 translata
568 1178 706 1223 modii
748 1178 907 1224 satorii
944 1177 1105 1223 fecisse
1139 1184 1292 1238 partes
1332 1178 1629 1238 quadraginta
1667 1191 1834 1237 easque

306 1247 509 1306 libellas,
538 1247 733 1294 Graecos
761 1254 911 1294 autem
936 1242 1113 1307 λίτρας
1142 1247 1458 1308 appellavisse.

407 1318 562 1378 Neque
597 1320 684 1365 1106
719 1319 1019 1365 omittendum
1048 1318 1249 1377 videtur,
1291 1318 1470 1364 libellae
1506 1318 1708 1378 quintam
1732 1332 1836 1378 par-

304 1396 413 1446 tem,
442 1389 646 1449 orgyiam
674 1390 953 1450 quadratam,
980 1395 1157 1435 tantum
1185 1403 1275 1434 non
1299 1403 1453 1449 parem
1479 1388 1622 1434 fuisse
1650 1388 1834 1434 dimidio

308 1458 537 1519 scripulo,
576 1459 784 1505 minimae
812 1460 957 1519 iugeri
986 1456 1164 1519 partiss).
1220 1459 1409 1505 Omnino
1439 1460 1582 1518 igitur
1618 1466 1715 1504 tota
1739 1473 1836 1504 mo-

307 1529 367 1574 dii
404 1530 560 1574 satorii
597 1536 642 1574 et
675 1544 887 1576 mensura
924 1536 968 1574 et
1004 1530 1248 1590 descriptio
1285 1529 1515 1590 aptissima
1555 1530 1641 1575 suit
1669 1529 1836 1575 311Βο-

305 1613 480 1644 manam
513 1601 913 1659 consuetudinem,
955 1615 1043 1660 qua
1077 1600 1130 1646 de
1170 1615 1220 1646 re
1256 1607 1414 1660 postea
1443 1614 1586 1660 pauca
1622 1600 1833 1646 addemus

303 1668 352 1729 (S
380 1668 468 1729 27).

840 1795 905 1834 De
936 1793 1071 1835 cubito
1103 1794 1308 1846 bipedali.

221 1884 285 1934 26
409 1879 563 1926 Altera
611 1881 745 1927 huius
789 1883 1067 1941 quaestionis
1117 1895 1251 1941 pars,
1294 1894 1408 1941 quae
1445 1887 1515 1926 est
1549 1881 1603 1926 de
1640 1879 1836 1940 bipedali

307 1950 485 2008 cubito,
522 1966 624 1997 cum
664 1952 718 1997 de
758 1952 917 2013 orgyia
958 1952 1068 1998 satis
1100 1950 1384 2011 exploratum
1418 1951 1502 2007 sit,
1535 1951 1622 1997 iam
1657 1950 1833 1996 facilius

305 2028 460 2081 potest
499 2021 683 2067 absolvi.
738 2020 847 2068 Nam
874 2028 919 2067 et
945 2023 1195 2068 Romanum
1222 2021 1366 2067 fuisse
1393 2022 1552 2081 pedem
1581 2022 1657 2081 qui
1685 2021 1833 2082 dupli·

305 2098 433 2138 catus
473 2091 675 2137 cubitum
714 2092 939 2150 efficeret,
982 2099 1026 2138 et
1063 2093 1212 2152 ipsum
1250 2091 1453 2137 cubitum
1488 2091 1539 2137 ad
1575 2093 1832 2152 Aegyptum

308 2169 473 2206 terram
500 2162 726 2221 pertinere
756 2170 930 2208 certum
957 2169 1041 2208 est.
1098 2163 1188 2207 lam
1214 2177 1267 2208 ex
1293 2163 1476 2223 antiqua
1502 2163 1678 2207 ratione
1706 2163 1833 2222 quini

306 2230 446 2277 cubiti
466 2232 732 2278 Philetaerei
757 2247 959 2278 novenos
986 2233 1237 2293 aequabant
1257 2233 1394 2292 pedes
1419 2233 1643 2278 Romanos
1675 2231 1722 2291 (S
1744 2231 1830 2291 18),

305 2301 422 2347 unde
458 2302 503 2346 in
539 2303 844 2363 computando
872 2303 1216 2349 molestissimae
1251 2302 1515 2349 oriebantur
1550 2303 1758 2364 ambages
1787 2311 1832 2348 61

305 2370 607 2418 difficultates.
656 2372 766 2418 Cum
799 2374 943 2433 igitur
975 2373 1021 2418 in
1045 2375 1252 2434 Aegypto
1277 2373 1579 2419 Romanorum
1605 2373 1832 2419 mensuris

306 2442 448 2502 magis
473 2444 707 2503 magisque
727 2444 1005 2504 principatus
1033 2444 1161 2504 quasi
1183 2444 1524 2501 concederetur,
1554 2443 1721 2490 factum
1745 2450 1831 2501 est,
1910 2455 1914 2459 ’

305 2518 355 2554 111
381 2514 593 2572 antiquus
620 2513 800 2559 cubitus
820 2514 1119 2560 Ptolemaicus
1146 2515 1239 2560 sive
1265 2514 1572 2560 Philetaereus
1601 2514 1829 2559 levissimo

419 2729 466 2781 7)
497 2731 689 2772 Distrib.
721 2738 839 2785 part.
869 2735 893 2784 ξ
925 2736 991 2776 65.
1026 2737 1092 2776 74.
1154 2735 1286 2776 Conf.
1317 2735 1580 2777 Mommsen.
1615 2735 1664 2775 G.
1687 2735 1740 2777 R.
1762 2735 1827 2776 M.

305 2800 347 2839 p.
379 2788 476 2827 200.
528 2786 617 2826 Sed
650 2789 921 2840 explicatius
953 2791 1009 2831 de
1039 2792 1110 2831 his
1142 2791 1398 2832 disserendi
1427 2791 1556 2831 locus
1589 2792 1692 2840 erit,
1725 2803 1829 2831 cum

305 2843 354 2882 in
386 2842 534 2882 altera
563 2842 696 2883 huius
728 2843 834 2884 libri
863 2852 994 2898 parte
1027 2848 1084 2887 ad
1116 2848 1407 2888 Maecianum
1438 2848 1797 2899 pervenerimus.

418 2898 465 2942 8)
497 2898 553 2939 V.
583 2910 665 2938 nos
695 2899 741 2938 in
772 2900 951 2941 Metrol.
985 2916 1027 2955 p.
1058 2905 1112 2944 68
1145 2904 1248 2946 adn.
1271 2905 1311 2943 2.
1372 2903 1622 2943 Dimidium
1653 2903 1827 2956 scripu-

304 2952 396 2993 lum
427 2952 570 2993 habet
601 2954 701 3006 ped.
735 2956 892 3006 quadr.
924 2959 990 3007 50,
1026 2960 1188 3011 orgyia
1220 2958 1447 3012 quadrata
1476 2959 1579 3011 ped.
1611 2959 1681 2999 48.
