1946 3220
283 133 391 188 232
669 148 989 184 FRAGMENTA
1024 148 1094 179 DE
1131 146 1395 184 MENSURIS
1714 127 1822 199 [59]

1892 251 1913 278 a

394 315 463 367 59
501 320 638 379 (cap.
680 310 801 381 IX).
881 309 1085 371 Quarta
1123 310 1306 361 tabula
1338 311 1626 376 ponderum
1663 319 1711 362 et
1879 280 1937 393 {i

863 411 1238 446 mensurarum.
1455 460 1460 470 Ι
1620 412 1622 414 ·

674 494 808 559 Περὶ
833 494 1041 558 μέτρων
1067 495 1152 548 καὶ
1180 497 1435 560 ςταθμῶν.

400 595 442 645 1.
483 594 540 645 Ἡ
578 594 682 657 μνᾶ
715 592 852 657 πρὸς
886 592 948 644 τὸ
987 593 1236 647 Ἰταλικὸν
1272 593 1380 658 ἔχει
1416 593 1652 658 δραχμὰς
1689 593 1819 659 puts,

209 665 270 750 7655
293 679 430 743 πρὸς
454 680 513 730 δὲ
537 678 600 729 τὸ
627 677 859 730 Ἀττικὸν
886 677 1122 741 δραχμὰς
1149 676 1271 742 ρκβ’·
1300 677 1432 730 ὥςτε
1453 679 1548 742 τὴν
1568 678 1818 742 Ἰταλικὴν
1938 749 1941 754 .

293 765 430 827 μνᾶν
467 760 603 815 εἶναι
631 760 679 813 λι
714 758 762 813 α’
794 761 1027 826 ἡμίςειαν
1063 761 1182 828 [τὴν
1211 763 1271 816 δὲ
1304 758 1537 826 Ἀττικὴν
1562 761 1610 812 λι
1636 760 1683 813 α’
1707 764 1747 817 [3
1773 759 1827 824 γ’
1915 783 1941 814 1

294 847 531 912 δραχμὰς
557 843 639 913 δ’].

400 930 447 982 2.
486 932 544 983 Ἡ
566 930 754 993 οὐγγία
774 929 888 993 ἄγει
907 930 1053 994 παρὰ
1072 931 1166 994 μὲν
1185 932 1297 982 τοῖς
1317 931 1567 984 Ἀττικοῖς
1586 931 1825 995 δραχμὰς

295 1014 355 1081 τῖ’,
382 1016 528 1080 παρὰ
555 1017 613 1068 δὲ
637 1017 751 1067 τοῖς
776 1015 1042 1067 Ἰταλικοῖς
1068 1014 1304 1079 δραχμὰς
1329 1014 1389 1079 η’.

210 1109 264 1148 10
402 1100 448 1152 3.
483 1101 541 1152 Ἡ
571 1100 629 1151 δὲ
655 1101 859 1163 δραχμὴ
887 1098 1162 1162 γράμματα
1188 1098 1296 1162 ἔχει
1319 1093 1380 1160 γ’.

403 1184 450 1235 4.
490 1186 547 1236 Ἡ
577 1184 635 1235 δὲ
664 1182 853 1244 οὐγγία
881 1174 927 1243 [ἵ
951 1180 1041 1234 κδ’.

404 1266 450 1318 5.
490 1268 547 1319 Ἡ
578 1268 637 1319 δὲ
663 1266 812 1331 λίτρα
839 1266 946 1331 ἔχει
972 1268 1012 1320 [3
1038 1266 1260 1318 δώδεκα.

406 1434 453 1486 6.
492 1435 772 1499 Δίδραχμα
799 1436 907 1500 ἔχει
935 1435 1095 1487 ὁλκὰς
1124 1430 1179 1500 β’.
1232 1436 1328 1499 τὴν
1365 1436 1423 1488 δὲ
1460 1434 1625 1499 ὁλκὴν
1658 1451 1829 1488 ςυνω-

300 1520 481 1584 νύμως
508 1519 592 1570 καὶ
616 1520 855 1584 δραχμὴν
883 1519 1145 1581 λέγουςιν.
1667 1513 1669 1515 ’

217 1610 268 1649 15
407 1603 453 1655 7.
493 1604 567 1656 Τὸ
600 1604 658 1655 δὲ
682 1603 892 1667 γράμμα
919 1602 1026 1667 ἔχει
1057 1602 1260 1668 ὀβολὸν
1287 1601 1334 1654 α’
1356 1604 1589 1669 χαλκοῦς
1613 1600 1672 1655 δ’.

409 1686 454 1738 8.
492 1689 551 1740 Ὁ
578 1689 637 1739 δὲ
661 1686 858 1752 ὀβολὸς
883 1689 1114 1751 χαλκοῦς
1143 1684 1201 1744 ς’.

409 1770 456 1822 9.
495 1772 554 1823 Ὁ
583 1772 642 1824 δὲ
668 1773 899 1835 χαλκοῦς
933 1771 1016 1822 καὶ
1049 1770 1112 1822 τὸ
1148 1770 1391 1834 κεράτιον
1427 1771 1631 1824 παντὸς
1665 1771 1829 1835 γράμ-

301 1854 464 1920 ματός
506 1855 609 1908 ἐςτι
650 1854 995 1920 ςμικρότατον
1030 1855 1170 1919 πρὸς
1203 1854 1523 1919 ἐκπλήρωμα
1556 1855 1830 1920 τιθέμενον

299 1941 410 1993 τῶν
437 1942 691 2004 ςταθμῶν.

216 2069 272 2108 20
377 2065 457 2116 10.
496 2066 555 2117 ‘O
586 2066 835 2130 μέδιμνος
860 2066 967 2130 ἔχει
991 2064 1205 2129 ἡμίεκτα
1233 2063 1311 2129 ιβ’.

206 2152 211 2157 ’
376 2148 455 2199 11.
495 2149 580 2225 Τὸ.
604 2151 662 2201 δὲ
685 2148 931 2212 ἡμίεκτον
958 2148 1090 2213 χόας
1120 2150 1214 2212 μὲν
1243 2147 1303 2212 β’,
1328 2147 1562 2213 χοίνικας
1589 2149 1647 2200 δὲ
1672 2146 1730 2199 δ’.

377 2231 457 2283 12.
495 2231 555 2283 Ὁ
587 2233 644 2284 δὲ
670 2235 801 2296 χοῦς
826 2231 1062 2298 χοίνικας
1090 2226 1150 2297 β’,
1181 2232 1209 2296 ξ
1235 2229 1297 2295 η’·
1340 2231 1413 2283 ὡς
1449 2231 1589 2296 ἔχειν
1619 2232 1716 2286 τὸν
1744 2232 1831 2295 μέ-

302 2319 490 2380 διμνον
522 2315 755 2381 χοίνικας
779 2314 877 2380 μη’,
905 2316 934 2380 ξ
959 2314 1088 2380 pqss'.

404 2501 443 2542 1.
476 2497 741 2550 Κεφάλαιον
773 2492 812 2539 θ’
847 2499 905 2539 Cle
1000 2502 1038 2539 3.
1070 2497 1191 2550 Περὶ
1224 2497 1410 2550 μέτρων
1442 2509 1544 2549 κεφ.
1578 2492 1614 2548 β’
1644 2497 1695 2537 St
1788 2500 1831 2539 5.

306 2565 364 2606 τὸ
387 2580 470 2608 om.
496 2568 554 2608 Cle
641 2562 757 2621 ρκβ’]
793 2569 985 2609 forsitan
1006 2562 1120 2621 ρκς’,
1151 2569 1257 2609 vide
1279 2568 1391 2621 prol.
1416 2569 1440 2617 ξ
1462 2569 1516 2608 62
1604 2569 1643 2610 6.
1668 2564 1832 2618 λίτραν

307 2635 380 2686 St,
420 2634 465 2682 λι
495 2637 551 2676 Cle
580 2642 775 2691 utroque
806 2638 909 2678 loeo
1025 2631 1085 2690 α’]
1136 2635 1242 2688 μίαν
1273 2637 1326 2676 St
1464 2635 1556 2687 τὴν
1595 2634 1644 2676 δὲ
1684 2634 1833 2676 Ἀττι·

307 2702 416 2755 κὴν]
458 2704 574 2755 πρὸς
615 2707 664 2747 δὲ
692 2707 783 2758 τὴν
823 2706 946 2748 Ἀττ.
982 2707 1052 2748 Clz.
1199 2709 1266 2748 11.
1300 2704 1334 2750 so*
1367 2705 1478 2747 Clzst
1596 2696 1639 2754 [ἵ
1670 2718 1757 2747 om.
1779 2704 1832 2744 St

309 2773 376 2812 12.
410 2771 459 2812 δὲ
489 2786 574 2815 om.
607 2775 657 2814 St
773 2775 964 2827 οὐγγίας
996 2776 1047 2816 St
1170 2778 1236 2816 13.
1268 2772 1510 2827 Δίδραχμα
1539 2774 1633 2826 ἔχει
1664 2788 1747 2816 om.
1780 2773 1830 2813 St

310 2841 378 2882 15.
410 2839 626 2892 τέςςαρας
658 2843 708 2883 Se
823 2849 891 2886 21.
924 2845 973 2887 δὲ
1003 2843 1205 2897 χοίνικας
1237 2844 1294 2885 Clz
1409 2846 1478 2885 22.
1511 2841 1564 2895 ξε
1602 2845 1680 2896 Clz,
1720 2844 1829 2883 item

307 2922 431 2951 vers.
463 2911 516 2951 23
