<?xml version="1.0" encoding="UTF-8"?>
<!DOCTYPE html PUBLIC "-//W3C//DTD XHTML 1.0 Transitional//EN"
    "http://www.w3.org/TR/xhtml1/DTD/xhtml1-transitional.dtd">
<html xmlns="http://www.w3.org/1999/xhtml" xml:lang="en" lang="en">
 <head>
  <title>
</title>
<meta http-equiv="Content-Type" content="text/html;charset=utf-8" />
  <meta name='ocr-system' content='tesseract 3.04.00' />
  <meta name='ocr-capabilities' content='ocr_page ocr_carea ocr_par ocr_line ocrx_word'/>
</head>
<body>
  <div class='ocr_page' id='page_1' title='image "./metrologicorumsc01hultuoft_0140.png"; bbox 0 0 1946 3220; ppageno 0'>
   <div class='ocr_carea' id='block_1_1' title="bbox 330 167 1333 219">
    <p class='ocr_par' dir='ltr' id='par_1_1' title="bbox 330 167 1333 219">
     <span class='ocr_line' id='line_1_1' title="bbox 330 167 1333 219; baseline -0.005 0"><span class='ocrx_word' id='word_1_1' title='bbox 330 167 432 219; x_wconf 78' lang='lat'><strong>112</strong></span> <span class='ocrx_word' id='word_1_2' title='bbox 866 181 1252 216; x_wconf 78' lang='lat' dir='ltr'>PROLEGOMENA</span> <span class='ocrx_word' id='word_1_3' title='bbox 1277 182 1333 215; x_wconf 78' lang='lat' dir='ltr'><strong>m</strong></span> 
     </span>
    </p>
   </div>
   <div class='ocr_carea' id='block_1_2' title="bbox 322 293 1856 2046">
    <p class='ocr_par' dir='ltr' id='par_1_2' title="bbox 325 293 1856 989">
     <span class='ocr_line' id='line_1_2' title="bbox 328 293 1856 357; baseline -0.002 -13"><span class='ocrx_word' id='word_1_4' title='bbox 328 298 575 357; x_wconf 89' lang='lat' dir='ltr'><strong>multisque</strong></span> <span class='ocrx_word' id='word_1_5' title='bbox 609 298 739 341; x_wconf 89' lang='lat' dir='ltr'><strong>Asiae</strong></span> <span class='ocrx_word' id='word_1_6' title='bbox 771 295 958 340; x_wconf 90' lang='lat' dir='ltr'><strong>minoris</strong></span> <span class='ocrx_word' id='word_1_7' title='bbox 990 293 1252 353; x_wconf 85' lang='lat' dir='ltr'><strong>regionibus</strong></span> <span class='ocrx_word' id='word_1_8' title='bbox 1279 294 1498 340; x_wconf 90' lang='lat' dir='ltr'><strong>usitatum</strong></span> <span class='ocrx_word' id='word_1_9' title='bbox 1524 301 1638 351; x_wconf 82' lang='lat' dir='ltr'><strong>erat,</strong></span> <span class='ocrx_word' id='word_1_10' title='bbox 1671 301 1856 342; x_wconf 85' lang='lat' dir='ltr'><strong>secutus</strong></span> 
     </span>
     <span class='ocr_line' id='line_1_3' title="bbox 329 363 1855 426; baseline -0.002 -12"><span class='ocrx_word' id='word_1_11' title='bbox 329 376 415 415; x_wconf 90' lang='lat' dir='ltr'><strong>est.</strong></span> <span class='ocrx_word' id='word_1_12' title='bbox 486 367 613 422; x_wconf 86' lang='lat' dir='ltr'><strong>Quod</strong></span> <span class='ocrx_word' id='word_1_13' title='bbox 652 380 739 426; x_wconf 87' lang='lat' dir='ltr'><strong>qua</strong></span> <span class='ocrx_word' id='word_1_14' title='bbox 774 365 828 410; x_wconf 89' lang='lat' dir='ltr'><strong>de</strong></span> <span class='ocrx_word' id='word_1_15' title='bbox 863 378 998 409; x_wconf 90' lang='lat' dir='ltr'><strong>causa</strong></span> <span class='ocrx_word' id='word_1_16' title='bbox 1034 364 1219 422; x_wconf 84' lang='lat' dir='ltr'><strong>fecerit,</strong></span> <span class='ocrx_word' id='word_1_17' title='bbox 1252 363 1325 410; x_wconf 91' lang='lat' dir='ltr'><strong>hic</strong></span> <span class='ocrx_word' id='word_1_18' title='bbox 1361 379 1452 410; x_wconf 89' lang='lat' dir='ltr'><strong>non</strong></span> <span class='ocrx_word' id='word_1_19' title='bbox 1489 372 1559 410; x_wconf 91' lang='lat' dir='ltr'><strong>est</strong></span> <span class='ocrx_word' id='word_1_20' title='bbox 1595 365 1855 426; x_wconf 90' lang='lat' dir='ltr'><strong>disputandi</strong></span> 
     </span>
     <span class='ocr_line' id='line_1_4' title="bbox 329 433 1855 494; baseline -0.002 -9"><span class='ocrx_word' id='word_1_21' title='bbox 329 439 482 486; x_wconf 92' lang='lat' dir='ltr'><strong>locus:</strong></span> <span class='ocrx_word' id='word_1_22' title='bbox 535 437 620 481; x_wconf 91' lang='lat' dir='ltr'><strong>hoc</strong></span> <span class='ocrx_word' id='word_1_23' title='bbox 669 441 819 480; x_wconf 91' lang='lat' dir='ltr'><strong>autem</strong></span> <span class='ocrx_word' id='word_1_24' title='bbox 870 448 1166 494; x_wconf 76' lang='lat' dir='ltr'><strong>quaeramus,</strong></span> <span class='ocrx_word' id='word_1_25' title='bbox 1213 433 1397 480; x_wconf 87' lang='lat' dir='ltr'><strong>nullane</strong></span> <span class='ocrx_word' id='word_1_26' title='bbox 1443 435 1560 481; x_wconf 90' lang='lat' dir='ltr'><strong>ratio</strong></span> <span class='ocrx_word' id='word_1_27' title='bbox 1593 435 1855 482; x_wconf 83' lang='lat' dir='ltr'><strong>Ptolemaici</strong></span> 
     </span>
     <span class='ocr_line' id='line_1_5' title="bbox 329 504 1853 566; baseline -0.001 -13"><span class='ocrx_word' id='word_1_28' title='bbox 329 520 615 553; x_wconf 90' lang='lat' dir='ltr'><strong>nummorum</strong></span> <span class='ocrx_word' id='word_1_29' title='bbox 652 505 868 566; x_wconf 89' lang='lat' dir='ltr'><strong>ponderis</strong></span> <span class='ocrx_word' id='word_1_30' title='bbox 902 504 956 550; x_wconf 91' lang='lat' dir='ltr'><strong>ad</strong></span> <span class='ocrx_word' id='word_1_31' title='bbox 985 504 1184 551; x_wconf 88' lang='lat' dir='ltr'><strong>Atticum</strong></span> <span class='ocrx_word' id='word_1_32' title='bbox 1219 504 1373 551; x_wconf 89' lang='lat' dir='ltr'><strong>suerit.</strong></span> <span class='ocrx_word' id='word_1_33' title='bbox 1424 505 1554 551; x_wconf 80' lang='lat' dir='ltr'><strong>Certe</strong></span> <span class='ocrx_word' id='word_1_34' title='bbox 1587 507 1626 551; x_wconf 93' lang='lat' dir='ltr'><strong>si</strong></span> <span class='ocrx_word' id='word_1_35' title='bbox 1653 506 1853 553; x_wconf 90' lang='lat' dir='ltr'><strong>rationes</strong></span> 
     </span>
     <span class='ocr_line' id='line_1_6' title="bbox 329 575 1854 636; baseline -0.001 -13"><span class='ocrx_word' id='word_1_36' title='bbox 329 590 642 623; x_wconf 89' lang='lat' dir='ltr'><strong>mensurarum</strong></span> <span class='ocrx_word' id='word_1_37' title='bbox 675 583 721 623; x_wconf 86' lang='lat' dir='ltr'><strong>et</strong></span> <span class='ocrx_word' id='word_1_38' title='bbox 741 581 1058 636; x_wconf 87' lang='lat' dir='ltr'><strong>porrectarum</strong></span> <span class='ocrx_word' id='word_1_39' title='bbox 1084 582 1130 620; x_wconf 88' lang='lat' dir='ltr'><strong>et</strong></span> <span class='ocrx_word' id='word_1_40' title='bbox 1154 575 1413 621; x_wconf 88' lang='lat' dir='ltr'><strong>cubicarum</strong></span> <span class='ocrx_word' id='word_1_41' title='bbox 1439 590 1463 621; x_wconf 92' lang='lat' dir='ltr'><strong>a</strong></span> <span class='ocrx_word' id='word_1_42' title='bbox 1489 576 1759 622; x_wconf 82' lang='lat' dir='ltr'><strong>Ptolemaeis</strong></span> <span class='ocrx_word' id='word_1_43' title='bbox 1786 578 1854 622; x_wconf 92' lang='lat' dir='ltr'><strong>in-</strong></span> 
     </span>
     <span class='ocr_line' id='line_1_7' title="bbox 327 644 1855 706; baseline 0 -13"><span class='ocrx_word' id='word_1_44' title='bbox 327 647 511 695; x_wconf 88' lang='lat' dir='ltr'><strong>stitutas</strong></span> <span class='ocrx_word' id='word_1_45' title='bbox 540 660 871 706; x_wconf 78' lang='lat' dir='ltr'>comparamus,</span> <span class='ocrx_word' id='word_1_46' title='bbox 898 644 1094 691; x_wconf 88' lang='lat' dir='ltr'><strong>dubitari</strong></span> <span class='ocrx_word' id='word_1_47' title='bbox 1117 647 1189 690; x_wconf 86' lang='lat' dir='ltr'><strong>vix</strong></span> <span class='ocrx_word' id='word_1_48' title='bbox 1217 652 1389 706; x_wconf 79' lang='lat' dir='ltr'><strong>potest,</strong></span> <span class='ocrx_word' id='word_1_49' title='bbox 1418 647 1527 706; x_wconf 89' lang='lat' dir='ltr'><strong>quin</strong></span> <span class='ocrx_word' id='word_1_50' title='bbox 1553 648 1855 693; x_wconf 91' lang='lat' dir='ltr'><strong>nummarium</strong></span> 
     </span>
     <span class='ocr_line' id='line_1_8' title="bbox 328 716 1853 777; baseline 0.001 -15"><span class='ocrx_word' id='word_1_51' title='bbox 328 718 464 762; x_wconf 89' lang='lat' dir='ltr'><strong>etiam</strong></span> <span class='ocrx_word' id='word_1_52' title='bbox 491 717 669 777; x_wconf 91' lang='lat' dir='ltr'><strong>pondus</strong></span> <span class='ocrx_word' id='word_1_53' title='bbox 697 731 750 762; x_wconf 78' lang='lat' dir='ltr'><strong>ex</strong></span> <span class='ocrx_word' id='word_1_54' title='bbox 773 717 921 762; x_wconf 88' lang='lat' dir='ltr'><strong>Attica</strong></span> <span class='ocrx_word' id='word_1_55' title='bbox 953 730 1112 762; x_wconf 88' lang='lat' dir='ltr'><strong>norma</strong></span> <span class='ocrx_word' id='word_1_56' title='bbox 1139 731 1164 761; x_wconf 95' lang='lat' dir='ltr'><strong>a</strong></span> <span class='ocrx_word' id='word_1_57' title='bbox 1191 716 1451 762; x_wconf 84' lang='lat' dir='ltr'><strong>Ptolemaeo</strong></span> <span class='ocrx_word' id='word_1_58' title='bbox 1478 717 1494 761; x_wconf 89' lang='lat'>1</span> <span class='ocrx_word' id='word_1_59' title='bbox 1521 716 1752 762; x_wconf 87' lang='lat' dir='ltr'><strong>definitum</strong></span> <span class='ocrx_word' id='word_1_60' title='bbox 1778 717 1853 763; x_wconf 92' lang='lat' dir='ltr'><strong>sit.</strong></span> 
     </span>
     <span class='ocr_line' id='line_1_9' title="bbox 325 786 1854 847; baseline 0 -14"><span class='ocrx_word' id='word_1_61' title='bbox 325 789 422 847; x_wconf 87' lang='lat' dir='ltr'><strong>Age</strong></span> <span class='ocrx_word' id='word_1_62' title='bbox 453 802 586 846; x_wconf 82' lang='lat' dir='ltr'><strong>vero,</strong></span> <span class='ocrx_word' id='word_1_63' title='bbox 612 788 788 833; x_wconf 88' lang='lat' dir='ltr'><strong>Atticae</strong></span> <span class='ocrx_word' id='word_1_64' title='bbox 817 787 1052 832; x_wconf 85' lang='lat' dir='ltr'><strong>drachmae</strong></span> <span class='ocrx_word' id='word_1_65' title='bbox 1078 786 1114 830; x_wconf 93' lang='lat' dir='ltr'>V</span> <span class='ocrx_word' id='word_1_66' title='bbox 1144 787 1310 835; x_wconf 84' lang='lat' dir='ltr'><strong>exactis</strong></span> <span class='ocrx_word' id='word_1_67' title='bbox 1339 786 1524 832; x_wconf 90' lang='lat' dir='ltr'><strong>calculis</strong></span> <span class='ocrx_word' id='word_1_68' title='bbox 1552 787 1724 833; x_wconf 85' lang='lat' dir='ltr'><strong>faciunt</strong></span> <span class='ocrx_word' id='word_1_69' title='bbox 1747 788 1854 833; x_wconf 90' lang='lat' dir='ltr'><strong>Pto-</strong></span> 
     </span>
     <span class='ocr_line' id='line_1_10' title="bbox 326 853 1854 918; baseline 0.001 -16"><span class='ocrx_word' id='word_1_70' title='bbox 326 858 539 904; x_wconf 88' lang='lat' dir='ltr'><strong>lemaicas</strong></span> <span class='ocrx_word' id='word_1_71' title='bbox 565 858 799 904; x_wconf 86' lang='lat' dir='ltr'><strong>drachmas</strong></span> <span class='ocrx_word' id='word_1_72' title='bbox 827 853 950 917; x_wconf 83' lang='lat' dir='ltr'>v1³):</span> <span class='ocrx_word' id='word_1_73' title='bbox 986 857 1102 903; x_wconf 91' lang='lat' dir='ltr'><strong>hanc</strong></span> <span class='ocrx_word' id='word_1_74' title='bbox 1127 857 1267 903; x_wconf 90' lang='lat' dir='ltr'><strong>habes</strong></span> <span class='ocrx_word' id='word_1_75' title='bbox 1295 857 1673 918; x_wconf 81' lang='lat' dir='ltr'><strong>simplicissimam</strong></span> <span class='ocrx_word' id='word_1_76' title='bbox 1704 865 1776 917; x_wconf 89' lang='lat' dir='ltr'><strong>et,</strong></span> <span class='ocrx_word' id='word_1_77' title='bbox 1803 865 1854 904; x_wconf 91' lang='lat' dir='ltr'><strong>ut</strong></span> 
     </span>
     <span class='ocr_line' id='line_1_11' title="bbox 329 928 1709 989; baseline 0 -16"><span class='ocrx_word' id='word_1_78' title='bbox 329 929 437 974; x_wconf 89' lang='lat' dir='ltr'><strong>mihi</strong></span> <span class='ocrx_word' id='word_1_79' title='bbox 463 928 666 988; x_wconf 74' lang='lat' dir='ltr'><strong>videtur,</strong></span> <span class='ocrx_word' id='word_1_80' title='bbox 694 928 941 989; x_wconf 84' lang='lat' dir='ltr'><strong>legitimam</strong></span> <span class='ocrx_word' id='word_1_81' title='bbox 966 930 1206 988; x_wconf 89' lang='lat' dir='ltr'><strong>utriusque</strong></span> <span class='ocrx_word' id='word_1_82' title='bbox 1232 934 1442 974; x_wconf 87' lang='lat' dir='ltr'><strong>monetae</strong></span> <span class='ocrx_word' id='word_1_83' title='bbox 1470 929 1709 974; x_wconf 86' lang='lat' dir='ltr'><strong>rationem.</strong></span> 
     </span>
    </p>

    <p class='ocr_par' dir='ltr' id='par_1_3' title="bbox 322 998 1854 2046">
     <span class='ocr_line' id='line_1_12' title="bbox 431 998 1854 1045; baseline 0 -1"><span class='ocrx_word' id='word_1_84' title='bbox 431 998 521 1045; x_wconf 89' lang='lat' dir='ltr'><strong>Iam</strong></span> <span class='ocrx_word' id='word_1_85' title='bbox 561 999 671 1045; x_wconf 88' lang='lat' dir='ltr'><strong>satis</strong></span> <span class='ocrx_word' id='word_1_86' title='bbox 707 1005 888 1045; x_wconf 86' lang='lat' dir='ltr'><strong>constat</strong></span> <span class='ocrx_word' id='word_1_87' title='bbox 921 998 1037 1045; x_wconf 90' lang='lat' dir='ltr'><strong>hanc</strong></span> <span class='ocrx_word' id='word_1_88' title='bbox 1076 998 1395 1045; x_wconf 87' lang='lat' dir='ltr'><strong>Ptolemaicam</strong></span> <span class='ocrx_word' id='word_1_89' title='bbox 1432 999 1687 1045; x_wconf 89' lang='lat' dir='ltr'><strong>drachmam</strong></span> <span class='ocrx_word' id='word_1_90' title='bbox 1724 1005 1769 1045; x_wconf 92' lang='lat' dir='ltr'><strong>et</strong></span> <span class='ocrx_word' id='word_1_91' title='bbox 1807 998 1854 1044; x_wconf 91' lang='lat' dir='ltr'><strong>in</strong></span> 
     </span>
     <span class='ocr_line' id='line_1_13' title="bbox 322 1069 1853 1130; baseline 0.001 -16"><span class='ocrx_word' id='word_1_92' title='bbox 322 1070 640 1130; x_wconf 89' lang='lat' dir='ltr'><strong>computandis</strong></span> <span class='ocrx_word' id='word_1_93' title='bbox 682 1071 877 1114; x_wconf 91' lang='lat' dir='ltr'><strong>nummis</strong></span> <span class='ocrx_word' id='word_1_94' title='bbox 919 1076 965 1115; x_wconf 90' lang='lat' dir='ltr'><strong>et</strong></span> <span class='ocrx_word' id='word_1_95' title='bbox 1008 1071 1054 1114; x_wconf 89' lang='lat' dir='ltr'><strong>in</strong></span> <span class='ocrx_word' id='word_1_96' title='bbox 1088 1069 1491 1130; x_wconf 88' lang='lat' dir='ltr'><strong>ponderationibus</strong></span> <span class='ocrx_word' id='word_1_97' title='bbox 1528 1084 1654 1115; x_wconf 91' lang='lat' dir='ltr'><strong>suam</strong></span> <span class='ocrx_word' id='word_1_98' title='bbox 1687 1070 1853 1116; x_wconf 88' lang='lat' dir='ltr'><strong>minam</strong></span> 
     </span>
     <span class='ocr_line' id='line_1_14' title="bbox 326 1139 1852 1198; baseline 0 -13"><span class='ocrx_word' id='word_1_99' title='bbox 326 1141 626 1186; x_wconf 84' lang='lat' dir='ltr'><strong>centenariam</strong></span> <span class='ocrx_word' id='word_1_100' title='bbox 665 1140 876 1186; x_wconf 88' lang='lat' dir='ltr'><strong>habuisse</strong></span> <span class='ocrx_word' id='word_1_101' title='bbox 910 1139 957 1198; x_wconf 68' lang='lat' dir='ltr'><strong>(S</strong></span> <span class='ocrx_word' id='word_1_102' title='bbox 986 1139 1084 1198; x_wconf 86' lang='lat'>67);</span> <span class='ocrx_word' id='word_1_103' title='bbox 1119 1140 1196 1185; x_wconf 91' lang='lat' dir='ltr'><strong>sed</strong></span> <span class='ocrx_word' id='word_1_104' title='bbox 1235 1155 1332 1186; x_wconf 91' lang='lat' dir='ltr'><strong>eam</strong></span> <span class='ocrx_word' id='word_1_105' title='bbox 1369 1155 1464 1186; x_wconf 89' lang='lat' dir='ltr'><strong>rem</strong></span> <span class='ocrx_word' id='word_1_106' title='bbox 1501 1141 1589 1187; x_wconf 94' lang='lat' dir='ltr'><strong>hoc</strong></span> <span class='ocrx_word' id='word_1_107' title='bbox 1618 1140 1720 1187; x_wconf 89' lang='lat' dir='ltr'><strong>loco</strong></span> <span class='ocrx_word' id='word_1_108' title='bbox 1758 1153 1852 1187; x_wconf 90' lang='lat' dir='ltr'><strong>non</strong></span> 
     </span>
     <span class='ocr_line' id='line_1_15' title="bbox 323 1208 1852 1271; baseline 0.001 -16"><span class='ocrx_word' id='word_1_109' title='bbox 323 1225 464 1256; x_wconf 86' lang='lat' dir='ltr'><strong>curo:</strong></span> <span class='ocrx_word' id='word_1_110' title='bbox 493 1209 606 1255; x_wconf 92' lang='lat' dir='ltr'><strong>illud</strong></span> <span class='ocrx_word' id='word_1_111' title='bbox 629 1211 784 1270; x_wconf 90' lang='lat' dir='ltr'><strong>potius</strong></span> <span class='ocrx_word' id='word_1_112' title='bbox 816 1224 1006 1270; x_wconf 75' lang='lat' dir='ltr'><strong>quaero⁷</strong></span> <span class='ocrx_word' id='word_1_113' title='bbox 1031 1208 1329 1257; x_wconf 85' lang='lat' dir='ltr'><strong>Alexandrina</strong></span> <span class='ocrx_word' id='word_1_114' title='bbox 1358 1213 1478 1256; x_wconf 90' lang='lat' dir='ltr'><strong>mina</strong></span> <span class='ocrx_word' id='word_1_115' title='bbox 1509 1210 1642 1271; x_wconf 90' lang='lat' dir='ltr'><strong>quale</strong></span> <span class='ocrx_word' id='word_1_116' title='bbox 1673 1212 1852 1271; x_wconf 90' lang='lat' dir='ltr'><strong>pondus</strong></span> 
     </span>
     <span class='ocr_line' id='line_1_16' title="bbox 324 1280 1853 1342; baseline 0.002 -17"><span class='ocrx_word' id='word_1_117' title='bbox 324 1280 476 1326; x_wconf 86' lang='lat' dir='ltr'><strong>fuerit.</strong></span> <span class='ocrx_word' id='word_1_118' title='bbox 503 1280 585 1326; x_wconf 91' lang='lat' dir='ltr'><strong>Hic</strong></span> <span class='ocrx_word' id='word_1_119' title='bbox 606 1295 767 1326; x_wconf 89' lang='lat' dir='ltr'><strong>rursus</strong></span> <span class='ocrx_word' id='word_1_120' title='bbox 790 1281 1008 1326; x_wconf 90' lang='lat' dir='ltr'><strong>nonnulla</strong></span> <span class='ocrx_word' id='word_1_121' title='bbox 1032 1295 1175 1341; x_wconf 90' lang='lat' dir='ltr'><strong>eaque</strong></span> <span class='ocrx_word' id='word_1_122' title='bbox 1199 1281 1463 1340; x_wconf 84' lang='lat' dir='ltr'><strong>gravissima</strong></span> <span class='ocrx_word' id='word_1_123' title='bbox 1483 1281 1684 1328; x_wconf 90' lang='lat' dir='ltr'><strong>nondum</strong></span> <span class='ocrx_word' id='word_1_124' title='bbox 1704 1281 1853 1342; x_wconf 87' lang='lat' dir='ltr'><strong>expla-</strong></span> 
     </span>
     <span class='ocr_line' id='line_1_17' title="bbox 325 1351 1852 1412; baseline 0.001 -16"><span class='ocrx_word' id='word_1_125' title='bbox 325 1357 431 1397; x_wconf 87' lang='lat' dir='ltr'><strong>nata</strong></span> <span class='ocrx_word' id='word_1_126' title='bbox 464 1357 571 1396; x_wconf 91' lang='lat' dir='ltr'><strong>sunt</strong></span> <span class='ocrx_word' id='word_1_127' title='bbox 602 1365 686 1396; x_wconf 87' lang='lat' dir='ltr'><strong>nec</strong></span> <span class='ocrx_word' id='word_1_128' title='bbox 711 1351 820 1397; x_wconf 88' lang='lat' dir='ltr'><strong>satis</strong></span> <span class='ocrx_word' id='word_1_129' title='bbox 851 1353 990 1398; x_wconf 91' lang='lat' dir='ltr'><strong>certis</strong></span> <span class='ocrx_word' id='word_1_130' title='bbox 1015 1351 1219 1412; x_wconf 85' lang='lat' dir='ltr'><strong>vestigiis</strong></span> <span class='ocrx_word' id='word_1_131' title='bbox 1254 1353 1532 1409; x_wconf 90' lang='lat' dir='ltr'><strong>insistimus;</strong></span> <span class='ocrx_word' id='word_1_132' title='bbox 1569 1353 1647 1398; x_wconf 92' lang='lat' dir='ltr'><strong>sed</strong></span> <span class='ocrx_word' id='word_1_133' title='bbox 1684 1361 1852 1412; x_wconf 80' lang='lat' dir='ltr'><strong>tamen,</strong></span> 
     </span>
     <span class='ocr_line' id='line_1_18' title="bbox 322 1421 1851 1483; baseline 0.001 -17"><span class='ocrx_word' id='word_1_134' title='bbox 322 1421 411 1466; x_wconf 85' lang='lat' dir='ltr'><strong>etsi</strong></span> <span class='ocrx_word' id='word_1_135' title='bbox 437 1421 763 1467; x_wconf 85' lang='lat' dir='ltr'><strong>demonstratio</strong></span> <span class='ocrx_word' id='word_1_136' title='bbox 786 1421 883 1467; x_wconf 84' lang='lat' dir='ltr'><strong>fieri</strong></span> <span class='ocrx_word' id='word_1_137' title='bbox 910 1435 1004 1467; x_wconf 91' lang='lat' dir='ltr'><strong>non</strong></span> <span class='ocrx_word' id='word_1_138' title='bbox 1024 1429 1195 1482; x_wconf 81' lang='lat' dir='ltr'><strong>potest,</strong></span> <span class='ocrx_word' id='word_1_139' title='bbox 1223 1423 1485 1483; x_wconf 86' lang='lat' dir='ltr'><strong>temptanda</strong></span> <span class='ocrx_word' id='word_1_140' title='bbox 1503 1429 1580 1468; x_wconf 68' lang='lat' dir='ltr'><strong>‘est</strong></span> <span class='ocrx_word' id='word_1_141' title='bbox 1603 1422 1851 1483; x_wconf 85' lang='lat' dir='ltr'><strong>probabilis</strong></span> 
     </span>
     <span class='ocr_line' id='line_1_19' title="bbox 324 1491 1852 1553; baseline 0.001 -16"><span class='ocrx_word' id='word_1_142' title='bbox 324 1491 602 1537; x_wconf 86' lang='lat' dir='ltr'><strong>coniectura.</strong></span> <span class='ocrx_word' id='word_1_143' title='bbox 674 1492 947 1538; x_wconf 87' lang='lat' dir='ltr'><strong>Ptolemaica</strong></span> <span class='ocrx_word' id='word_1_144' title='bbox 985 1492 1077 1537; x_wconf 89' lang='lat' dir='ltr'><strong>sive</strong></span> <span class='ocrx_word' id='word_1_145' title='bbox 1115 1493 1248 1553; x_wconf 81' lang='lat' dir='ltr'><strong>Tyria</strong></span> <span class='ocrx_word' id='word_1_146' title='bbox 1284 1493 1377 1539; x_wconf 92' lang='lat' dir='ltr'><strong>sive</strong></span> <span class='ocrx_word' id='word_1_147' title='bbox 1409 1494 1608 1539; x_wconf 88' lang='lat' dir='ltr'><strong>Asiatica</strong></span> <span class='ocrx_word' id='word_1_148' title='bbox 1641 1493 1852 1539; x_wconf 88' lang='lat' dir='ltr'><strong>drachma</strong></span> 
     </span>
     <span class='ocr_line' id='line_1_20' title="bbox 324 1561 1852 1624; baseline 0.002 -18"><span class='ocrx_word' id='word_1_149' title='bbox 324 1563 461 1607; x_wconf 87' lang='lat' dir='ltr'><strong>tertia</strong></span> <span class='ocrx_word' id='word_1_150' title='bbox 486 1576 592 1622; x_wconf 89' lang='lat' dir='ltr'><strong>pars</strong></span> <span class='ocrx_word' id='word_1_151' title='bbox 618 1562 705 1608; x_wconf 85' lang='lat' dir='ltr'><strong>fuit</strong></span> <span class='ocrx_word' id='word_1_152' title='bbox 721 1562 906 1608; x_wconf 87' lang='lat' dir='ltr'><strong>Asiatici</strong></span> <span class='ocrx_word' id='word_1_153' title='bbox 931 1561 1054 1608; x_wconf 88' lang='lat' dir='ltr'><strong>illius</strong></span> <span class='ocrx_word' id='word_1_154' title='bbox 1081 1563 1282 1622; x_wconf 77' lang='lat' dir='ltr'><strong>stateris,</strong></span> <span class='ocrx_word' id='word_1_155' title='bbox 1307 1564 1435 1609; x_wconf 91' lang='lat' dir='ltr'><strong>cuius</strong></span> <span class='ocrx_word' id='word_1_156' title='bbox 1460 1564 1507 1609; x_wconf 93' lang='lat' dir='ltr'><strong>in</strong></span> <span class='ocrx_word' id='word_1_157' title='bbox 1532 1564 1711 1624; x_wconf 91' lang='lat' dir='ltr'><strong>pondus</strong></span> <span class='ocrx_word' id='word_1_158' title='bbox 1737 1564 1852 1611; x_wconf 90' lang='lat' dir='ltr'><strong>anti-</strong></span> 
     </span>
     <span class='ocr_line' id='line_1_21' title="bbox 326 1629 1852 1694; baseline 0.003 -17"><span class='ocrx_word' id='word_1_159' title='bbox 326 1632 483 1692; x_wconf 89' lang='lat' dir='ltr'><strong>quitus</strong></span> <span class='ocrx_word' id='word_1_160' title='bbox 519 1647 650 1677; x_wconf 92' lang='lat' dir='ltr'><strong>omne</strong></span> <span class='ocrx_word' id='word_1_161' title='bbox 678 1640 917 1691; x_wconf 86' lang='lat' dir='ltr'><strong>argentum</strong></span> <span class='ocrx_word' id='word_1_162' title='bbox 952 1634 999 1678; x_wconf 92' lang='lat' dir='ltr'><strong>in</strong></span> <span class='ocrx_word' id='word_1_163' title='bbox 1024 1633 1127 1679; x_wconf 89' lang='lat' dir='ltr'><strong>Asia</strong></span> <span class='ocrx_word' id='word_1_164' title='bbox 1155 1634 1382 1694; x_wconf 84' lang='lat' dir='ltr'><strong>signatum</strong></span> <span class='ocrx_word' id='word_1_165' title='bbox 1408 1629 1552 1694; x_wconf 48' lang='lat' dir='ltr'><strong>esst).</strong></span> <span class='ocrx_word' id='word_1_166' title='bbox 1590 1635 1652 1680; x_wconf 85' lang='lat' dir='ltr'><strong>Ex</strong></span> <span class='ocrx_word' id='word_1_167' title='bbox 1679 1648 1731 1681; x_wconf 91' lang='lat' dir='ltr'><strong>eo</strong></span> <span class='ocrx_word' id='word_1_168' title='bbox 1759 1641 1852 1681; x_wconf 90' lang='lat' dir='ltr'><strong>sta-</strong></span> 
     </span>
     <span class='ocr_line' id='line_1_22' title="bbox 326 1702 1851 1766; baseline 0.003 -19"><span class='ocrx_word' id='word_1_169' title='bbox 326 1708 425 1748; x_wconf 88' lang='lat' dir='ltr'><strong>tere</strong></span> <span class='ocrx_word' id='word_1_170' title='bbox 475 1702 670 1762; x_wconf 82' lang='lat' dir='ltr'><strong>primum</strong></span> <span class='ocrx_word' id='word_1_171' title='bbox 714 1705 971 1749; x_wconf 84' lang='lat' dir='ltr'><strong>centenaria</strong></span> <span class='ocrx_word' id='word_1_172' title='bbox 1010 1705 1186 1750; x_wconf 89' lang='lat' dir='ltr'><strong>ratione</strong></span> <span class='ocrx_word' id='word_1_173' title='bbox 1233 1704 1431 1751; x_wconf 88' lang='lat' dir='ltr'><strong>derivata</strong></span> <span class='ocrx_word' id='word_1_174' title='bbox 1468 1711 1539 1750; x_wconf 90' lang='lat' dir='ltr'><strong>est</strong></span> <span class='ocrx_word' id='word_1_175' title='bbox 1575 1719 1738 1766; x_wconf 85' lang='lat' dir='ltr'><strong>magna</strong></span> <span class='ocrx_word' id='word_1_176' title='bbox 1773 1705 1851 1752; x_wconf 89' lang='lat' dir='ltr'><strong>illa</strong></span> 
     </span>
     <span class='ocr_line' id='line_1_23' title="bbox 324 1772 1850 1838; baseline 0.003 -21"><span class='ocrx_word' id='word_1_177' title='bbox 324 1773 445 1818; x_wconf 90' lang='lat' dir='ltr'><strong>mina</strong></span> <span class='ocrx_word' id='word_1_178' title='bbox 472 1787 606 1833; x_wconf 89' lang='lat' dir='ltr'><strong>quam</strong></span> <span class='ocrx_word' id='word_1_179' title='bbox 632 1774 899 1834; x_wconf 85' lang='lat' dir='ltr'><strong>popularem</strong></span> <span class='ocrx_word' id='word_1_180' title='bbox 926 1774 1144 1834; x_wconf 84' lang='lat' dir='ltr'><strong>Syrorum</strong></span> <span class='ocrx_word' id='word_1_181' title='bbox 1176 1775 1321 1820; x_wconf 84' lang='lat' dir='ltr'><strong>fuisse</strong></span> <span class='ocrx_word' id='word_1_182' title='bbox 1348 1781 1530 1822; x_wconf 88' lang='lat' dir='ltr'><strong>constat</strong></span> <span class='ocrx_word' id='word_1_183' title='bbox 1557 1774 1604 1835; x_wconf 66' lang='lat' dir='ltr'><strong>(S</strong></span> <span class='ocrx_word' id='word_1_184' title='bbox 1629 1772 1719 1838; x_wconf 73' lang='lat'>69),</span> <span class='ocrx_word' id='word_1_185' title='bbox 1756 1783 1850 1822; x_wconf 87' lang='lat' dir='ltr'><strong>tum</strong></span> 
     </span>
     <span class='ocr_line' id='line_1_24' title="bbox 327 1844 1851 1907; baseline 0.003 -20"><span class='ocrx_word' id='word_1_186' title='bbox 327 1844 716 1904; x_wconf 86' lang='lat' dir='ltr'><strong>quinquagenaria</strong></span> <span class='ocrx_word' id='word_1_187' title='bbox 751 1845 928 1890; x_wconf 89' lang='lat' dir='ltr'><strong>ratione</strong></span> <span class='ocrx_word' id='word_1_188' title='bbox 964 1859 1017 1890; x_wconf 83' lang='lat' dir='ltr'><strong>ex</strong></span> <span class='ocrx_word' id='word_1_189' title='bbox 1051 1845 1208 1891; x_wconf 89' lang='lat' dir='ltr'><strong>eodem</strong></span> <span class='ocrx_word' id='word_1_190' title='bbox 1246 1852 1347 1891; x_wconf 90' lang='lat' dir='ltr'><strong>orta</strong></span> <span class='ocrx_word' id='word_1_191' title='bbox 1372 1852 1441 1891; x_wconf 94' lang='lat' dir='ltr'><strong>est</strong></span> <span class='ocrx_word' id='word_1_192' title='bbox 1466 1845 1606 1892; x_wconf 89' lang='lat' dir='ltr'><strong>altera</strong></span> <span class='ocrx_word' id='word_1_193' title='bbox 1633 1847 1851 1907; x_wconf 89' lang='lat' dir='ltr'><strong>quaedam</strong></span> 
     </span>
     <span class='ocr_line' id='line_1_25' title="bbox 322 1914 1850 1976; baseline 0.004 -18"><span class='ocrx_word' id='word_1_194' title='bbox 322 1914 512 1959; x_wconf 88' lang='lat' dir='ltr'><strong>dimidio</strong></span> <span class='ocrx_word' id='word_1_195' title='bbox 539 1915 705 1974; x_wconf 84' lang='lat' dir='ltr'><strong>minor,</strong></span> <span class='ocrx_word' id='word_1_196' title='bbox 741 1929 873 1975; x_wconf 92' lang='lat' dir='ltr'><strong>quam</strong></span> <span class='ocrx_word' id='word_1_197' title='bbox 903 1914 1189 1976; x_wconf 85' lang='lat' dir='ltr'><strong>Babyloniam</strong></span> <span class='ocrx_word' id='word_1_198' title='bbox 1216 1915 1447 1963; x_wconf 85' lang='lat' dir='ltr'><strong>Herodoto</strong></span> <span class='ocrx_word' id='word_1_199' title='bbox 1476 1923 1662 1963; x_wconf 90' lang='lat' dir='ltr'><strong>auctore</strong></span> <span class='ocrx_word' id='word_1_200' title='bbox 1688 1932 1850 1964; x_wconf 86' lang='lat' dir='ltr'><strong>vocare</strong></span> 
     </span>
     <span class='ocr_line' id='line_1_26' title="bbox 324 1980 1848 2046; baseline 0.003 -18"><span class='ocrx_word' id='word_1_201' title='bbox 324 1980 702 2044; x_wconf 73' lang='lat' dir='ltr'><strong>consuevimus5).</strong></span> <span class='ocrx_word' id='word_1_202' title='bbox 777 1985 940 2031; x_wconf 89' lang='lat' dir='ltr'><strong>Eadem</strong></span> <span class='ocrx_word' id='word_1_203' title='bbox 980 1993 1129 2032; x_wconf 87' lang='lat' dir='ltr'><strong>autem</strong></span> <span class='ocrx_word' id='word_1_204' title='bbox 1166 1993 1236 2032; x_wconf 88' lang='lat' dir='ltr'><strong>est</strong></span> <span class='ocrx_word' id='word_1_205' title='bbox 1269 1987 1567 2033; x_wconf 79' lang='lat' dir='ltr'><strong>Alexandrina</strong></span> <span class='ocrx_word' id='word_1_206' title='bbox 1610 1990 1755 2046; x_wconf 89' lang='lat' dir='ltr'><strong>mina,</strong></span> <span class='ocrx_word' id='word_1_207' title='bbox 1794 1989 1848 2034; x_wconf 90' lang='lat' dir='ltr'><strong>de</strong></span> 
     </span>
    </p>
   </div>
   <div class='ocr_carea' id='block_1_3' title="bbox 315 2190 1847 2697">
    <p class='ocr_par' dir='ltr' id='par_1_4' title="bbox 315 2190 1847 2697">
     <span class='ocr_line' id='line_1_27' title="bbox 435 2190 1844 2248; baseline 0.004 -18"><span class='ocrx_word' id='word_1_208' title='bbox 435 2190 477 2242; x_wconf 88' lang='lat'><strong>3)</strong></span> <span class='ocrx_word' id='word_1_209' title='bbox 510 2191 787 2245; x_wconf 86' lang='lat' dir='ltr'><strong>Legitimum</strong></span> <span class='ocrx_word' id='word_1_210' title='bbox 823 2192 1007 2233; x_wconf 85' lang='lat' dir='ltr'><strong>Atticae</strong></span> <span class='ocrx_word' id='word_1_211' title='bbox 1047 2193 1293 2234; x_wconf 83' lang='lat' dir='ltr'><strong>drachmae</strong></span> <span class='ocrx_word' id='word_1_212' title='bbox 1332 2194 1507 2247; x_wconf 88' lang='lat' dir='ltr'><strong>pondus</strong></span> <span class='ocrx_word' id='word_1_213' title='bbox 1546 2198 1618 2236; x_wconf 85' lang='lat' dir='ltr'><strong>est</strong></span> <span class='ocrx_word' id='word_1_214' title='bbox 1656 2208 1844 2248; x_wconf 84' lang='lat' dir='ltr'><strong>gramm.</strong></span> 
     </span>
     <span class='ocr_line' id='line_1_28' title="bbox 315 2247 1844 2303; baseline 0.004 -17"><span class='ocrx_word' id='word_1_215' title='bbox 315 2248 468 2297; x_wconf 81' lang='lat'><strong>4,366;</strong></span> <span class='ocrx_word' id='word_1_216' title='bbox 515 2247 631 2288; x_wconf 86' lang='lat' dir='ltr'><strong>haec</strong></span> <span class='ocrx_word' id='word_1_217' title='bbox 672 2250 913 2301; x_wconf 86' lang='lat' dir='ltr'><strong>quinquies</strong></span> <span class='ocrx_word' id='word_1_218' title='bbox 953 2249 1094 2289; x_wconf 87' lang='lat' dir='ltr'><strong>ducta</strong></span> <span class='ocrx_word' id='word_1_219' title='bbox 1131 2251 1312 2290; x_wconf 82' lang='lat' dir='ltr'><strong>faciunt</strong></span> <span class='ocrx_word' id='word_1_220' title='bbox 1351 2264 1539 2303; x_wconf 87' lang='lat' dir='ltr'><strong>gramm.</strong></span> <span class='ocrx_word' id='word_1_221' title='bbox 1579 2253 1725 2301; x_wconf 80' lang='lat'><strong>21,83;</strong></span> <span class='ocrx_word' id='word_1_222' title='bbox 1765 2252 1844 2292; x_wconf 82' lang='lat' dir='ltr'><strong>ho-</strong></span> 
     </span>
     <span class='ocr_line' id='line_1_29' title="bbox 320 2302 1847 2360; baseline 0.005 -18"><span class='ocrx_word' id='word_1_223' title='bbox 320 2316 418 2342; x_wconf 87' lang='lat' dir='ltr'><strong>rum</strong></span> <span class='ocrx_word' id='word_1_224' title='bbox 467 2307 598 2344; x_wconf 79' lang='lat' dir='ltr'><strong>sexta</strong></span> <span class='ocrx_word' id='word_1_225' title='bbox 648 2317 755 2356; x_wconf 87' lang='lat' dir='ltr'><strong>pars</strong></span> <span class='ocrx_word' id='word_1_226' title='bbox 805 2319 872 2357; x_wconf 88' lang='lat' dir='ltr'><strong>gr.</strong></span> <span class='ocrx_word' id='word_1_227' title='bbox 905 2307 1025 2356; x_wconf 69' lang='lat' dir='ltr'><strong>3,64s</strong></span> <span class='ocrx_word' id='word_1_228' title='bbox 1077 2306 1123 2346; x_wconf 90' lang='lat' dir='ltr'><strong>id</strong></span> <span class='ocrx_word' id='word_1_229' title='bbox 1171 2306 1428 2358; x_wconf 86' lang='lat' dir='ltr'><strong>legitimum</strong></span> <span class='ocrx_word' id='word_1_230' title='bbox 1476 2307 1652 2360; x_wconf 88' lang='lat' dir='ltr'><strong>pondus</strong></span> <span class='ocrx_word' id='word_1_231' title='bbox 1692 2302 1847 2349; x_wconf 75' lang='lat' dir='ltr'><strong>Ptole-</strong></span> 
     </span>
     <span class='ocr_line' id='line_1_30' title="bbox 321 2360 1847 2414; baseline 0.005 -16"><span class='ocrx_word' id='word_1_232' title='bbox 321 2360 503 2399; x_wconf 88' lang='lat' dir='ltr'><strong>maicae</strong></span> <span class='ocrx_word' id='word_1_233' title='bbox 555 2360 801 2401; x_wconf 88' lang='lat' dir='ltr'><strong>drachmae</strong></span> <span class='ocrx_word' id='word_1_234' title='bbox 853 2362 996 2402; x_wconf 88' lang='lat' dir='ltr'><strong>fuisse</strong></span> <span class='ocrx_word' id='word_1_235' title='bbox 1039 2363 1265 2404; x_wconf 81' lang='lat' dir='ltr'><strong>existimo.</strong></span> <span class='ocrx_word' id='word_1_236' title='bbox 1331 2363 1480 2414; x_wconf 90' lang='lat' dir='ltr'><strong>Idem,</strong></span> <span class='ocrx_word' id='word_1_237' title='bbox 1533 2365 1574 2404; x_wconf 85' lang='lat' dir='ltr'><strong>si</strong></span> <span class='ocrx_word' id='word_1_238' title='bbox 1613 2377 1726 2405; x_wconf 82' lang='lat' dir='ltr'><strong>vera</strong></span> <span class='ocrx_word' id='word_1_239' title='bbox 1777 2369 1847 2406; x_wconf 86' lang='lat' dir='ltr'><strong>est</strong></span> 
     </span>
     <span class='ocr_line' id='line_1_31' title="bbox 319 2416 1844 2474; baseline 0.005 -20"><span class='ocrx_word' id='word_1_240' title='bbox 319 2428 424 2455; x_wconf 89' lang='lat' dir='ltr'><strong>mea</strong></span> <span class='ocrx_word' id='word_1_241' title='bbox 455 2417 707 2469; x_wconf 82' lang='lat' dir='ltr'><strong>sententia,</strong></span> <span class='ocrx_word' id='word_1_242' title='bbox 757 2416 956 2458; x_wconf 88' lang='lat' dir='ltr'><strong>efficitur</strong></span> <span class='ocrx_word' id='word_1_243' title='bbox 986 2431 1042 2458; x_wconf 84' lang='lat' dir='ltr'><strong>ex</strong></span> <span class='ocrx_word' id='word_1_244' title='bbox 1070 2420 1196 2459; x_wconf 86' lang='lat' dir='ltr'><strong>mina</strong></span> <span class='ocrx_word' id='word_1_245' title='bbox 1225 2418 1558 2472; x_wconf 82' lang='lat' dir='ltr'><strong>Alexandrina,</strong></span> <span class='ocrx_word' id='word_1_246' title='bbox 1594 2433 1711 2474; x_wconf 89' lang='lat' dir='ltr'><strong>quae</strong></span> <span class='ocrx_word' id='word_1_247' title='bbox 1743 2434 1844 2462; x_wconf 88' lang='lat' dir='ltr'><strong>cum</strong></span> 
     </span>
     <span class='ocr_line' id='line_1_32' title="bbox 323 2472 1845 2530; baseline 0.005 -19"><span class='ocrx_word' id='word_1_248' title='bbox 323 2472 405 2512; x_wconf 89' lang='lat'><strong>150</strong></span> <span class='ocrx_word' id='word_1_249' title='bbox 443 2472 684 2514; x_wconf 86' lang='lat' dir='ltr'><strong>drachmas</strong></span> <span class='ocrx_word' id='word_1_250' title='bbox 726 2473 1059 2525; x_wconf 85' lang='lat' dir='ltr'><strong>Ptolemaieas,</strong></span> <span class='ocrx_word' id='word_1_251' title='bbox 1114 2475 1317 2517; x_wconf 90' lang='lat' dir='ltr'><strong>Romano</strong></span> <span class='ocrx_word' id='word_1_252' title='bbox 1359 2480 1512 2517; x_wconf 86' lang='lat' dir='ltr'><strong>autem</strong></span> <span class='ocrx_word' id='word_1_253' title='bbox 1549 2477 1750 2530; x_wconf 87' lang='lat' dir='ltr'><strong>pondere</strong></span> <span class='ocrx_word' id='word_1_254' title='bbox 1790 2480 1845 2520; x_wconf 77' lang='lat'><strong>20</strong></span> 
     </span>
     <span class='ocr_line' id='line_1_33' title="bbox 320 2527 1843 2586; baseline 0.006 -21"><span class='ocrx_word' id='word_1_255' title='bbox 320 2527 483 2568; x_wconf 86' lang='lat' dir='ltr'><strong>uncias</strong></span> <span class='ocrx_word' id='word_1_256' title='bbox 521 2528 715 2581; x_wconf 84' lang='lat' dir='ltr'><strong>habeat,</strong></span> <span class='ocrx_word' id='word_1_257' title='bbox 757 2530 808 2570; x_wconf 88' lang='lat' dir='ltr'><strong>fit</strong></span> <span class='ocrx_word' id='word_1_258' title='bbox 847 2530 1064 2571; x_wconf 84' lang='lat' dir='ltr'><strong>drachma</strong></span> <span class='ocrx_word' id='word_1_259' title='bbox 1103 2534 1205 2583; x_wconf 88' lang='lat'>3,64</span> <span class='ocrx_word' id='word_1_260' title='bbox 1235 2546 1302 2586; x_wconf 83' lang='lat' dir='ltr'><strong>gr.</strong></span> <span class='ocrx_word' id='word_1_261' title='bbox 1364 2533 1486 2583; x_wconf 80' lang='lat' dir='ltr'><strong>Quin</strong></span> <span class='ocrx_word' id='word_1_262' title='bbox 1530 2534 1671 2574; x_wconf 87' lang='lat' dir='ltr'><strong>etiam</strong></span> <span class='ocrx_word' id='word_1_263' title='bbox 1715 2537 1843 2574; x_wconf 84' lang='lat' dir='ltr'><strong>vetu-</strong></span> 
     </span>
     <span class='ocr_line' id='line_1_34' title="bbox 318 2583 1842 2631; baseline 0.007 -11"><span class='ocrx_word' id='word_1_264' title='bbox 318 2583 525 2622; x_wconf 81' lang='lat' dir='ltr'><strong>stissima</strong></span> <span class='ocrx_word' id='word_1_265' title='bbox 569 2585 883 2627; x_wconf 83' lang='lat' dir='ltr'><strong>Ptolemaicae</strong></span> <span class='ocrx_word' id='word_1_266' title='bbox 934 2587 1180 2629; x_wconf 85' lang='lat' dir='ltr'><strong>drachmae</strong></span> <span class='ocrx_word' id='word_1_267' title='bbox 1233 2590 1497 2630; x_wconf 83' lang='lat' dir='ltr'><strong>aestimatio</strong></span> <span class='ocrx_word' id='word_1_268' title='bbox 1548 2602 1576 2630; x_wconf 86' lang='lat' dir='ltr'><strong>a</strong></span> <span class='ocrx_word' id='word_1_269' title='bbox 1625 2589 1842 2631; x_wconf 87' lang='lat' dir='ltr'><strong>Romanis</strong></span> 
     </span>
     <span class='ocr_line' id='line_1_35' title="bbox 323 2638 1842 2697; baseline 0.009 -22"><span class='ocrx_word' id='word_1_270' title='bbox 323 2638 451 2676; x_wconf 82' lang='lat' dir='ltr'><strong>facta</strong></span> <span class='ocrx_word' id='word_1_271' title='bbox 488 2638 625 2691; x_wconf 87' lang='lat' dir='ltr'><strong>plane</strong></span> <span class='ocrx_word' id='word_1_272' title='bbox 667 2642 786 2683; x_wconf 91' lang='lat' dir='ltr'><strong>idem</strong></span> <span class='ocrx_word' id='word_1_273' title='bbox 823 2644 975 2695; x_wconf 84' lang='lat' dir='ltr'><strong>prodit</strong></span> <span class='ocrx_word' id='word_1_274' title='bbox 1014 2643 1080 2697; x_wconf 81' lang='lat' dir='ltr'><strong>(v,</strong></span> <span class='ocrx_word' id='word_1_275' title='bbox 1119 2646 1143 2694; x_wconf 67' lang='grc' dir='ltr'>ξ</span> <span class='ocrx_word' id='word_1_276' title='bbox 1182 2646 1234 2687; x_wconf 83' lang='lat'><strong>71</strong></span> <span class='ocrx_word' id='word_1_277' title='bbox 1276 2645 1379 2686; x_wconf 88' lang='lat' dir='ltr'><strong>adn.</strong></span> <span class='ocrx_word' id='word_1_278' title='bbox 1417 2645 1476 2696; x_wconf 91' lang='lat'><strong>3).</strong></span> <span class='ocrx_word' id='word_1_279' title='bbox 1545 2645 1614 2686; x_wconf 89' lang='lat' dir='ltr'><strong>Ad</strong></span> <span class='ocrx_word' id='word_1_280' title='bbox 1652 2646 1739 2687; x_wconf 87' lang='lat' dir='ltr'><strong>hoc</strong></span> <span class='ocrx_word' id='word_1_281' title='bbox 1777 2647 1842 2688; x_wconf 90' lang='lat' dir='ltr'><strong>le-</strong></span> 
     </span>
    </p>
   </div>
   <div class='ocr_carea' id='block_1_4' title="bbox 320 2693 1851 2791">
    <p class='ocr_par' dir='ltr' id='par_1_5' title="bbox 320 2693 1851 2791">
     <span class='ocr_line' id='line_1_36' title="bbox 321 2693 1840 2756; baseline 0.009 -26"><span class='ocrx_word' id='word_1_282' title='bbox 321 2693 530 2745; x_wconf 88' lang='lat' dir='ltr'><strong>gitimum</strong></span> <span class='ocrx_word' id='word_1_283' title='bbox 562 2697 679 2747; x_wconf 88' lang='lat' dir='ltr'><strong>quod</strong></span> <span class='ocrx_word' id='word_1_284' title='bbox 710 2702 864 2740; x_wconf 83' lang='lat' dir='ltr'><strong>statuo</strong></span> <span class='ocrx_word' id='word_1_285' title='bbox 895 2700 1070 2753; x_wconf 84' lang='lat' dir='ltr'><strong>pondus</strong></span> <span class='ocrx_word' id='word_1_286' title='bbox 1107 2701 1198 2754; x_wconf 89' lang='lat' dir='ltr'><strong>ipsi</strong></span> <span class='ocrx_word' id='word_1_287' title='bbox 1232 2701 1508 2742; x_wconf 83' lang='lat' dir='ltr'><strong>Ptolemaici</strong></span> <span class='ocrx_word' id='word_1_288' title='bbox 1538 2704 1708 2743; x_wconf 87' lang='lat' dir='ltr'><strong>nummi</strong></span> <span class='ocrx_word' id='word_1_289' title='bbox 1738 2715 1840 2756; x_wconf 86' lang='lat' dir='ltr'><strong>pro-</strong></span> 
     </span>
     <span class='ocr_line' id='line_1_37' title="bbox 320 2750 1851 2791; baseline 0.008 -3"><span class='ocrx_word' id='word_1_290' title='bbox 320 2750 440 2788; x_wconf 79' lang='lat' dir='ltr'><strong>xime</strong></span> <span class='ocrx_word' id='word_1_291' title='bbox 475 2752 711 2791; x_wconf 82' lang='lat' dir='ltr'><strong>accedunt.</strong></span> <span class='ocrx_word' id='word_1_292' title='bbox 1846 2758 1851 2763; x_wconf 77' lang='grc'><strong>’</strong></span> 
     </span>
    </p>
   </div>
   <div class='ocr_carea' id='block_1_5' title="bbox 320 2805 1839 3036">
    <p class='ocr_par' dir='ltr' id='par_1_6' title="bbox 432 2805 1481 2866">
     <span class='ocr_line' id='line_1_38' title="bbox 432 2805 1481 2866; baseline 0.01 -23"><span class='ocrx_word' id='word_1_293' title='bbox 432 2805 476 2854; x_wconf 88' lang='grc'><strong>4)</strong></span> <span class='ocrx_word' id='word_1_294' title='bbox 508 2805 759 2848; x_wconf 85' lang='lat' dir='ltr'><strong>Mommsen</strong></span> <span class='ocrx_word' id='word_1_295' title='bbox 789 2824 832 2863; x_wconf 90' lang='lat' dir='ltr'><strong>p.</strong></span> <span class='ocrx_word' id='word_1_296' title='bbox 867 2813 1031 2854; x_wconf 77' lang='lat'>14-18</span> <span class='ocrx_word' id='word_1_297' title='bbox 1063 2812 1260 2865; x_wconf 86' lang='lat' dir='ltr'><strong>(Metrol.</strong></span> <span class='ocrx_word' id='word_1_298' title='bbox 1291 2827 1332 2866; x_wconf 92' lang='lat' dir='ltr'><strong>p.</strong></span> <span class='ocrx_word' id='word_1_299' title='bbox 1364 2813 1481 2865; x_wconf 79' lang='lat'><strong>269).</strong></span> 
     </span>
    </p>

    <p class='ocr_par' dir='ltr' id='par_1_7' title="bbox 320 2860 1839 3036">
     <span class='ocr_line' id='line_1_39' title="bbox 433 2860 1839 2925; baseline 0.009 -26"><span class='ocrx_word' id='word_1_300' title='bbox 433 2860 476 2912; x_wconf 90' lang='grc'><strong>5)</strong></span> <span class='ocrx_word' id='word_1_301' title='bbox 509 2861 562 2901; x_wconf 90' lang='lat' dir='ltr'><strong>V.</strong></span> <span class='ocrx_word' id='word_1_302' title='bbox 594 2875 665 2902; x_wconf 90' lang='lat' dir='ltr'><strong>me</strong></span> <span class='ocrx_word' id='word_1_303' title='bbox 700 2877 751 2905; x_wconf 86' lang='lat' dir='ltr'><strong>eo</strong></span> <span class='ocrx_word' id='word_1_304' title='bbox 791 2866 890 2906; x_wconf 89' lang='lat' dir='ltr'><strong>loco</strong></span> <span class='ocrx_word' id='word_1_305' title='bbox 923 2882 1055 2920; x_wconf 88' lang='lat' dir='ltr'><strong>quem</strong></span> <span class='ocrx_word' id='word_1_306' title='bbox 1087 2870 1111 2919; x_wconf 66' lang='lat'>5</span> <span class='ocrx_word' id='word_1_307' title='bbox 1143 2871 1196 2910; x_wconf 86' lang='lat'><strong>65</strong></span> <span class='ocrx_word' id='word_1_308' title='bbox 1229 2870 1332 2910; x_wconf 87' lang='lat' dir='ltr'><strong>adn.</strong></span> <span class='ocrx_word' id='word_1_309' title='bbox 1364 2872 1389 2910; x_wconf 80' lang='lat'><strong>2</strong></span> <span class='ocrx_word' id='word_1_310' title='bbox 1423 2871 1579 2911; x_wconf 87' lang='lat' dir='ltr'><strong>citavi.</strong></span> <span class='ocrx_word' id='word_1_311' title='bbox 1640 2871 1707 2912; x_wconf 88' lang='lat' dir='ltr'><strong>Ne</strong></span> <span class='ocrx_word' id='word_1_312' title='bbox 1740 2872 1839 2925; x_wconf 89' lang='lat' dir='ltr'><strong>quis</strong></span> 
     </span>
     <span class='ocr_line' id='line_1_40' title="bbox 322 2916 1838 2978; baseline 0.009 -23"><span class='ocrx_word' id='word_1_313' title='bbox 322 2922 476 2957; x_wconf 86' lang='lat' dir='ltr'><strong>tamen</strong></span> <span class='ocrx_word' id='word_1_314' title='bbox 497 2916 615 2958; x_wconf 87' lang='lat' dir='ltr'><strong>hanc</strong></span> <span class='ocrx_word' id='word_1_315' title='bbox 627 2919 936 2962; x_wconf 86' lang='lat' dir='ltr'><strong>Herodoteam</strong></span> <span class='ocrx_word' id='word_1_316' title='bbox 957 2925 1439 2978; x_wconf 84' lang='lat' dir='ltr'><strong>minamBabyloniam</strong></span> <span class='ocrx_word' id='word_1_317' title='bbox 1463 2927 1715 2967; x_wconf 84' lang='lat' dir='ltr'><strong>confundat</strong></span> <span class='ocrx_word' id='word_1_318' title='bbox 1737 2942 1838 2969; x_wconf 87' lang='lat' dir='ltr'><strong>cum</strong></span> 
     </span>
     <span class='ocr_line' id='line_1_41' title="bbox 320 2972 1836 3036; baseline 0.009 -25"><span class='ocrx_word' id='word_1_319' title='bbox 320 2972 403 3013; x_wconf 85' lang='lat' dir='ltr'><strong>illa</strong></span> <span class='ocrx_word' id='word_1_320' title='bbox 445 2985 562 3024; x_wconf 86' lang='lat' dir='ltr'><strong>quae</strong></span> <span class='ocrx_word' id='word_1_321' title='bbox 605 2987 659 3014; x_wconf 86' lang='lat' dir='ltr'><strong>ex</strong></span> <span class='ocrx_word' id='word_1_322' title='bbox 697 2977 975 3028; x_wconf 87' lang='lat' dir='ltr'><strong>ponderibus</strong></span> <span class='ocrx_word' id='word_1_323' title='bbox 1013 2981 1122 3021; x_wconf 88' lang='lat' dir='ltr'><strong>Nini</strong></span> <span class='ocrx_word' id='word_1_324' title='bbox 1159 2983 1360 3024; x_wconf 84' lang='lat' dir='ltr'><strong>inventis</strong></span> <span class='ocrx_word' id='word_1_325' title='bbox 1400 2984 1583 3035; x_wconf 86' lang='lat' dir='ltr'><strong>cognita</strong></span> <span class='ocrx_word' id='word_1_326' title='bbox 1625 2988 1714 3036; x_wconf 89' lang='lat' dir='ltr'><strong>est,</strong></span> <span class='ocrx_word' id='word_1_327' title='bbox 1748 2984 1836 3025; x_wconf 85' lang='lat' dir='ltr'><strong>hae</strong></span> 
     </span>
    </p>
   </div>
  </div>
 </body>
</html>
