1946 3220
24 0 134 61 W„
163 0 167 1 f

24 63 64 91 ss*
119 61 159 79 ,χ

109 130 338 202 [25—27]
781 147 1004 183 emnem.
1529 129 1635 183 205

111 256 334 311 ςούτους
353 255 609 321 μετρητὰς
637 255 857 320 δέχεται.
909 254 940 308 6
961 255 1020 308 δὲ
1040 256 1296 322 μετρητὴς
1315 257 1481 322 χωρεῖ
1502 256 1636 321 χόα(

111 339 180 406 η’·
211 339 242 393 6
268 341 328 393 δὲ
356 342 487 405 χοῦς
511 342 677 404 χωρεῖ
701 338 882 393 Ξὲςτας
909 337 967 392 θ’.

177 506 263 560 25.
316 508 678 574 Fraqmentum
705 506 809 558 loci
832 506 1125 558 Heroniam’
1149 508 1238 575 qui
1260 508 1564 559 inscribitur

591 590 918 655 Οὐγκιαςμὸς
945 590 1154 644 ὕδατος.

215 689 483 754 *Δέχεται
519 688 550 741 6
580 689 792 754 ςτερεὸς
817 690 955 742 ποὺς
989 688 1121 741 κατὰ
1154 688 1250 754 τὴν
1278 691 1390 742 τῶν
1420 705 1636 755 μηχανι-
1667 707 1692 746 5

109 776 219 827 κῶν
248 773 570 826 διατύπωςιν
600 774 683 826 καὶ
711 773 1005 838 παράδοςιν
1037 772 1256 838 μοδίους
1280 771 1342 835 γ’.

108 940 194 994 26.
245 943 443 993 Similis
476 943 622 994 locus
654 958 682 993 e
707 942 890 992 tabula
917 940 1175 993 Euclidea
1213 940 1405 1010 (supra
1426 942 1500 1007 fr.
1532 943 1638 1009 14).

212 1041 427 1106 *Χωρεῑ
459 1041 518 1094 δὲ
555 1040 586 1093 ὁ
626 1040 838 1106 ςτερεὸς
867 1040 1006 1095 ποὺς
1031 1039 1281 1105 κεράμιον
1319 1035 1383 1104 α’,
1419 1038 1639 1104 μοδίους

109 1124 168 1187 γ’.
226 1125 443 1179 ἕκαςτος
468 1124 650 1190 μόδιος
677 1123 787 1178 ἀπὸ
814 1127 1010 1201 ξεςτῶν
1040 1125 1303 1179 Ἰταλικῶν
1331 1123 1531 1193 ἀριθμῷ
1558 1123 1637 1183 ις’.

301 1292 388 1345 27.
438 1293 697 1346 Incertum
727 1294 1076 1362 fraqmentum
1104 1294 1169 1345 de
1193 1295 1448 1346 sextario.
1671 1312 1723 1352 10

218 1391 375 1445 *Ἐὰν
410 1392 474 1444 τὸ
508 1392 712 1445 πλάτος
744 1393 872 1445 τοὺς
907 1391 984 1445 κδ’
1007 1392 1094 1445 ἐπὶ
1117 1393 1244 1446 τοὺς
1270 1391 1364 1456 κδ’,
1399 1392 1641 1454 γίνονται

111 1475 360 1528 δάκτυλοι
386 1475 527 1542 φος’.
577 1477 805 1530 τούτους
829 1476 915 1530 ἐπὶ
947 1477 1010 1530 τὸ
1039 1477 1212 1542 πάχος
1244 1477 1486 1539 γίνονται
1518 1475 1639 1538 ἀγε-

111 1561 252 1612 λαῖοι
280 1560 531 1613 δάκτυλοι
557 1567 590 1613 ἃ
614 1559 806 1635 Ιγωκδζ
839 1561 1008 1615 ξὲςται
1046 1560 1201 1626 ὑγροὶ
1236 1559 1331 1626 μη’.
1385 1561 1545 1626 ξηρὸς
1581 1561 1640 1613 δὲ

111 1647 278 1710 χωρεῖ
316 1661 399 1710 μο.
448 1635 490 1697 ’ϋ-
520 1646 801 1699 Ἰταλικοὺς
835 1645 923 1699 λε’.
969 1646 1056 1699 ἐπὶ
1090 1645 1164 1700 λε’
1198 1645 1440 1708 γίνονται
1474 1644 1639 1716 ‘acm-:C

111 1729 196 1781 καὶ
245 1731 411 1783 ταῦτα
465 1728 899 1785 πολυπλαςίαςον
957 1730 1250 1786 ἑνδεκάκις·
1311 1730 1553 1792 γίνονται
1606 1737 1640 1783 ᾶ
1672 1747 1723 1788 15

112 1812 284 1881 ‘Tuoess
