1946 3220
1812 28 1855 63 ,ᾖ

287 145 394 198 300
895 156 1216 192 FRAGMENTA
1712 139 1817 212 [95]
1877 161 1927 220 *f

287 269 456 323 τικόν·
485 268 630 332 παρὰ
657 268 715 319 δὲ
743 265 1068 318 Εικελιώταις
1094 265 1156 317 τὸ
1181 265 1275 330 μἐν
1305 265 1528 331 ἀρχαῖον
1557 266 1622 331 ἦν
1649 268 1811 333 νούμ-
1898 332 1902 342 s

288 371 402 418 μων
427 351 521 414 κδ’,
548 354 647 404 νῦν
675 351 733 402 δὲ
758 348 834 415 ιβ’.
864 349 1083 402 δύναται
1104 350 1162 402 δὲ
1190 350 1220 402 6
1245 352 1481 415 νοῦμμος
1508 349 1626 414 τρία
1650 351 1812 416 ἡμιω-
1886 335 1935 417 j³

290 437 464 501 βόλια,
495 435 568 486 ὡς
595 435 653 487 ἐν
680 435 792 487 τοῖς
818 433 939 498 περὶ
964 433 1260 499 Εώφρονος
1286 433 1710 500 Ἀπολλόδωρος.
1755 435 1812 489 ἐκ

285 522 395 573 τῶν
447 519 810 582 Διογενιανοῦ
861 520 955 583 τῆς
1006 517 1257 583 ἐπιτομῆς
1309 519 1627 583 Ἑλληνικῶν
1687 518 1812 572 ὀνο-
1899 509 1937 594 ³³3

229 621 254 658 5
284 603 482 667 μάτων.

285 756 366 812 95.
430 757 792 825 Fraymentum
827 756 1182 808 Alexandrini
1226 757 1468 824 anonymi
1503 756 1566 808 de
1607 757 1815 808 talentis

891 849 940 893 et
968 842 1200 893 denaria

822 939 960 995 (Vide
991 940 1105 996 prol.
1137 942 1162 991 ἕ
1193 941 1281 994 99.)

810 1039 943 1103 Περὶ
978 1037 1274 1091 ταλάντων.

199 1151 251 1190 10
392 1135 435 1186 1.
484 1134 605 1188 Πᾶν
645 1136 911 1190 τάλαντον
951 1135 1083 1188 ἰδίας
1122 1135 1230 1200 ἔχει
1266 1137 1400 1200 μνᾶς
1438 1132 1497 1199 ξ’,
1535 1135 1568 1199 ἡ
1610 1136 1668 1188 δὲ
1708 1139 1812 1199 μνᾶ

283 1222 539 1284 ςτατῆρας
573 1217 664 1283 κε’,
706 1218 736 1271 6
764 1220 823 1272 δὲ
861 1221 1052 1285 ςτατὴρ
1088 1220 1352 1285 δραχμάς,
1390 1219 1445 1272 αἵ
1480 1219 1604 1274 εἰςιν
1642 1219 1811 1284 ὁλκαί,

280 1302 339 1355 δ’.
392 1302 501 1368 ἔχει
536 1302 634 1357 οῦν
672 1303 734 1356 τὸ
770 1304 1039 1358 τάλαντον
1075 1306 1210 1370 μνᾶς
1244 1305 1339 1369 μὲν
1368 1302 1427 1368 ἵ,
1467 1306 1723 1370 ςτατῆρας
1752 1305 1812 1357 δὲ

279 1385 407 1456 ἀφ’,
437 1387 674 1453 δραχμὰς
699 1388 759 1441 δὲ
783 1405 845 1458 Ις.
903 1389 936 1454 ἡ
963 1390 1022 1442 δὲ
1050 1389 1253 1454 δραχμὴ
1291 1387 1523 1454 ὀβολοὺς
1549 1387 1656 1453 ἔχει
1692 1386 1750 1452 ς’,
1779 1387 1809 1440 6

279 1471 338 1524 δὲ
361 1469 560 1535 ὀβολὸς
583 1473 814 1537 χαλκοῦς
834 1466 894 1537 η’.
926 1472 1035 1537 ἔχει
1059 1472 1158 1527 οὖν
1180 1474 1212 1537 ἡ
1235 1473 1438 1538 δραχμὴ
1460 1474 1693 1538 χαλκοῦς
1713 1468 1808 1536 μη’.

196 1567 248 1607 15
384 1553 432 1607 2.
471 1556 547 1608 Τὸ
573 1556 807 1609 Ἀττικὸν
833 1556 1101 1610 τάλαντον
1123 1555 1414 1609 ἰςοςτάςιον
1441 1556 1535 1620 μὲν
1562 1561 1639 1624 τῷ
1666 1557 1809 1609 Πτο-

279 1641 509 1707 λεμαϊκῷ
542 1640 626 1691 καὶ
650 1640 954 1708 Ἀντιοχικῷ
981 1641 1065 1693 καὶ
1092 1639 1362 1706 ἰςάριθμον
1390 1639 1448 1693 ἐν
1478 1642 1618 1705 πᾶςι,
1649 1640 1808 1694 δυνά-

278 1739 359 1787 μει
385 1724 443 1776 δὲ
473 1726 570 1776 τοῦ
597 1723 691 1789 μὲν
719 1724 1091 1788 Πτολεμαϊκοῦ
1128 1725 1261 1777 κατὰ
1285 1725 1347 1777 τὸ
1379 1724 1603 1789 νόμιςμα
1625 1741 1808 1790 τετρα-

277 1807 502 1860 πλάςιον
519 1849 532 1871 ,
564 1806 830 1872 ἐπίτριτον
857 1808 917 1861 δὲ
942 1811 1039 1862 τοῦ
1070 1809 1416 1874 Ἀντιοχικοῦ,
1445 1812 1522 1876 τῷ
1549 1809 1608 1862 δὲ
1633 1808 1807 1877 Τυρίῳ

276 1890 407 1944 ἴςον.
457 1891 745 1955 ἀναλόγως
782 1893 841 1946 δὲ
879 1897 942 1962 τῇ
985 1893 1107 1959 περὶ
1149 1893 1213 1947 τὸ
1254 1893 1523 1946 τάλαντον
1563 1892 1807 1962 εἰρημένῃ

193 1987 246 2027 20
277 1978 514 2043 διαφορᾷ
537 1976 621 2028 καὶ
649 1975 818 2029 τᾶλλα
838 1978 1331 2044 παραληφθήςεται·
1357 1980 1460 2042 μνᾶ
1479 1994 1535 2030 τε
1554 1977 1656 2042 γὰρ
1676 1979 1808 2042 μνᾶς

276 2059 360 2111 καὶ
387 2060 577 2124 ςτατὴρ
606 2064 860 2125 ςτατῆρος
886 2062 970 2115 καὶ
997 2063 1200 2127 δραχμὴ
1231 2065 1467 2128 δραχμῆς
1490 2062 1657 2116 ταύτὰ
1681 2060 1807 2115 διοί-

206 2153 211 2158 ’
278 2158 352 2195 ςει
380 2142 508 2207 ὅςην
537 2142 672 2207 αἱρεῖ
699 2144 784 2196 ἐπὶ
812 2149 975 2198 τοῦτο
1003 2144 1288 2210 διαφοράν.

393 2314 433 2353 1.
468 2310 715 2366 νούμμων]
753 2315 883 2364 μνῶν
913 2314 1020 2354 libri
1137 2316 1177 2355 2.
1212 2313 1238 2355 6
1262 2311 1497 2367 νοῦμμος]
1534 2314 1601 2355 sic
1634 2315 1808 2356 correxi

277 2381 400 2434 vulg.
436 2380 555 2424 εἶναι
579 2381 858 2436 (corruptum
893 2397 948 2424 ex
981 2383 1006 2424 6
1038 2377 1124 2435 vo')
1164 2421 1167 2424 ⁴

389 2453 429 2493 9.
459 2450 579 2504 Περὶ
603 2451 876 2506 ταλάντων]
909 2452 1029 2505 Περὶ
1062 2451 1247 2506 μέτρων
1278 2453 1354 2495 καὶ
1386 2454 1605 2505 ςταθμών
1638 2452 1807 2506 ὀνομα-

278 2517 373 2560 ςίας
410 2520 499 2572 Pb,
553 2522 675 2563 idem
715 2523 868 2563 addito
908 2522 1127 2575 Ἣρωνος
1158 2523 1228 2576 M,
1281 2521 1327 2565 αἱ
1366 2524 1466 2565 τῶν
1505 2521 1690 2575 μέτρων
1730 2523 1805 2564 καὶ

279 2589 495 2638 ςταθμών
538 2589 777 2642 ὀνομαςίαι
806 2593 848 2633 N
994 2595 1061 2633 12.
1102 2591 1185 2643 μὲν
1218 2606 1302 2634 om.
1336 2594 1451 2634 Scal.
1483 2607 1527 2646 p.
1560 2595 1614 2634 43
1736 2596 1801 2635 15.

277 2658 376 2697 τῶν
406 2656 749 2711 Πτολεμαϊκῶν
780 2661 854 2703 καὶ
888 2660 1190 2714 Ἀντιοχικῶν
1220 2662 1329 2703 libri
1446 2664 1511 2703 17.
1545 2661 1805 2714 τετραπλά-

277 2724 392 2778 ςιον]
434 2728 703 2778 τριπλάςιον
745 2731 863 2772 coni.
897 2731 1011 2773 Scal.
1045 2746 1089 2785 p.
1119 2733 1175 2772 43
1290 2734 1360 2774 20.
1390 2730 1541 2773 τᾶλλα
1570 2730 1639 2772 Pb
1670 2731 1802 2784 δραι,

275 2793 336 2835 τὰ
367 2793 484 2836 ἄλλα
513 2797 601 2839 MN
715 2799 789 2853 τε]
824 2799 872 2842 δὲ
902 2800 963 2841 Ph
1136 2804 1204 2843 21.
1245 2804 1349 2855 post
1387 2799 1565 2852 δραχμὴ
1608 2800 1708 2841 add.
1747 2812 1802 2843 τε

275 2862 384 2904 PbM
416 2865 530 2906 Seal.
555 2880 597 2918 p.
620 2869 675 2908 44
763 2868 987 2923 δραχμῆς]
1022 2870 1241 2924 δραχμῶν
1261 2871 1302 2913 N
1418 2872 1486 2910 22.
1520 2867 1639 2921 αἱρεῖ
1669 2869 1800 2921 Secu„

276 2931 392 2985 αἴρει
422 2932 537 2985 PbN,
570 2934 687 2987 αἴρει
716 2938 762 2977 Μ
877 2938 1031 2982 ταῦτὰ
1061 2941 1305 2984 Mommsen.
1336 2953 1379 2993 p.
1403 2941 1480 2991 30,
1510 2939 1663 2980 ταῦτα
1693 2939 1803 2980 libri
