<?xml version="1.0" encoding="UTF-8"?>
<!DOCTYPE html PUBLIC "-//W3C//DTD XHTML 1.0 Transitional//EN"
    "http://www.w3.org/TR/xhtml1/DTD/xhtml1-transitional.dtd">
<html xmlns="http://www.w3.org/1999/xhtml" xml:lang="en" lang="en">
 <head>
  <title>
</title>
<meta http-equiv="Content-Type" content="text/html;charset=utf-8" />
  <meta name='ocr-system' content='tesseract 3.04.00' />
  <meta name='ocr-capabilities' content='ocr_page ocr_carea ocr_par ocr_line ocrx_word'/>
</head>
<body>
  <div class='ocr_page' id='page_1' title='image "./metrologicorumsc01hultuoft_0297.png"; bbox 0 0 1946 3220; ppageno 0'>
   <div class='ocr_carea' id='block_1_1' title="bbox 103 139 1629 223">
    <p class='ocr_par' dir='ltr' id='par_1_1' title="bbox 0 139 1629 223">
     <span class='ocr_line' id='line_1_1' title="bbox 103 139 1629 223; baseline 0.001 -18.874"><span class='ocrx_word' id='word_1_1' title='bbox 103 153 205 223; x_wconf 85' lang='lat'><strong>[83]</strong></span> <span class='ocrx_word' id='word_1_2' title='bbox 544 170 690 204; x_wconf 64' lang='lat' dir='ltr'>omns</span> <span class='ocrx_word' id='word_1_3' title='bbox 728 170 794 204; x_wconf 79' lang='lat' dir='ltr'>Ac</span> <span class='ocrx_word' id='word_1_4' title='bbox 829 169 1180 205; x_wconf 66' lang='lat' dir='ltr'>Pounnmnus.</span> <span class='ocrx_word' id='word_1_5' title='bbox 1521 139 1629 206; x_wconf 78' lang='lat'>2&#39;69</span> 
     </span>
    </p>
   </div>
   <div class='ocr_carea' id='block_1_2' title="bbox 0 266 1627 598">
    <p class='ocr_par' dir='ltr' id='par_1_2' title="bbox 0 266 1627 598">
     <span class='ocr_line' id='line_1_2' title="bbox 0 266 1626 345; baseline 0 -12"><span class='ocrx_word' id='word_1_6' title='bbox 0 266 1 269; x_wconf 23' lang='lat'>¹</span> <span class='ocrx_word' id='word_1_7' title='bbox 66 292 71 296; x_wconf 81' lang='grc'><em>’</em></span> <span class='ocrx_word' id='word_1_8' title='bbox 101 279 245 344; x_wconf 86' lang='grc' dir='ltr'>ζωὴν</span> <span class='ocrx_word' id='word_1_9' title='bbox 282 278 463 332; x_wconf 83' lang='grc' dir='ltr'>αὐτῶν</span> <span class='ocrx_word' id='word_1_10' title='bbox 497 278 681 344; x_wconf 84' lang='grc' dir='ltr'>χρείαν</span> <span class='ocrx_word' id='word_1_11' title='bbox 715 278 866 343; x_wconf 83' lang='grc' dir='ltr'>εἶχον</span> <span class='ocrx_word' id='word_1_12' title='bbox 904 279 1042 344; x_wconf 88' lang='grc' dir='ltr'>πρὸς</span> <span class='ocrx_word' id='word_1_13' title='bbox 1076 279 1204 333; x_wconf 86' lang='grc' dir='ltr'>τοὺς</span> <span class='ocrx_word' id='word_1_14' title='bbox 1253 278 1626 345; x_wconf 85' lang='grc' dir='ltr'>ὑπεναντίους,</span> 
     </span>
     <span class='ocr_line' id='line_1_3' title="bbox 101 363 1625 428; baseline 0.001 -12"><span class='ocrx_word' id='word_1_15' title='bbox 101 365 184 416; x_wconf 89' lang='grc' dir='ltr'>καὶ</span> <span class='ocrx_word' id='word_1_16' title='bbox 214 363 300 417; x_wconf 87' lang='grc' dir='ltr'>διὰ</span> <span class='ocrx_word' id='word_1_17' title='bbox 324 367 434 416; x_wconf 84' lang='grc' dir='ltr'>τῶν</span> <span class='ocrx_word' id='word_1_18' title='bbox 459 363 726 416; x_wconf 84' lang='grc' dir='ltr'>τοιούτων</span> <span class='ocrx_word' id='word_1_19' title='bbox 753 363 846 415; x_wconf 89' lang='grc' dir='ltr'>τὰς</span> <span class='ocrx_word' id='word_1_20' title='bbox 872 365 1145 428; x_wconf 86' lang='grc' dir='ltr'>διοικήςεις</span> <span class='ocrx_word' id='word_1_21' title='bbox 1171 365 1479 428; x_wconf 78' lang='grc' dir='ltr'>ἐποιοῦντο,</span> <span class='ocrx_word' id='word_1_22' title='bbox 1505 363 1625 418; x_wconf 88' lang='grc' dir='ltr'>ἑκά-</span> 
     </span>
     <span class='ocr_line' id='line_1_4' title="bbox 101 444 1626 513; baseline -0.001 -12"><span class='ocrx_word' id='word_1_23' title='bbox 101 462 226 501; x_wconf 88' lang='grc' dir='ltr'>ςτου</span> <span class='ocrx_word' id='word_1_24' title='bbox 254 444 294 501; x_wconf 82' lang='grc' dir='ltr'>ε’</span> <span class='ocrx_word' id='word_1_25' title='bbox 320 447 444 513; x_wconf 84' lang='grc' dir='ltr'>βέλη</span> <span class='ocrx_word' id='word_1_26' title='bbox 471 448 553 500; x_wconf 89' lang='grc' dir='ltr'>καὶ</span> <span class='ocrx_word' id='word_1_27' title='bbox 588 446 618 499; x_wconf 87' lang='grc' dir='ltr'>ι’</span> <span class='ocrx_word' id='word_1_28' title='bbox 645 447 728 499; x_wconf 85' lang='grc' dir='ltr'>καὶ</span> <span class='ocrx_word' id='word_1_29' title='bbox 758 447 924 512; x_wconf 87' lang='grc' dir='ltr'>ἄρτον</span> <span class='ocrx_word' id='word_1_30' title='bbox 952 447 1318 513; x_wconf 72' lang='grc' dir='ltr'>ἀγοράζοντος</span> <span class='ocrx_word' id='word_1_31' title='bbox 1342 448 1374 512; x_wconf 87' lang='grc' dir='ltr'><strong>ἤ</strong></span> <span class='ocrx_word' id='word_1_32' title='bbox 1402 466 1449 501; x_wconf 89' lang='grc' dir='ltr'>τι</span> <span class='ocrx_word' id='word_1_33' title='bbox 1474 447 1626 501; x_wconf 89' lang='grc' dir='ltr'>ἄλλο.</span> 
     </span>
     <span class='ocr_line' id='line_1_5' title="bbox 31 530 1627 598; baseline 0.001 -14"><span class='ocrx_word' id='word_1_34' title='bbox 31 559 58 583; x_wconf 66' lang='grc' dir='ltr'><em>μ</em></span> <span class='ocrx_word' id='word_1_35' title='bbox 101 530 204 585; x_wconf 84' lang='grc' dir='ltr'>ἔςτι</span> <span class='ocrx_word' id='word_1_36' title='bbox 241 532 300 585; x_wconf 82' lang='grc' dir='ltr'>δὲ</span> <span class='ocrx_word' id='word_1_37' title='bbox 333 534 497 585; x_wconf 84' lang='grc' dir='ltr'>τοῦτο</span> <span class='ocrx_word' id='word_1_38' title='bbox 532 532 665 584; x_wconf 90' lang='grc' dir='ltr'>κατὰ</span> <span class='ocrx_word' id='word_1_39' title='bbox 699 532 795 596; x_wconf 80' lang='grc' dir='ltr'>μὲν</span> <span class='ocrx_word' id='word_1_40' title='bbox 831 532 927 596; x_wconf 87' lang='grc' dir='ltr'>τὴν</span> <span class='ocrx_word' id='word_1_41' title='bbox 965 532 1130 597; x_wconf 89' lang='grc' dir='ltr'>ὁλκὴν</span> <span class='ocrx_word' id='word_1_42' title='bbox 1156 531 1218 597; x_wconf 89' lang='grc' dir='ltr'>η”</span> <span class='ocrx_word' id='word_1_43' title='bbox 1243 535 1334 598; x_wconf 90' lang='grc' dir='ltr'>τῆς</span> <span class='ocrx_word' id='word_1_44' title='bbox 1359 534 1415 587; x_wconf 72' lang='grc' dir='ltr'>[ἲ.</span> <span class='ocrx_word' id='word_1_45' title='bbox 1466 531 1532 598; x_wconf 85' lang='grc' dir='ltr'>ἦν</span> <span class='ocrx_word' id='word_1_46' title='bbox 1567 534 1627 586; x_wconf 83' lang='grc' dir='ltr'>δὲ</span> 
     </span>
    </p>
   </div>
   <div class='ocr_carea' id='block_1_3' title="bbox 23 614 1687 682">
    <p class='ocr_par' dir='ltr' id='par_1_3' title="bbox 23 614 1687 682">
     <span class='ocr_line' id='line_1_6' title="bbox 23 614 1687 682; baseline 0.003 -14"><span class='ocrx_word' id='word_1_47' title='bbox 23 650 26 651; x_wconf 28' lang='lat'><em>⁷</em></span> <span class='ocrx_word' id='word_1_48' title='bbox 99 616 184 668; x_wconf 87' lang='grc' dir='ltr'>καὶ</span> <span class='ocrx_word' id='word_1_49' title='bbox 209 615 392 681; x_wconf 82' lang='grc' dir='ltr'>ἕτερος</span> <span class='ocrx_word' id='word_1_50' title='bbox 419 615 617 682; x_wconf 83' lang='grc' dir='ltr'>ὀβολὸς</span> <span class='ocrx_word' id='word_1_51' title='bbox 650 617 705 670; x_wconf 84' lang='grc' dir='ltr'>ἐξ</span> <span class='ocrx_word' id='word_1_52' title='bbox 738 614 975 682; x_wconf 89' lang='grc' dir='ltr'>ἀργύρου</span> <span class='ocrx_word' id='word_1_53' title='bbox 1013 616 1348 681; x_wconf 91' lang='grc' dir='ltr'>τυπτόμενον</span> <span class='ocrx_word' id='word_1_54' title='bbox 1388 616 1627 682; x_wconf 81' lang='grc' dir='ltr'>νόμιςμα,</span> <span class='ocrx_word' id='word_1_55' title='bbox 1659 633 1687 674; x_wconf 88' lang='lat'>5</span> 
     </span>
    </p>
   </div>
   <div class='ocr_carea' id='block_1_4' title="bbox 77 698 1719 1539">
    <p class='ocr_par' dir='ltr' id='par_1_4' title="bbox 77 698 1628 853">
     <span class='ocr_line' id='line_1_7' title="bbox 101 698 1628 765; baseline 0.001 -13"><span class='ocrx_word' id='word_1_56' title='bbox 101 698 133 752; x_wconf 87' lang='grc' dir='ltr'>ὃ</span> <span class='ocrx_word' id='word_1_57' title='bbox 160 698 225 763; x_wconf 86' lang='grc' dir='ltr'>ἦν</span> <span class='ocrx_word' id='word_1_58' title='bbox 254 700 613 765; x_wconf 78' lang='grc' dir='ltr'>λεπτότατον,</span> <span class='ocrx_word' id='word_1_59' title='bbox 643 700 1007 765; x_wconf 88' lang='grc' dir='ltr'>ὀγδοηκοςτόν</span> <span class='ocrx_word' id='word_1_60' title='bbox 1043 701 1103 754; x_wconf 83' lang='grc' dir='ltr'>δὲ</span> <span class='ocrx_word' id='word_1_61' title='bbox 1136 703 1228 765; x_wconf 88' lang='grc' dir='ltr'>τῆς</span> <span class='ocrx_word' id='word_1_62' title='bbox 1259 703 1313 755; x_wconf 66' lang='grc' dir='ltr'><strong>Ιῗῐ.</strong></span> <span class='ocrx_word' id='word_1_63' title='bbox 1361 701 1424 754; x_wconf 90' lang='grc' dir='ltr'>τὸ</span> <span class='ocrx_word' id='word_1_64' title='bbox 1457 702 1516 754; x_wconf 80' lang='grc' dir='ltr'>δὲ</span> <span class='ocrx_word' id='word_1_65' title='bbox 1553 702 1628 754; x_wconf 85' lang='grc' dir='ltr'>δί-</span> 
     </span>
     <span class='ocr_line' id='line_1_8' title="bbox 77 783 1120 853; baseline 0 -16"><span class='ocrx_word' id='word_1_66' title='bbox 77 786 338 853; x_wconf 30' lang='grc' dir='ltr'>,δραγμον</span> <span class='ocrx_word' id='word_1_67' title='bbox 364 784 407 836; x_wconf 82' lang='grc' dir='ltr'>κ’</span> <span class='ocrx_word' id='word_1_68' title='bbox 434 784 650 851; x_wconf 79' lang='grc' dir='ltr'>ὀβολοί,</span> <span class='ocrx_word' id='word_1_69' title='bbox 678 784 708 837; x_wconf 93' lang='grc' dir='ltr'>ὅ</span> <span class='ocrx_word' id='word_1_70' title='bbox 736 784 839 838; x_wconf 85' lang='grc' dir='ltr'>ἑςτι</span> <span class='ocrx_word' id='word_1_71' title='bbox 865 783 926 837; x_wconf 82' lang='grc' dir='ltr'>δ”</span> <span class='ocrx_word' id='word_1_72' title='bbox 948 786 1040 849; x_wconf 86' lang='grc' dir='ltr'>τῆς</span> <span class='ocrx_word' id='word_1_73' title='bbox 1065 786 1120 839; x_wconf 70' lang='grc' dir='ltr'><strong>Ιῖ.</strong></span> 
     </span>
    </p>

    <p class='ocr_par' dir='ltr' id='par_1_5' title="bbox 100 881 1628 1032">
     <span class='ocr_line' id='line_1_9' title="bbox 174 881 1628 948; baseline 0.003 -15"><span class='ocrx_word' id='word_1_74' title='bbox 174 881 254 935; x_wconf 81' lang='grc'><strong>12.</strong></span> <span class='ocrx_word' id='word_1_75' title='bbox 292 883 351 936; x_wconf 90' lang='grc' dir='ltr'>Ὁ</span> <span class='ocrx_word' id='word_1_76' title='bbox 378 884 437 936; x_wconf 82' lang='grc' dir='ltr'>δὲ</span> <span class='ocrx_word' id='word_1_77' title='bbox 462 884 660 948; x_wconf 87' lang='grc' dir='ltr'>χαλκὸς</span> <span class='ocrx_word' id='word_1_78' title='bbox 694 882 950 948; x_wconf 85' lang='grc' dir='ltr'>ἀργύριόν</span> <span class='ocrx_word' id='word_1_79' title='bbox 977 883 1081 936; x_wconf 87' lang='grc' dir='ltr'>ἑςτι</span> <span class='ocrx_word' id='word_1_80' title='bbox 1110 883 1459 947; x_wconf 79' lang='grc' dir='ltr'>τετυμμένον,</span> <span class='ocrx_word' id='word_1_81' title='bbox 1500 883 1628 937; x_wconf 83' lang='grc' dir='ltr'>ὅθεν</span> 
     </span>
     <span class='ocr_line' id='line_1_10' title="bbox 100 966 1511 1032; baseline -0.001 -12"><span class='ocrx_word' id='word_1_82' title='bbox 100 967 234 1032; x_wconf 78' lang='grc' dir='ltr'>παρ’</span> <span class='ocrx_word' id='word_1_83' title='bbox 260 967 653 1032; x_wconf 84' lang='grc' dir='ltr'>Ἀλεξανδρεῡςι</span> <span class='ocrx_word' id='word_1_84' title='bbox 674 967 740 1020; x_wconf 90' lang='grc' dir='ltr'>τὰ</span> <span class='ocrx_word' id='word_1_85' title='bbox 766 966 991 1032; x_wconf 83' lang='grc' dir='ltr'>ἀργύρια</span> <span class='ocrx_word' id='word_1_86' title='bbox 1017 967 1238 1031; x_wconf 88' lang='grc' dir='ltr'>χαλκινὰ</span> <span class='ocrx_word' id='word_1_87' title='bbox 1266 969 1511 1020; x_wconf 88' lang='grc' dir='ltr'>καλεῖται.</span> 
     </span>
    </p>

    <p class='ocr_par' dir='ltr' id='par_1_6' title="bbox 173 1050 1719 1117">
     <span class='ocr_line' id='line_1_11' title="bbox 173 1050 1719 1117; baseline 0.005 -14"><span class='ocrx_word' id='word_1_88' title='bbox 173 1051 252 1104; x_wconf 84' lang='grc'><strong>13.</strong></span> <span class='ocrx_word' id='word_1_89' title='bbox 291 1052 426 1105; x_wconf 83' lang='grc' dir='ltr'>’Έςτι</span> <span class='ocrx_word' id='word_1_90' title='bbox 451 1053 510 1105; x_wconf 84' lang='grc' dir='ltr'>δὲ</span> <span class='ocrx_word' id='word_1_91' title='bbox 534 1050 597 1116; x_wconf 87' lang='grc' dir='ltr'>η”</span> <span class='ocrx_word' id='word_1_92' title='bbox 621 1054 714 1116; x_wconf 87' lang='grc' dir='ltr'>τῆς</span> <span class='ocrx_word' id='word_1_93' title='bbox 743 1052 782 1105; x_wconf 70' lang='grc' dir='ltr'>Ιῗ</span> <span class='ocrx_word' id='word_1_94' title='bbox 807 1051 840 1116; x_wconf 83' lang='grc' dir='ltr'>ἢ</span> <span class='ocrx_word' id='word_1_95' title='bbox 867 1051 1085 1117; x_wconf 89' lang='grc' dir='ltr'>δράχμη.</span> <span class='ocrx_word' id='word_1_96' title='bbox 1663 1071 1719 1114; x_wconf 85' lang='grc'>10</span> 
     </span>
    </p>

    <p class='ocr_par' dir='ltr' id='par_1_7' title="bbox 99 1134 1631 1456">
     <span class='ocr_line' id='line_1_12' title="bbox 173 1134 1629 1205; baseline 0.002 -18"><span class='ocrx_word' id='word_1_97' title='bbox 173 1134 269 1188; x_wconf 62' lang='grc'><strong>14.«</strong></span> <span class='ocrx_word' id='word_1_98' title='bbox 292 1137 417 1190; x_wconf 88' lang='grc' dir='ltr'>Μνᾶ</span> <span class='ocrx_word' id='word_1_99' title='bbox 453 1136 571 1189; x_wconf 91' lang='grc' dir='ltr'>ἀντὶ</span> <span class='ocrx_word' id='word_1_100' title='bbox 603 1139 699 1189; x_wconf 88' lang='grc' dir='ltr'>τοῦ</span> <span class='ocrx_word' id='word_1_101' title='bbox 737 1135 899 1201; x_wconf 86' lang='grc' dir='ltr'>μανή·</span> <span class='ocrx_word' id='word_1_102' title='bbox 937 1140 1000 1205; x_wconf 84' lang='grc' dir='ltr'>τῇ</span> <span class='ocrx_word' id='word_1_103' title='bbox 1035 1136 1138 1200; x_wconf 90' lang='grc' dir='ltr'>γὰρ</span> <span class='ocrx_word' id='word_1_104' title='bbox 1172 1136 1398 1202; x_wconf 79' lang='grc' dir='ltr'>Ἑβραῒδι</span> <span class='ocrx_word' id='word_1_105' title='bbox 1427 1135 1565 1201; x_wconf 89' lang='grc' dir='ltr'>μανὴ</span> <span class='ocrx_word' id='word_1_106' title='bbox 1597 1136 1629 1189; x_wconf 88' lang='grc' dir='ltr'>ὁ</span> 
     </span>
     <span class='ocr_line' id='line_1_13' title="bbox 99 1220 1631 1286; baseline -0.001 -13"><span class='ocrx_word' id='word_1_107' title='bbox 99 1220 334 1286; x_wconf 84' lang='grc' dir='ltr'>ἄργυρος</span> <span class='ocrx_word' id='word_1_108' title='bbox 368 1223 612 1274; x_wconf 91' lang='grc' dir='ltr'>καλεῖται.</span> <span class='ocrx_word' id='word_1_109' title='bbox 664 1220 696 1284; x_wconf 83' lang='grc' dir='ltr'>ἡ</span> <span class='ocrx_word' id='word_1_110' title='bbox 733 1221 827 1285; x_wconf 79' lang='grc' dir='ltr'>μὲν</span> <span class='ocrx_word' id='word_1_111' title='bbox 865 1221 1079 1285; x_wconf 86' lang='grc' dir='ltr'>Ἰταλικὴ</span> <span class='ocrx_word' id='word_1_112' title='bbox 1115 1221 1161 1285; x_wconf 82' lang='grc' dir='ltr'>μ’</span> <span class='ocrx_word' id='word_1_113' title='bbox 1197 1221 1471 1285; x_wconf 87' lang='grc' dir='ltr'>ςτατήρων</span> <span class='ocrx_word' id='word_1_114' title='bbox 1506 1221 1631 1284; x_wconf 80' lang='grc' dir='ltr'>ἐςτί,</span> 
     </span>
     <span class='ocr_line' id='line_1_14' title="bbox 99 1303 1630 1370; baseline 0 -13"><span class='ocrx_word' id='word_1_115' title='bbox 99 1306 366 1359; x_wconf 89' lang='grc' dir='ltr'>τουτὲςτιν</span> <span class='ocrx_word' id='word_1_116' title='bbox 394 1307 434 1360; x_wconf 72' lang='grc' dir='ltr'>Ιΐ</span> <span class='ocrx_word' id='word_1_117' title='bbox 461 1304 504 1358; x_wconf 90' lang='grc' dir='ltr'>κ’</span> <span class='ocrx_word' id='word_1_118' title='bbox 529 1306 571 1359; x_wconf 76' lang='grc' dir='ltr'>Α</span> <span class='ocrx_word' id='word_1_119' title='bbox 596 1303 644 1357; x_wconf 84' lang='grc' dir='ltr'>α’</span> <span class='ocrx_word' id='word_1_120' title='bbox 667 1305 751 1357; x_wconf 84' lang='grc' dir='ltr'>καὶ</span> <span class='ocrx_word' id='word_1_121' title='bbox 776 1304 1031 1370; x_wconf 79' lang='grc' dir='ltr'>διμοίρου.</span> <span class='ocrx_word' id='word_1_122' title='bbox 1078 1303 1111 1369; x_wconf 85' lang='grc' dir='ltr'><strong>ἡ</strong></span> <span class='ocrx_word' id='word_1_123' title='bbox 1147 1305 1206 1357; x_wconf 84' lang='grc' dir='ltr'>δὲ</span> <span class='ocrx_word' id='word_1_124' title='bbox 1240 1305 1473 1370; x_wconf 87' lang='grc' dir='ltr'>Θηβαϊκὴ</span> <span class='ocrx_word' id='word_1_125' title='bbox 1502 1321 1630 1358; x_wconf 81' lang='grc' dir='ltr'>,ςτα-</span> 
     </span>
     <span class='ocr_line' id='line_1_15' title="bbox 100 1387 1000 1456; baseline -0.003 -13"><span class='ocrx_word' id='word_1_126' title='bbox 100 1389 279 1456; x_wconf 86' lang='grc' dir='ltr'>τήρων</span> <span class='ocrx_word' id='word_1_127' title='bbox 306 1388 365 1453; x_wconf 79' lang='grc' dir='ltr'>ξ’,</span> <span class='ocrx_word' id='word_1_128' title='bbox 399 1390 634 1442; x_wconf 89' lang='grc' dir='ltr'>τουτέςτι</span> <span class='ocrx_word' id='word_1_129' title='bbox 660 1391 854 1453; x_wconf 84' lang='grc' dir='ltr'>λιτρῶν</span> <span class='ocrx_word' id='word_1_130' title='bbox 882 1387 926 1454; x_wconf 87' lang='grc' dir='ltr'>β’</span> <span class='ocrx_word' id='word_1_131' title='bbox 952 1388 1000 1441; x_wconf 86' lang='lat' dir='ltr'>C.</span> 
     </span>
    </p>

    <p class='ocr_par' dir='ltr' id='par_1_8' title="bbox 174 1472 1718 1539">
     <span class='ocr_line' id='line_1_16' title="bbox 174 1472 1718 1539; baseline 0.003 -13"><span class='ocrx_word' id='word_1_132' title='bbox 174 1473 253 1526; x_wconf 85' lang='lat'>15.</span> <span class='ocrx_word' id='word_1_133' title='bbox 291 1473 500 1526; x_wconf 87' lang='grc' dir='ltr'>Πολλοὶ</span> <span class='ocrx_word' id='word_1_134' title='bbox 525 1474 584 1526; x_wconf 81' lang='grc' dir='ltr'>δὲ</span> <span class='ocrx_word' id='word_1_135' title='bbox 602 1473 760 1526; x_wconf 85' lang='grc' dir='ltr'>τύποι</span> <span class='ocrx_word' id='word_1_136' title='bbox 784 1472 1054 1538; x_wconf 85' lang='grc' dir='ltr'>ἀργυρίων</span> <span class='ocrx_word' id='word_1_137' title='bbox 1070 1472 1317 1536; x_wconf 82' lang='grc' dir='ltr'>τοπάλαι,</span> <span class='ocrx_word' id='word_1_138' title='bbox 1345 1472 1439 1527; x_wconf 80' lang='grc' dir='ltr'>οὓς</span> <span class='ocrx_word' id='word_1_139' title='bbox 1467 1490 1629 1539; x_wconf 92' lang='grc' dir='ltr'>νουμ-</span> <span class='ocrx_word' id='word_1_140' title='bbox 1662 1491 1718 1534; x_wconf 82' lang='lat'>15</span> 
     </span>
    </p>
   </div>
   <div class='ocr_carea' id='block_1_5' title="bbox 9 1548 1510 1622">
    <p class='ocr_par' dir='ltr' id='par_1_9' title="bbox 9 1548 1510 1622">
     <span class='ocr_line' id='line_1_17' title="bbox 9 1548 1510 1622; baseline -0.001 -11"><span class='ocrx_word' id='word_1_141' title='bbox 9 1548 11 1551; x_wconf 38' lang='lat'>¹</span> <span class='ocrx_word' id='word_1_142' title='bbox 99 1557 188 1622; x_wconf 88' lang='grc' dir='ltr'>μοὶ</span> <span class='ocrx_word' id='word_1_143' title='bbox 214 1557 442 1611; x_wconf 81' lang='grc' dir='ltr'>ἐκάλουν</span> <span class='ocrx_word' id='word_1_144' title='bbox 470 1557 579 1610; x_wconf 91' lang='grc' dir='ltr'>ἀπὸ</span> <span class='ocrx_word' id='word_1_145' title='bbox 609 1557 831 1622; x_wconf 85' lang='grc' dir='ltr'>Νούμμα</span> <span class='ocrx_word' id='word_1_146' title='bbox 848 1597 862 1620; x_wconf 79' lang='lat'>,</span> <span class='ocrx_word' id='word_1_147' title='bbox 902 1556 956 1610; x_wconf 81' lang='grc' dir='ltr'>ἐξ</span> <span class='ocrx_word' id='word_1_148' title='bbox 983 1556 1048 1610; x_wconf 83' lang='grc' dir='ltr'>οὗ</span> <span class='ocrx_word' id='word_1_149' title='bbox 1076 1557 1160 1610; x_wconf 86' lang='grc' dir='ltr'>καὶ</span> <span class='ocrx_word' id='word_1_150' title='bbox 1185 1557 1247 1610; x_wconf 91' lang='grc' dir='ltr'>τὸ</span> <span class='ocrx_word' id='word_1_151' title='bbox 1273 1556 1510 1622; x_wconf 89' lang='grc' dir='ltr'>νόμιςμα.</span> 
     </span>
    </p>
   </div>
   <div class='ocr_carea' id='block_1_6' title="bbox 26 1640 1717 2421">
    <p class='ocr_par' dir='ltr' id='par_1_10' title="bbox 89 1640 1631 1711">
     <span class='ocr_line' id='line_1_18' title="bbox 89 1640 1631 1711; baseline 0.001 -18"><span class='ocrx_word' id='word_1_152' title='bbox 89 1672 104 1686; x_wconf 89' lang='lat'><strong>·</strong></span> <span class='ocrx_word' id='word_1_153' title='bbox 175 1640 254 1694; x_wconf 84' lang='lat'>16.</span> <span class='ocrx_word' id='word_1_154' title='bbox 282 1641 611 1708; x_wconf 87' lang='grc' dir='ltr'>Μιλιαρίςιον</span> <span class='ocrx_word' id='word_1_155' title='bbox 639 1642 774 1694; x_wconf 80' lang='grc' dir='ltr'>δὲτὸ</span> <span class='ocrx_word' id='word_1_156' title='bbox 796 1641 1089 1706; x_wconf 76' lang='grc' dir='ltr'>ἀργυροῦν,</span> <span class='ocrx_word' id='word_1_157' title='bbox 1116 1641 1146 1694; x_wconf 89' lang='grc' dir='ltr'>ὅ</span> <span class='ocrx_word' id='word_1_158' title='bbox 1169 1642 1273 1694; x_wconf 82' lang='grc' dir='ltr'>ἐςτι</span> <span class='ocrx_word' id='word_1_159' title='bbox 1299 1641 1404 1710; x_wconf 90' lang='grc' dir='ltr'>[καὶ</span> <span class='ocrx_word' id='word_1_160' title='bbox 1421 1642 1631 1711; x_wconf 90' lang='grc' dir='ltr'>ἀ]ςτρα-</span> 
     </span>
    </p>

    <p class='ocr_par' dir='ltr' id='par_1_11' title="bbox 99 1725 1218 1791">
     <span class='ocr_line' id='line_1_19' title="bbox 99 1725 1218 1791; baseline -0.002 -12"><span class='ocrx_word' id='word_1_161' title='bbox 99 1726 345 1780; x_wconf 79' lang='grc' dir='ltr'>τιωτικὸν</span> <span class='ocrx_word' id='word_1_162' title='bbox 377 1727 539 1791; x_wconf 83' lang='grc' dir='ltr'>δόμα·</span> <span class='ocrx_word' id='word_1_163' title='bbox 567 1725 754 1791; x_wconf 89' lang='grc' dir='ltr'>μιλίτια</span> <span class='ocrx_word' id='word_1_164' title='bbox 778 1726 882 1791; x_wconf 88' lang='grc' dir='ltr'>γὰρ</span> <span class='ocrx_word' id='word_1_165' title='bbox 906 1726 938 1790; x_wconf 81' lang='grc' dir='ltr'>ἡ</span> <span class='ocrx_word' id='word_1_166' title='bbox 966 1726 1218 1791; x_wconf 90' lang='grc' dir='ltr'>ςτρατεία.</span> 
     </span>
    </p>

    <p class='ocr_par' dir='ltr' id='par_1_12' title="bbox 39 1808 1633 1877">
     <span class='ocr_line' id='line_1_20' title="bbox 39 1808 1633 1877; baseline 0.001 -15"><span class='ocrx_word' id='word_1_167' title='bbox 39 1867 43 1871; x_wconf 58' lang='grc'><strong>,</strong></span> <span class='ocrx_word' id='word_1_168' title='bbox 176 1811 255 1863; x_wconf 84' lang='grc'><strong>17.</strong></span> <span class='ocrx_word' id='word_1_169' title='bbox 294 1811 353 1864; x_wconf 91' lang='grc' dir='ltr'>Ὁ</span> <span class='ocrx_word' id='word_1_170' title='bbox 390 1810 582 1877; x_wconf 89' lang='grc' dir='ltr'>φόλλις</span> <span class='ocrx_word' id='word_1_171' title='bbox 617 1808 722 1874; x_wconf 90' lang='grc' dir='ltr'>ρκε’</span> <span class='ocrx_word' id='word_1_172' title='bbox 757 1809 983 1874; x_wconf 85' lang='grc' dir='ltr'>ἀργύρια</span> <span class='ocrx_word' id='word_1_173' title='bbox 1020 1812 1242 1875; x_wconf 91' lang='grc' dir='ltr'>πληροῖ·</span> <span class='ocrx_word' id='word_1_174' title='bbox 1290 1812 1522 1863; x_wconf 88' lang='grc' dir='ltr'>καλεῖται</span> <span class='ocrx_word' id='word_1_175' title='bbox 1571 1812 1633 1864; x_wconf 86' lang='grc' dir='ltr'>δὲ</span> 
     </span>
    </p>

    <p class='ocr_par' dir='ltr' id='par_1_13' title="bbox 30 1894 1717 2060">
     <span class='ocr_line' id='line_1_21' title="bbox 30 1894 1717 1961; baseline -0.003 -12"><span class='ocrx_word' id='word_1_176' title='bbox 30 1932 34 1934; x_wconf 31' lang='lat'><em>⁷</em></span> <span class='ocrx_word' id='word_1_177' title='bbox 95 1896 248 1961; x_wconf 84' lang='grc' dir='ltr'>παρὰ</span> <span class='ocrx_word' id='word_1_178' title='bbox 276 1895 553 1961; x_wconf 87' lang='grc' dir='ltr'>Ῥωμαίοις</span> <span class='ocrx_word' id='word_1_179' title='bbox 579 1894 820 1948; x_wconf 85' lang='grc' dir='ltr'>θύλακος.</span> <span class='ocrx_word' id='word_1_180' title='bbox 1661 1914 1717 1955; x_wconf 81' lang='lat'>20</span> 
     </span>
     <span class='ocr_line' id='line_1_22' title="bbox 177 1990 1633 2060; baseline -0.001 -13"><span class='ocrx_word' id='word_1_181' title='bbox 177 1994 258 2048; x_wconf 87' lang='grc'>18.</span> <span class='ocrx_word' id='word_1_182' title='bbox 301 1994 485 2060; x_wconf 73' lang='grc' dir='ltr'>Μάριε·</span> <span class='ocrx_word' id='word_1_183' title='bbox 506 1995 700 2060; x_wconf 87' lang='grc' dir='ltr'>μέτρον</span> <span class='ocrx_word' id='word_1_184' title='bbox 737 1994 842 2047; x_wconf 83' lang='grc' dir='ltr'>ἐςτὶ</span> <span class='ocrx_word' id='word_1_185' title='bbox 876 1992 1146 2046; x_wconf 88' lang='grc' dir='ltr'>Ποντικὸν</span> <span class='ocrx_word' id='word_1_186' title='bbox 1178 1990 1222 2058; x_wconf 85' lang='grc' dir='ltr'>β’</span> <span class='ocrx_word' id='word_1_187' title='bbox 1247 1992 1461 2058; x_wconf 83' lang='grc' dir='ltr'>ὑδριῶν.</span> <span class='ocrx_word' id='word_1_188' title='bbox 1513 1993 1545 2057; x_wconf 82' lang='grc' dir='ltr'>ἦ</span> <span class='ocrx_word' id='word_1_189' title='bbox 1571 1993 1633 2046; x_wconf 85' lang='grc' dir='ltr'>δὲ</span> 
     </span>
    </p>

    <p class='ocr_par' dir='ltr' id='par_1_14' title="bbox 103 2076 1632 2147">
     <span class='ocr_line' id='line_1_23' title="bbox 103 2076 1632 2147; baseline -0.002 -14"><span class='ocrx_word' id='word_1_190' title='bbox 103 2079 257 2147; x_wconf 82' lang='grc' dir='ltr'>ὑδρία</span> <span class='ocrx_word' id='word_1_191' title='bbox 281 2081 415 2145; x_wconf 79' lang='grc' dir='ltr'>παρ’</span> <span class='ocrx_word' id='word_1_192' title='bbox 443 2078 682 2132; x_wconf 59' lang='grc' dir='ltr'>αὐτοῖςϊ</span> <span class='ocrx_word' id='word_1_193' title='bbox 702 2081 899 2134; x_wconf 81' lang='grc' dir='ltr'>ξεςτῶν</span> <span class='ocrx_word' id='word_1_194' title='bbox 941 2078 1103 2142; x_wconf 79' lang='grc' dir='ltr'>ἐςτιν,</span> <span class='ocrx_word' id='word_1_195' title='bbox 1145 2077 1220 2131; x_wconf 82' lang='grc' dir='ltr'>ὡς</span> <span class='ocrx_word' id='word_1_196' title='bbox 1257 2076 1395 2131; x_wconf 81' lang='grc' dir='ltr'>εἶναι</span> <span class='ocrx_word' id='word_1_197' title='bbox 1420 2077 1517 2131; x_wconf 87' lang='grc' dir='ltr'>τὸν</span> <span class='ocrx_word' id='word_1_198' title='bbox 1541 2077 1632 2130; x_wconf 85' lang='grc' dir='ltr'>κύ-</span> 
     </span>
    </p>

    <p class='ocr_par' dir='ltr' id='par_1_15' title="bbox 26 2163 1717 2421">
     <span class='ocr_line' id='line_1_24' title="bbox 103 2163 1002 2230; baseline -0.003 -12"><span class='ocrx_word' id='word_1_199' title='bbox 103 2181 245 2230; x_wconf 91' lang='grc' dir='ltr'>προν</span> <span class='ocrx_word' id='word_1_200' title='bbox 281 2163 325 2217; x_wconf 90' lang='grc' dir='ltr'>κ’</span> <span class='ocrx_word' id='word_1_201' title='bbox 349 2167 544 2219; x_wconf 87' lang='grc' dir='ltr'>ξεςτῶν</span> <span class='ocrx_word' id='word_1_202' title='bbox 571 2165 1002 2228; x_wconf 85' lang='grc' dir='ltr'>Ἀλεξανδρινῶν.</span> 
     </span>
     <span class='ocr_line' id='line_1_25' title="bbox 71 2245 1634 2329; baseline -0.001 -14"><span class='ocrx_word' id='word_1_203' title='bbox 71 2245 78 2259; x_wconf 65' lang='lat'><em>&#39;</em></span> <span class='ocrx_word' id='word_1_204' title='bbox 178 2263 257 2316; x_wconf 90' lang='grc'>19.</span> <span class='ocrx_word' id='word_1_205' title='bbox 295 2263 355 2317; x_wconf 89' lang='lat'>‘0</span> <span class='ocrx_word' id='word_1_206' title='bbox 388 2263 590 2329; x_wconf 87' lang='grc' dir='ltr'>κύπρος</span> <span class='ocrx_word' id='word_1_207' title='bbox 626 2263 820 2328; x_wconf 86' lang='grc' dir='ltr'>μέτρον</span> <span class='ocrx_word' id='word_1_208' title='bbox 856 2262 960 2314; x_wconf 82' lang='grc' dir='ltr'>ἐςτὶ</span> <span class='ocrx_word' id='word_1_209' title='bbox 994 2261 1197 2326; x_wconf 91' lang='grc' dir='ltr'>μοδίων</span> <span class='ocrx_word' id='word_1_210' title='bbox 1234 2260 1295 2327; x_wconf 75' lang='grc' dir='ltr'>β’,</span> <span class='ocrx_word' id='word_1_211' title='bbox 1330 2261 1540 2324; x_wconf 91' lang='grc' dir='ltr'>λέγεται</span> <span class='ocrx_word' id='word_1_212' title='bbox 1573 2261 1634 2314; x_wconf 79' lang='grc' dir='ltr'>δὲ</span> 
     </span>
     <span class='ocr_line' id='line_1_26' title="bbox 26 2338 1717 2421; baseline 0 -20"><span class='ocrx_word' id='word_1_213' title='bbox 26 2418 28 2421; x_wconf 12' lang='lat' dir='ltr'>v</span> <span class='ocrx_word' id='word_1_214' title='bbox 104 2347 243 2401; x_wconf 82' lang='grc' dir='ltr'>εἶναι</span> <span class='ocrx_word' id='word_1_215' title='bbox 276 2349 422 2413; x_wconf 90' lang='grc' dir='ltr'>παρὰ</span> <span class='ocrx_word' id='word_1_216' title='bbox 456 2349 568 2400; x_wconf 89' lang='grc' dir='ltr'>τοῖς</span> <span class='ocrx_word' id='word_1_217' title='bbox 602 2347 888 2400; x_wconf 82' lang='grc' dir='ltr'>Ποντικοῖς</span> <span class='ocrx_word' id='word_1_218' title='bbox 919 2338 1171 2412; x_wconf 86' lang='grc' dir='ltr'>χοινίκων</span> <span class='ocrx_word' id='word_1_219' title='bbox 1198 2344 1253 2399; x_wconf 84' lang='grc' dir='ltr'>ε’.</span> <span class='ocrx_word' id='word_1_220' title='bbox 1302 2345 1334 2409; x_wconf 88' lang='grc' dir='ltr'>ἡ</span> <span class='ocrx_word' id='word_1_221' title='bbox 1366 2347 1425 2398; x_wconf 79' lang='grc' dir='ltr'>δὲ</span> <span class='ocrx_word' id='word_1_222' title='bbox 1460 2344 1631 2410; x_wconf 85' lang='grc' dir='ltr'>χοῖνίξ</span> <span class='ocrx_word' id='word_1_223' title='bbox 1661 2361 1717 2403; x_wconf 80' lang='lat'>25</span> 
     </span>
    </p>
   </div>
   <div class='ocr_carea' id='block_1_7' title="bbox 103 2476 442 2485">
    <p class='ocr_par' dir='ltr' id='par_1_16' title="bbox 103 2476 442 2485">
     <span class='ocr_line' id='line_1_27' title="bbox 103 2476 442 2485; baseline 0 735"><span class='ocrx_word' id='word_1_224' title='bbox 103 2476 442 2485; x_wconf 95' lang='lat' dir='ltr'> </span> 
     </span>
    </p>
   </div>
   <div class='ocr_carea' id='block_1_8' title="bbox 103 2542 1633 3019">
    <p class='ocr_par' dir='ltr' id='par_1_17' title="bbox 103 2542 1633 3019">
     <span class='ocr_line' id='line_1_28' title="bbox 220 2542 1630 2598; baseline -0.001 -11"><span class='ocrx_word' id='word_1_225' title='bbox 220 2549 287 2589; x_wconf 88' lang='lat'>13.</span> <span class='ocrx_word' id='word_1_226' title='bbox 319 2546 346 2593; x_wconf 74' lang='grc' dir='ltr'>λ</span> <span class='ocrx_word' id='word_1_227' title='bbox 379 2545 545 2587; x_wconf 81' lang='lat' dir='ltr'>cursim</span> <span class='ocrx_word' id='word_1_228' title='bbox 576 2545 792 2598; x_wconf 82' lang='lat' dir='ltr'>scriptum</span> <span class='ocrx_word' id='word_1_229' title='bbox 824 2545 871 2584; x_wconf 90' lang='lat' dir='ltr'>in</span> <span class='ocrx_word' id='word_1_230' title='bbox 901 2542 951 2585; x_wconf 87' lang='lat' dir='ltr'>Pi</span> <span class='ocrx_word' id='word_1_231' title='bbox 983 2543 1050 2596; x_wconf 84' lang='lat' dir='ltr'>(ut</span> <span class='ocrx_word' id='word_1_232' title='bbox 1080 2556 1218 2597; x_wconf 79' lang='lat' dir='ltr'><strong>supra</strong></span> <span class='ocrx_word' id='word_1_233' title='bbox 1250 2543 1306 2587; x_wconf 88' lang='lat' dir='ltr'>fr.</span> <span class='ocrx_word' id='word_1_234' title='bbox 1327 2544 1403 2595; x_wconf 90' lang='lat'>80,</span> <span class='ocrx_word' id='word_1_235' title='bbox 1425 2542 1474 2595; x_wconf 82' lang='lat'>2)</span> <span class='ocrx_word' id='word_1_236' title='bbox 1563 2545 1630 2585; x_wconf 82' lang='lat'>16.</span> 
     </span>
     <span class='ocr_line' id='line_1_29' title="bbox 112 2611 1631 2670; baseline -0.003 -11"><span class='ocrx_word' id='word_1_237' title='bbox 112 2614 228 2670; x_wconf 87' lang='grc' dir='ltr'>ἀπὸ]</span> <span class='ocrx_word' id='word_1_238' title='bbox 259 2616 335 2657; x_wconf 87' lang='lat' dir='ltr'>hic</span> <span class='ocrx_word' id='word_1_239' title='bbox 369 2616 533 2669; x_wconf 81' lang='lat' dir='ltr'>incipit</span> <span class='ocrx_word' id='word_1_240' title='bbox 560 2612 611 2655; x_wconf 69' lang='grc' dir='ltr'>Ρι</span> <span class='ocrx_word' id='word_1_241' title='bbox 730 2615 796 2654; x_wconf 77' lang='grc'><strong>17.</strong></span> <span class='ocrx_word' id='word_1_242' title='bbox 831 2611 1108 2665; x_wconf 84' lang='grc' dir='ltr'>μελιαρίςιον</span> <span class='ocrx_word' id='word_1_243' title='bbox 1138 2611 1189 2654; x_wconf 89' lang='grc' dir='ltr'>Ρι</span> <span class='ocrx_word' id='word_1_244' title='bbox 1304 2613 1379 2655; x_wconf 82' lang='grc' dir='ltr'>καὶ</span> <span class='ocrx_word' id='word_1_245' title='bbox 1410 2611 1440 2655; x_wconf 90' lang='grc' dir='ltr'>ἀ</span> <span class='ocrx_word' id='word_1_246' title='bbox 1470 2627 1557 2655; x_wconf 90' lang='lat' dir='ltr'>om.</span> <span class='ocrx_word' id='word_1_247' title='bbox 1580 2611 1631 2654; x_wconf 70' lang='lat' dir='ltr'>P*</span> 
     </span>
     <span class='ocr_line' id='line_1_30' title="bbox 103 2680 1632 2737; baseline -0.001 -10"><span class='ocrx_word' id='word_1_248' title='bbox 103 2687 177 2730; x_wconf 82' lang='lat'>18.</span> <span class='ocrx_word' id='word_1_249' title='bbox 209 2682 374 2737; x_wconf 85' lang='grc' dir='ltr'>μιλίτις</span> <span class='ocrx_word' id='word_1_250' title='bbox 412 2683 477 2736; x_wconf 69' lang='grc' dir='ltr'>Ρί,</span> <span class='ocrx_word' id='word_1_251' title='bbox 522 2682 679 2736; x_wconf 86' lang='grc' dir='ltr'>μιλίςις</span> <span class='ocrx_word' id='word_1_252' title='bbox 710 2682 762 2725; x_wconf 84' lang='grc' dir='ltr'>Ρι</span> <span class='ocrx_word' id='word_1_253' title='bbox 877 2681 1068 2735; x_wconf 87' lang='grc' dir='ltr'>ςτρατιά</span> <span class='ocrx_word' id='word_1_254' title='bbox 1096 2680 1148 2724; x_wconf 87' lang='grc' dir='ltr'>Ρι</span> <span class='ocrx_word' id='word_1_255' title='bbox 1265 2685 1330 2726; x_wconf 89' lang='grc'><strong>19.</strong></span> <span class='ocrx_word' id='word_1_256' title='bbox 1369 2682 1421 2726; x_wconf 91' lang='grc' dir='ltr'>Ὁ</span> <span class='ocrx_word' id='word_1_257' title='bbox 1461 2683 1632 2737; x_wconf 86' lang='grc' dir='ltr'>φόλλις</span> 
     </span>
     <span class='ocr_line' id='line_1_31' title="bbox 107 2750 1633 2809; baseline -0.001 -12"><span class='ocrx_word' id='word_1_258' title='bbox 107 2755 185 2809; x_wconf 84' lang='lat' dir='ltr'>Sa,</span> <span class='ocrx_word' id='word_1_259' title='bbox 218 2754 441 2806; x_wconf 87' lang='grc' dir='ltr'>Ὀβόλους</span> <span class='ocrx_word' id='word_1_260' title='bbox 470 2754 535 2807; x_wconf 65' lang='lat' dir='ltr'>Pi,</span> <span class='ocrx_word' id='word_1_261' title='bbox 570 2753 748 2807; x_wconf 86' lang='grc' dir='ltr'>ὀφελής</span> <span class='ocrx_word' id='word_1_262' title='bbox 778 2752 829 2795; x_wconf 90' lang='grc' dir='ltr'>Ρι</span> <span class='ocrx_word' id='word_1_263' title='bbox 945 2751 1167 2805; x_wconf 87' lang='grc' dir='ltr'>ἀργύριον</span> <span class='ocrx_word' id='word_1_264' title='bbox 1195 2750 1246 2795; x_wconf 84' lang='lat' dir='ltr'>Pi</span> <span class='ocrx_word' id='word_1_265' title='bbox 1354 2754 1550 2807; x_wconf 83' lang='grc' dir='ltr'>πληροῖς</span> <span class='ocrx_word' id='word_1_266' title='bbox 1581 2752 1633 2795; x_wconf 90' lang='grc' dir='ltr'>Ρι</span> 
     </span>
     <span class='ocr_line' id='line_1_32' title="bbox 106 2821 1630 2878; baseline -0.002 -11"><span class='ocrx_word' id='word_1_267' title='bbox 106 2827 176 2867; x_wconf 85' lang='grc'><strong>21.</strong></span> <span class='ocrx_word' id='word_1_268' title='bbox 210 2823 375 2878; x_wconf 86' lang='grc' dir='ltr'>Μαρὴς</span> <span class='ocrx_word' id='word_1_269' title='bbox 407 2823 458 2867; x_wconf 75' lang='grc' dir='ltr'>Ρ1</span> <span class='ocrx_word' id='word_1_270' title='bbox 574 2826 815 2866; x_wconf 87' lang='grc' dir='ltr'>ποντικῶν</span> <span class='ocrx_word' id='word_1_271' title='bbox 844 2821 894 2865; x_wconf 89' lang='lat' dir='ltr'>P¹</span> <span class='ocrx_word' id='word_1_272' title='bbox 1009 2825 1079 2866; x_wconf 89' lang='grc'><strong>22.</strong></span> <span class='ocrx_word' id='word_1_273' title='bbox 1107 2822 1238 2877; x_wconf 77' lang='grc' dir='ltr'>ὑδριὰ</span> <span class='ocrx_word' id='word_1_274' title='bbox 1267 2822 1318 2866; x_wconf 85' lang='lat' dir='ltr'>Pi</span> <span class='ocrx_word' id='word_1_275' title='bbox 1355 2822 1357 2824; x_wconf 78' lang='grc'><strong>’</strong></span> <span class='ocrx_word' id='word_1_276' title='bbox 1432 2823 1630 2878; x_wconf 82' lang='grc' dir='ltr'>Ξεςτῶν]</span> 
     </span>
     <span class='ocr_line' id='line_1_33' title="bbox 108 2890 1632 2950; baseline -0.001 -13"><span class='ocrx_word' id='word_1_277' title='bbox 108 2894 132 2937; x_wconf 84' lang='grc' dir='ltr'>ξ</span> <span class='ocrx_word' id='word_1_278' title='bbox 161 2892 213 2936; x_wconf 80' lang='lat'>1³¹</span> <span class='ocrx_word' id='word_1_279' title='bbox 327 2897 394 2938; x_wconf 89' lang='grc'><strong>23.</strong></span> <span class='ocrx_word' id='word_1_280' title='bbox 427 2890 487 2950; x_wconf 85' lang='grc' dir='ltr'>κ’]</span> <span class='ocrx_word' id='word_1_281' title='bbox 527 2895 556 2948; x_wconf 90' lang='grc' dir='ltr'>ἢ</span> <span class='ocrx_word' id='word_1_282' title='bbox 588 2893 639 2938; x_wconf 91' lang='grc' dir='ltr'>Ρι</span> <span class='ocrx_word' id='word_1_283' title='bbox 754 2891 1097 2947; x_wconf 79' lang='grc' dir='ltr'>ἀλεξανδρίνων</span> <span class='ocrx_word' id='word_1_284' title='bbox 1126 2892 1177 2937; x_wconf 85' lang='lat' dir='ltr'>Pi</span> <span class='ocrx_word' id='word_1_285' title='bbox 1292 2896 1361 2937; x_wconf 86' lang='grc'><strong>25.</strong></span> <span class='ocrx_word' id='word_1_286' title='bbox 1393 2894 1540 2948; x_wconf 89' lang='grc' dir='ltr'>παρὰ]</span> <span class='ocrx_word' id='word_1_287' title='bbox 1573 2893 1632 2935; x_wconf 91' lang='grc' dir='ltr'>τὸ</span> 
     </span>
     <span class='ocr_line' id='line_1_34' title="bbox 108 2961 1547 3019; baseline 0.001 -14"><span class='ocrx_word' id='word_1_288' title='bbox 108 2961 199 3016; x_wconf 82' lang='grc' dir='ltr'>ἄρα</span> <span class='ocrx_word' id='word_1_289' title='bbox 226 2962 278 3006; x_wconf 79' lang='grc' dir='ltr'>Ρι</span> <span class='ocrx_word' id='word_1_290' title='bbox 393 2964 632 3019; x_wconf 80' lang='grc' dir='ltr'>χοινίκων]</span> <span class='ocrx_word' id='word_1_291' title='bbox 667 2966 910 3018; x_wconf 85' lang='grc' dir='ltr'>ςχοινικῶν</span> <span class='ocrx_word' id='word_1_292' title='bbox 940 2962 990 3007; x_wconf 88' lang='lat' dir='ltr'>P¹</span> <span class='ocrx_word' id='word_1_293' title='bbox 1134 2989 1138 2993; x_wconf 82' lang='lat'><strong>·</strong></span> <span class='ocrx_word' id='word_1_294' title='bbox 1285 2962 1294 2969; x_wconf 88' lang='grc'><em>“</em></span> <span class='ocrx_word' id='word_1_295' title='bbox 1545 2992 1547 3001; x_wconf 68' lang='lat'><em>,</em></span> 
     </span>
    </p>
   </div>
  </div>
 </body>
</html>
