1946 3220
36 0 148 106 Ῐιῖῦ
199 0 214 14 “.

91 36 97 56 v.
102 34 110 38 .
127 35 137 42 .,
143 35 151 47 J

133 246 256 292 mine
299 246 598 306 inscriptum,
654 243 845 290 alterum
884 258 1051 291 novum
1083 243 1226 291 Alexii
1265 244 1505 302 Comneni‚
1547 259 1663 307 quae

134 314 483 362 Montsauconus
514 311 714 373 edidit7).

587 130 919 166 semerom-:s
948 129 1212 166 cameos.
1563 114 1665 168 165

246 466 457 519 Hesychiz'
481 469 649 520 glossae
680 463 868 518 ἀςάριον
900 472 942 506 et
974 463 1235 519 κοδράντης
1267 468 1556 507 emendantur.

240 553 501 600 ldemtidem
528 554 573 599 in
600 554 683 600 hac
710 553 1008 613 praefationis
1038 560 1167 614 parte
1195 552 1442 614 significavi
1477 554 1659 599 minime
1689 540 1787 592 103

134 637 206 670 me
234 637 331 669 eam
359 638 546 685 operam
572 623 757 684 aggredi
786 637 951 684 posse,
986 631 1036 669 ut
1065 637 1358 684 quaecunque
1383 625 1437 669 dc
1466 625 1660 670 nummis

131 693 361 740 veteribus
389 697 559 755 scripta
586 694 750 772 collegi
776 694 930 740 eadem
950 693 1082 754 plane
1103 700 1148 739 et
1169 696 1355 754 copiose
1376 694 1659 755 explicarem.

132 763 217 810 Sed
246 771 391 811 tamen
422 779 562 810 unum
590 766 687 810 eius
717 766 899 824 generis
931 778 1021 810 non
1059 764 1359 810 omittendum
1384 778 1485 811 esse
1511 765 1660 823 video,

130 841 181 880 ut
225 835 403 881 duobus
439 835 651 896 Hesychii
690 835 805 880 locis
842 835 920 894 qui
960 837 1104 894 magis
1141 835 1276 880 etiam
1317 834 1372 880 ab
1409 836 1661 881 editoribus

131 918 263 965 quam
299 919 323 951 a
359 905 558 951 librariis
593 906 800 965 corrupti
836 911 943 950 sunt
983 907 1181 964 genuina
1217 912 1261 950 et
1298 907 1478 965 integra
1515 906 1663 951 forma

130 976 414 1022 restituatur.
477 975 600 1031 Quos
635 977 831 1037 primum
872 976 934 1020 ita
971 975 1185 1033 exhibeo,
1222 982 1274 1022 ut
1311 975 1365 1021 ab
1404 989 1492 1021 una
1531 982 1662 1037 parte

128 1045 324 1105 codiciS‚
369 1046 423 1093 ab
466 1046 608 1093 altera
650 1045 956 1092 recentissimi
1008 1046 1196 1092 editoris
1242 1047 1512 1108 scripturam
1556 1060 1664 1107 pro-

126 1129 316 1177 ponam:

201 1224 419 1290 ἀςάριον
441 1225 526 1278 καὶ
544 1224 731 1279 λεπιόν
749 1223 807 1277 ἕν
938 1227 1158 1293 ἀςάριον
1210 1225 1294 1279 καὶ
1354 1226 1552 1279 λεπτὸν
1602 1224 1661 1278 ’έν

129 1320 269 1377 εἰςιν.
317 1324 487 1389 ἤγουν
522 1322 567 1383 ς’
591 1308 698 1375 των
718 1339 807 1374 τα-
866 1324 1005 1378 εἰςιν.
1080 1326 1249 1408 ἤγουν
1299 1324 1660 1387 ἑξακιςχιλίων

126 1394 358 1457 λάντων,
386 1393 416 1445 6
443 1395 548 1446 ἑςτι
573 1395 631 1446 ἓν
657 1393 807 1457 ἥμιςυ
864 1396 1178 1460 τριακοςίων
1245 1394 1553 1456 ταλάντων,
1627 1392 1660 1444 ὅ

6 1486 19 1564 {2
125 1463 170 1545 ll
208 1492 274 1545 τὰ
309 1492 368 1546 δὲ
394 1492 493 1545 δύο
523 1491 691 1546 λεπτὰ
718 1507 808 1543 κο-
867 1493 972 1547 ἑςτι
997 1495 1055 1548 ἓν
1080 1493 1230 1558 ἥμιςυ
1259 1495 1473 1546 λεπτοῦ.
1509 1492 1576 1544 τὰ
1602 1493 1661 1543 δὲ

5 1578 25 1643 ξ.
129 1576 357 1662 δράντης
386 1577 488 1642 εἷς,
520 1578 690 1644 ἤγουν
723 1561 807 1634 ῧῧ
868 1578 967 1631 δύο
1002 1579 1172 1632 λεπτὰ
1227 1577 1523 1664 κοδράντης
1569 1575 1660 1637 εἷς,

126 1664 159 1710 γ
176 1688 187 1700 .
867 1650 1036 1715 ἤγουν
1065 1649 1294 1714 νουμμία
1317 1666 1378 1710 γ.

198 1718 495 1784 κοδράντης
531 1720 594 1772 τὸ
629 1722 737 1774 πᾶν
775 1722 806 1786 ἢ
939 1720 1259 1784 κοδράντης·
1285 1720 1347 1772 τὸ
1373 1719 1510 1780 πᾶν,
1535 1717 1568 1781 ἢ
1597 1716 1661 1769 τὸ

125 1788 189 1841 τὸ
209 1788 461 1854 τέταρτον
479 1793 570 1854 τῆς
589 1791 808 1856 φόλεως
867 1791 1123 1855 τέταρτον
1163 1793 1256 1854 τῆς
1310 1789 1589 1854 φόλλεως,
1626 1787 1660 1851 ἢ

127 1860 160 1924 ἢ
185 1859 407 1912 λεπτόν·
432 1860 495 1912 τὸ
523 1861 583 1913 δὲ
607 1863 808 1916 λεπτὸν
868 1861 1036 1914 λεπτὰ
1083 1860 1206 1913 δύο·
1257 1860 1320 1912 τὸ
1366 1860 1425 1911 δὲ
1462 1857 1662 1910 λεπτὸν

127 1930 565 1994 ἑξακιςχιλιοςτὸν
614 1932 809 1986 ταλάν-
870 1930 1307 1996 ἑξακιςχιλιοςτὸν
1372 1928 1658 1988 ταλάντου,

126 2017 249 2062 του,
289 1999 319 2052 6
355 2001 459 2053 ἐςτι
495 2001 719 2067 νόμιςμα
749 2004 807 2056 ἓν
871 2002 901 2054 6
927 2002 1032 2055 ἐςτι
1053 2001 1311 2065 νουμμίον
1338 2000 1397 2053 ἓν
1424 1998 1603 2063 ἥμιςυ,
1627 1997 1660 2061 ἢ

127 2071 159 2134 ἢ
198 2071 378 2123 κόκκοι
418 2073 570 2136 τρεῖς.
646 2073 709 2125 τὸ
750 2075 809 2126 δὲ
869 2073 1048 2126 κόκκοι
1071 2075 1224 2136 τρεῖς.
1282 2071 1343 2123 τὸ
1374 2070 1432 2122 δὲ
1464 2068 1661 2121 τάλαν-

127 2140 393 2195 τάλαντον
422 2142 591 2208 λίτραι
616 2143 807 2198 ἑκατὸν
868 2161 964 2197 τον
1014 2143 1184 2207 λίτραι
1234 2141 1424 2195 ἑκατὸν
1477 2139 1660 2192 εἰκοςι-

129 2210 463 2266 εἰκοςιπέντε.
539 2213 570 2266 ὁ
609 2216 669 2267 δὲ
722 2232 808 2267 κο-
869 2216 1045 2268 πέντε.
1131 2214 1162 2266 ὁ
1236 2214 1295 2266 δὲ
1366 2210 1661 2274 κοδράντης

127 2282 657 2349 δράντηςνομίςματα
680 2286 809 2350 τρία.
869 2285 1096 2350 νουμμία
1123 2285 1257 2349 τρία.

0 2418 9 2480 l
235 2427 283 2472 In
318 2427 389 2473 his
426 2442 540 2487 quae
577 2429 835 2490 discrepant
871 2446 894 2476 a
933 2430 1100 2476 codicis
1138 2430 1365 2488 scriptura
1400 2450 1469 2458 -
1505 2437 1660 2485 quain-

0 2503 9 2519 ι
133 2511 267 2558 quam
306 2497 525 2544 nonnulla
568 2513 658 2544 non
702 2502 811 2545 satis
849 2507 1056 2546 accurate
1090 2514 1113 2545 e
1151 2499 1303 2545 codice
1340 2501 1523 2542 enotata
1558 2507 1661 2539 esse

134 2570 344 2630 suspicor
368 2594 437 2603 —
473 2583 524 2614 ea
563 2569 837 2616 Schniidtius
874 2573 1039 2631 partim
1077 2569 1324 2615 secundum
1363 2565 1659 2626 Scaligerum,

132 2637 427 2696 Salmasium‚
452 2639 710 2697 Musarum,
745 2640 910 2700 partim
936 2655 1017 2685 sua
1045 2641 1305 2685 coniectura
1334 2636 1486 2683 edidit.
1537 2634 1660 2690 Quae

134 2709 364 2770 siquibus
388 2709 619 2770 placeant,
656 2711 850 2757 habeant
886 2710 995 2765 sibi;
1037 2710 1220 2756 audiant
1256 2716 1431 2766 tamen,
1470 2719 1658 2768 quaeso,

246 2874 288 2926 7)
327 2875 557 2916 Analecta
599 2875 781 2916 Graeca
823 2880 911 2916 etc.
955 2880 1170 2916 eruerunt
1207 2873 1422 2915 monachi
1461 2869 1659 2912 Benedi-

137 2929 251 2969 ctini
281 2945 326 2984 p.
358 2933 598 2973 316—392,
