1946 3220
293 164 361 216 10
805 170 1204 209 rssonneounNA
1242 173 1299 207 m

290 288 537 354 ἀεεάριον
554 327 567 350 ,
602 289 818 353 reperiri3
853 290 963 334 haec
994 292 1145 333 autem
1170 300 1262 332 non
1291 292 1395 332 ante
1421 286 1731 334 Ptolemaeum
1758 288 1810 347 X,

292 365 368 427 qui
400 379 425 409 a
449 362 573 409 Sulla
597 375 676 407 rex
707 359 943 406 institutus
978 362 1074 414 est⁷
1110 356 1348 418 Aegyptiis
1380 357 1547 403 usitata
1578 357 1722 404 fuisse
1750 360 1812 404 vi-

290 437 410 491 deri;
446 447 554 493 ergo
589 437 696 492 post
730 428 858 476 illum
884 428 939 474 ad
965 441 1131 474 annum
1157 427 1187 472 L
1214 442 1254 473 a.
1283 428 1386 474 Chr.
1416 442 1460 473 n.
1487 428 1647 475 vixisse
1672 427 1813 476 Hero·

289 519 404 551 nem.
448 505 506 548 At
534 515 635 547 vero
661 514 754 546 non
780 504 883 545 ante
909 512 1041 559 quam
1061 497 1295 559 provincia
1321 498 1440 545 sacta
1467 506 1537 544 est
1559 499 1812 560 Aegyptus,

289 576 520 635 aliquanto
555 571 697 631 igitur
732 575 841 631 post
875 568 1182 615 Ptolemaeum
1207 570 1267 627 X,
1303 570 1390 615 ista
1415 569 1572 615 Latina
1596 570 1814 618 vocabula

289 647 342 692 ab
370 644 457 690 illis
482 648 666 702 recepta
690 655 790 687 esse
817 647 1021 701 apparet,
1044 654 1159 700 quae
1185 655 1287 686 cum
1312 641 1359 685 in
1384 641 1638 700 fragmento
1660 642 1813 702 operis

289 715 411 777 quod
435 713 627 759 Heronis
653 725 817 758 nomen
843 725 951 771 prae
973 724 1023 756 se
1049 711 1140 757 fert
1169 710 1406 771 legantur,
1434 711 1540 758 hinc
1564 712 1721 772 potius
1748 707 1814 758 ef-

286 787 440 833 ficitur
478 799 569 830 non
616 783 669 829 ab
703 783 803 843 ipso
845 782 1023 828 Herone
1059 781 1182 828 illam
1214 781 1392 828 Barulci
1424 788 1598 843 partem
1639 797 1754 844 quae
1791 798 1815 829 a

286 857 477 902 Martino
521 856 688 901 citatur
720 853 935 914 scriptam
976 866 1100 912 esse,
1141 854 1220 899 sed
1256 855 1514 914 posteriore
1557 859 1759 915 tempore
1790 868 1816 900 a

287 929 383 973 viro
414 926 573 973 harum
605 939 759 971 rerum
792 923 942 985 perito
968 924 1032 969 ita
1059 937 1083 970 e
1110 924 1308 983 genuino
1340 923 1533 970 Heronis
1564 923 1684 971 libro
1714 939 1815 971 esse

287 999 607 1057 transcriptam
635 1002 680 1041 et
704 1001 948 1059 mutatam,
987 994 1164 1054 qualem
1188 1009 1308 1041 nunc
1332 995 1541 1055 legimus.
1593 994 1713 1051 Quae
1744 1010 1816 1062 ar-⁴

288 1069 568 1129 gumentatio
602 1080 762 1112 vereor
796 1080 852 1111 ne
892 1064 1160 1125 quibusdam
1195 1080 1288 1112 non
1323 1067 1433 1112 satis
1463 1066 1709 1127 perspicua
1736 1068 1812 1124 sit,

286 1140 373 1184 nisi
403 1139 450 1183 in
478 1138 736 1184 universum
762 1137 816 1182 de
842 1137 975 1182 variis
1005 1135 1096 1182 illis
1121 1135 1250 1183 libris
1286 1137 1612 1183 mathematicis
1644 1143 1690 1183 et
1722 1151 1814 1184 me·-

287 1209 483 1256 chanicis
511 1208 588 1268 qui
613 1207 805 1254 Heronis
829 1206 1010 1253 nomine
1040 1208 1248 1268 inscripti
1276 1214 1383 1252 sunt
1415 1207 1690 1254 disseratur:
1735 1208 1816 1254 sed

289 1286 435 1325 tamen
463 1285 507 1324 et
532 1278 721 1338 longum
740 1284 810 1324 est
831 1278 941 1324 haec
965 1292 1192 1338 exponere
1219 1285 1266 1324 et
1285 1278 1479 1324 alienum
1505 1278 1560 1323 ab
1586 1278 1813 1337 hocloco,
1876 1304 1878 1306 v

285 1365 368 1396 nec
397 1349 551 1410 paullo
583 1357 690 1409 post
720 1349 774 1395 ad
802 1349 985 1395 eandem
1014 1363 1109 1394 rem
1135 1349 1353 1395 redeundi
1379 1349 1526 1395 deerit
1552 1348 1742 1396 occasio.

603 1487 668 1526 De
699 1487 877 1526 Herone
909 1487 1066 1538 altero,
1098 1487 1249 1527 Procli
1275 1488 1492 1541 magistro.

231 1572 263 1620 6
386 1573 587 1620 Alterum
613 1573 837 1619 Heronem
865 1573 1230 1620 mathematicum
1256 1574 1415 1635 quinto
1443 1589 1487 1635 p.
1510 1574 1610 1620 Chr.
1639 1589 1685 1620 n.
1719 1589 1816 1621 sae·

285 1646 388 1694 culo
424 1646 564 1691 fuisse
592 1644 811 1702 traditur,
842 1645 971 1690 cuius
990 1651 1099 1691 'cum
1129 1645 1236 1690 olim
1262 1644 1387 1691 nulla
1412 1645 1506 1691 sere
1532 1647 1650 1691 ratio
1677 1645 1817 1692 hahe-

284 1723 438 1773 retur,
478 1729 623 1776 nuper
649 1715 910 1775 gravissima
941 1715 994 1761 de
1021 1730 1074 1761 eo
1103 1716 1372 1776 disceptatio
1404 1722 1505 1762 orta
1533 1723 1629 1774 est,
1661 1731 1763 1763 cum
1790 1730 1816 1762 a

283 1786 531 1847 Letronnio
558 1793 603 1831 et
632 1786 896 1845 geodaesiae
924 1792 969 1831 et
995 1799 1153 1831 eorum
1180 1786 1544 1847 fragmentorum
1570 1787 1623 1832 de
1649 1787 1815 1847 quibus

285 1858 460 1919 agimus
487 1863 646 1903 auctor
672 1871 773 1903 esse
799 1856 1089 1902 iudicaretur.
1142 1856 1230 1903 Sed
1260 1857 1369 1903 haec
1396 1857 1603 1922 quaestio
1634 1856 1816 1903 Martini

285 1929 490 1975 acumine
519 1935 564 1973 et
590 1926 795 1974 sollertia
818 1941 939 1974 nunc
966 1927 1021 1974 ad
1047 1926 1180 1973 finem
1207 1928 1398 1974 adducta
1426 1934 1519 1985 est,
1548 1942 1631 1974 nec
1661 1942 1815 1988 quem·

286 2013 417 2059 quam
459 1999 557 2043 fore
591 1998 798 2044 existimo
842 1999 918 2058 qui
958 1998 1047 2043 iam
1075 1999 1197 2044 hunc
1227 1998 1452 2044 Heronem
1483 1997 1612 2044 illum
1649 1998 1816 2044 librum

286 2070 526 2128 scripsisse
567 2068 828 2115 arbitretur.
886 2070 1059 2115 Auctor
1095 2074 1164 2114 est
1202 2069 1247 2114 in
1284 2070 1374 2114 vita
1398 2068 1548 2115 Procli
1573 2065 1813 2128 Marinus¹)

203 2151 209 2155 ’
287 2153 418 2185 usum
450 2153 547 2184 esse
580 2139 792 2185 Proclum
826 2138 1122 2186 Alexandriae
1158 2140 1203 2185 in
1231 2140 1558 2185 mathematicis
1594 2141 1813 2200 magistro

284 2209 476 2256 Herone.
528 2210 617 2256 lam
657 2224 758 2256 cum
792 2210 981 2256 Proclus
1017 2224 1134 2256 anno
1177 2210 1249 2255 XII
1294 2210 1441 2270 quinti
1476 2211 1646 2256 saeculi
1679 2216 1815 2257 natus

285 2280 369 2339 sit,
398 2280 553 2326 eodem
580 2281 720 2340 igitur
751 2281 932 2327 saeculo
968 2280 1064 2326 fere
1099 2281 1245 2327 medio
1273 2281 1327 2327 ad
1362 2280 1659 2326 maturiorem
1695 2286 1816 2326 aeta·

289 2357 377 2396 tem
413 2351 698 2410 pervenerit,
739 2352 973 2411 sequitur,
1010 2357 1061 2396 ut
1086 2351 1205 2396 Hero
1239 2351 1314 2396 ille
1342 2365 1457 2397 anno
1487 2351 1583 2397 fere
1609 2350 1720 2396 XXX
1745 2349 1815 2396 vel

284 2420 353 2465 XL
396 2420 690 2467 Alexandriae
726 2422 780 2466 de
823 2422 958 2467 rebus
1003 2422 1344 2467 mathematicis·
1379 2422 1555 2467 scholas
1601 2421 1816 2468 habuisse

285 2491 507 2549 putandus
548 2487 669 2552 sit²).
724 2492 964 2537 Praeterea
1004 2498 1152 2538 autem
1192 2492 1304 2537 nihil
1342 2492 1396 2537 de
1434 2506 1487 2537 eo
1530 2498 1815 2553 compertum

402 2650 447 2701 1)
477 2653 646 2694 Marini
664 2656 774 2696 Vita
796 2656 951 2698 Procli
974 2657 1043 2697 ed.
1066 2657 1350 2698 Boissonade
1372 2656 1520 2710 (Lips.
1545 2656 1672 2708 1814)
1696 2670 1739 2709 p.
1765 2659 1812 2697 7:

287 2706 563 2749 ἐπανελθὼν
612 2708 661 2749 δὲ
708 2711 944 2764 πρότερον
984 2710 1047 2754 εἰ(
1090 2711 1439 2765 Ἀλεξάνδρειαν
1468 2734 1527 2741 -
1555 2715 1698 2766 φοιτᾷ
1737 2711 1815 2753 ἐπὶ

289 2762 370 2814 μὲν
403 2763 782 2815 Ἀριετοτελικοῑε
821 2769 937 2819 παρ’
978 2767 1366 2821 Ὀλυμπιόδωρον
1405 2767 1492 2809 τὸν
1531 2768 1810 2821 φιλόςοφον,

288 2818 343 2860 οὗ
376 2818 507 2860 κλέος
540 2818 681 2871 εὐρύ,
724 2820 799 2862 ἐπὶ
838 2822 887 2863 δὲ
918 2825 1177 2876 μαθήμαειν
1207 2824 1389 2877 “Ηρωνι
1420 2824 1681 2876 ἐπέτρεψεν
1712 2823 1813 2865 ἑαυ-

286 2874 398 2925 τόν,
431 2874 562 2926 ἀνδρὶ
593 2877 794 2926 θεοεεβεῖ
824 2878 898 2918 καὶ
929 2878 1114 2922 τελείαν
1137 2881 1436 2934 παραεκευὴν
1465 2880 1682 2934 ἐεχηκότι
1710 2882 1812 2921 τῶν

288 2930 406 2972 κατὰ
436 2928 669 2972 παίδευειν
702 2931 825 2973 ὁδῶν

353 2999 357 3002 ’
400 2986 447 3041 2)
478 2987 696 3028 Letronn.
727 3003 771 3042 p.
805 2990 874 3029 28.
