1946 3220
283 171 389 224 246
694 185 1011 220 FRAGMENTA
1050 185 1120 217 DE
1156 183 1410 218 MENsUms
1711 162 1814 236 [69]
1847 151 1856 153 ’
1907 162 1910 164 ’

286 297 454 363 χοίνιξ
476 294 644 350 ξεςτία
669 291 729 359 β’,
758 293 788 346 ὁ
811 293 869 345 δὲ
897 291 1074 357 ξέςτης
1091 290 1336 357 ἡμίξεςτα
1357 291 1419 358 β’,
1450 291 1484 344 ἃ
1503 292 1567 357 δὴ
1590 293 1674 344 καὶ
1701 292 1814 357 ἡμί-

286 398 384 435 νας
420 379 923 444 προςαγορεύουςιν.
975 377 1007 441 ἡ
1035 377 1094 429 δὲ
1122 377 1340 441 μήκωνα
1364 376 1473 441 ἔχει
1499 378 1729 430 κυάθους
1752 372 1814 440 η’.
1883 375 1886 377 ’
1930 363 1937 366 ’

392 463 439 515 2.
478 463 539 514 Ὁ
575 461 805 514 Ἀττικὸς
844 461 1092 526 μέδιμνος
1135 460 1244 526 ἔχει
1288 460 1502 526 ἡμίεκτα
1533 459 1611 526 ιβ’.
1659 461 1721 514 τὸ
1757 461 1815 514 δὲ

285 547 529 612 ἡμίεκτον
571 545 680 611 ἔχει
714 545 947 610 χοίνικας
984 543 1053 598 δ’·
1082 544 1218 598 ὥςτε
1250 546 1346 599 τὸν
1384 545 1636 611 μέδιμνον
1674 545 1814 610 ἔχειν

230 645 257 684 5
287 632 418 696 μνᾶς
443 629 545 695 μη’,
572 629 741 684 ξεςτία
765 627 865 693 (ἶς’.

391 715 438 767 3.
477 714 701 768 Τούτων
735 715 795 767 δὲ
831 714 927 768 τὸν
965 713 1194 778 ςταθμόν
1231 713 1398 767 εἰπεῖν
1437 712 1534 765 οὐκ
1569 712 1815 776 εὔκολον,

286 798 368 852 ὅτι
391 801 502 853 τῶν
531 799 727 853 οὐςιῶν
755 798 973 865 ἄπειρός
1000 799 1136 852 ἐςτιν
1163 798 1195 862 ἡ
1222 798 1355 851 κατὰ
1380 798 1477 862 τὴν
1505 796 1679 862 ῥοπὴν
1707 800 1817 850 δια-

285 899 450 949 φορα.

675 1008 757 1060 69.
830 1009 964 1074 Περὶ
1000 1009 1207 1074 μέτρων
1247 1007 1447 1072 ὑγρῶν.

203 1136 256 1175 10
396 1123 440 1173 1.
489 1121 563 1174 Τὸ
599 1121 849 1174 Ἰταλικὸν
889 1119 1138 1184 κεράμιον
1185 1119 1294 1185 ἔχει
1333 1122 1466 1185 χοᾶς
1505 1118 1566 1183 η’·
1621 1119 1651 1172 ὁ
1687 1121 1819 1184 χοῦς

285 1206 467 1261 ξέςτας
494 1204 557 1269 ς’,
590 1204 620 1257 ὁ
647 1205 826 1269 ξὲςτης
857 1204 1149 1270 κοχλυάρια
1174 1203 1235 1270 β’,
1267 1203 1463 1257 αἵτινες
1501 1203 1584 1255 καὶ
1616 1203 1820 1268 τριβλία

285 1290 545 1352 λέγονται.
597 1288 753 1341 ἄλλοι
800 1289 860 1342 δὲ
895 1288 1164 1351 λέγουςιν·
1215 1288 1324 1353 ἔχει
1360 1288 1391 1341 ὁ
1427 1287 1603 1352 ξέςτης
1637 1286 1819 1351 λίτραν

285 1373 335 1426 α’
360 1373 408 1427 C.
437 1368 543 1426 ικαὶ
572 1374 633 1426 τὸ
660 1373 895 1438 τρίβλιον
923 1372 1141 1435 οὐγγίας
1167 1368 1225 1425 θ’.
1274 1372 1371 1426 τὸν
1398 1371 1563 1424 αὐτὸν
1591 1371 1819 1435 ςταθμόν

286 1457 394 1523 ἔχει
419 1457 482 1510 τὸ
511 1457 831 1522 κοχλιάριον.
882 1457 914 1520 ἡ
943 1458 1002 1509 δὲ
1026 1457 1222 1521 κοτύλη
1249 1457 1345 1510 τὸν
1374 1455 1540 1509 αὐτὸν
1567 1455 1674 1519 ἔχει
1702 1472 1818 1507 ςτα-

203 1555 254 1596 15
286 1542 419 1608 θμόν
448 1542 523 1594 ῶς
558 1541 621 1594 τὸ
655 1540 903 1607 τρίβλιον.
952 1541 1015 1592 τὸ
1041 1540 1276 1606 τρίβλιον
1302 1540 1365 1592 τὸ
1394 1540 1579 1604 μικρὸν
1612 1539 1719 1604 ἔχει
1744 1539 1819 1604 μί-

286 1643 412 1691 ςτρα
439 1625 642 1690 μεγάλα
666 1625 809 1690 τρία,
837 1624 1085 1690 ὀξύβαφα
1116 1623 1189 1676 δ’·
1230 1624 1292 1677 τὸ
1319 1624 1421 1689 γὰρ
1446 1624 1580 1689 με’γα
1607 1623 1819 1688 μίςτρον

285 1710 394 1775 ἔχει
420 1709 668 1775 ὀξύβαφα
693 1709 823 1773 τρία.
866 1709 929 1761 τὸ
953 1709 1013 1761 δὲ
1040 1707 1319 1775 ὀξύβαφον
1348 1707 1457 1772 ἔχει
1482 1707 1681 1760 κύαθον
1710 1707 1757 1760 α’
1771 1708 1818 1760 C.

287 1794 317 1846 ὁ
348 1795 407 1847 δὲ
431 1794 628 1846 κύαθος
655 1793 763 1858 ἔχει
795 1792 965 1858 χυμὰς
999 1793 1183 1858 μικρὰς
1217 1792 1334 1857 ἤτοι
1367 1791 1548 1857 μίςτρα
1582 1792 1735 1857 μικρὰ
1763 1790 1820 1857 β’.

391 1877 438 1930 2.
478 1877 531 1931 Εἰ
557 1879 616 1930 δὲ
643 1877 809 1946 βούλῃ
840 1877 924 1929 καὶ
949 1876 1045 1930 τὸν
1082 1876 1312 1941 ςταθμόν
1337 1879 1447 1929 τῶν
1479 1875 1661 1941 ὑγρῶν
1691 1875 1819 1929 εἰδέ-

199 1977 257 2016 20
287 1979 372 2016 ναι
397 1962 607 2027 μέτρων
628 1962 907 2027 πάμπολαι
931 1962 1026 2026 μὲν
1053 1960 1106 2013 αἱ
1129 1963 1241 2014 τῶν
1266 1960 1448 2024 ὑγρῶν
1475 1959 1670 2013 οὐςιῶν
1697 1958 1819 2013 εἰςὶν

286 2046 419 2099 κατὰ
462 2047 560 2111 τὴν
606 2046 779 2110 ῥοπὴν
825 2045 1107 2111 διαφοραί,
1146 2045 1222 2098 ῶς
1269 2045 1356 2098 ἐπὶ
1396 2043 1819 2110 παραδείγματος

197 2148 202 2152 ’
287 2128 469 2183 ἐλαίου
496 2145 552 2182 τε
577 2130 661 2181 καὶ
687 2129 841 2183 οἴνου
868 2130 952 2181 καὶ
978 2130 1188 2193 μέλιτος
1221 2129 1454 2193 λέξομεν.
1507 2129 1570 2181 τὸ
1597 2129 1690 2191 μὲν
1720 2125 1819 2179 οὖν

287 2215 405 2279 μέλι
439 2215 536 2266 τοῦ
575 2212 728 2266 οἴνου
767 2212 1060 2278 βαρύτερόν
1096 2212 1200 2265 ἐςτι
1226 2211 1480 2277 τετάρτου
1516 2212 1710 2276 με’ρους
1738 2211 1821 2262 καὶ

289 2298 506 2363 προςὲτι
532 2297 775 2361 δεκάτου,
803 2296 938 2360 ὅπερ
965 2296 1069 2350 ἐςτὶ
1091 2297 1155 2349 τὸ
1183 2294 1316 2348 ὅλον
1344 2295 1598 2357 ςύνεγγυς
1618 2294 1820 2360 τρίτον·

203 2396 260 2435 25
291 2383 398 2447 ἔχει
432 2382 534 2446 γὰρ
571 2381 633 2434 τὸ
669 2381 800 2433 αὐτὸ
837 2386 913 2449 τῷ
951 2379 1084 2447 οἴνῳ
1119 2382 1216 2432 τοῦ
1253 2380 1462 2444 μέλιτος
1487 2381 1657 2432 ποςὸν
1686 2378 1819 2431 ὅλον

290 2467 387 2520 τὸν
428 2468 526 2518 τοῦ
562 2464 715 2519 οἴνου
752 2465 979 2529 ςταθμόν
1015 2464 1099 2516 καὶ
1136 2464 1351 2529 προςέτι
1376 2504 1386 2515 .
1414 2505 1424 2515 .
1454 2504 1464 2515 .
1491 2463 1634 2530 τὸ[ν]
1671 2462 1820 2525 ἥμιςυ

407 2623 444 2661 1.
477 2619 660 2672 ἡμήνας
693 2621 792 2662 cod.
908 2623 949 2664 2.
988 2617 1206 2672 μήκωνα]
1247 2616 1390 2670 ἡμίνα
1421 2618 1478 2660 fr.
1509 2618 1586 2670 55,
1618 2619 1643 2658 5
1678 2615 1818 2668 (conf.
1856 2609 1861 2611 ’

292 2688 406 2742 prol.
439 2690 463 2738 ἓ
495 2691 547 2730 53
580 2691 683 2731 adn.
719 2689 760 2742 1)
907 2690 951 2730 4.
991 2688 1223 2742 μέδημνον
1256 2689 1354 2730 οοᾶ.
1502 2688 1541 2728 5.
1576 2687 1690 2738 μνᾶς
1724 2679 1817 2738 μη’]

297 2755 482 2808 μοδίους
513 2752 551 2801 ς’
583 2757 786 2809 χοίνικας
819 2752 893 2811 μη’
925 2759 982 2799 fr.
1013 2760 1081 2810 55,
1117 2760 1140 2798 7
1285 2759 1323 2800 7.
1355 2755 1527 2808 ῥωπὴν
1560 2756 1677 2808 cod„
1710 2756 1822 2796 item

297 2829 348 2867 21
441 2827 505 2866 11.
539 2825 586 2873 ξέ
609 2821 647 2870 ς’
672 2829 769 2870 cod.
860 2830 925 2869 12.
959 2826 1189 2878 λέγωνται
1221 2827 1318 2870 cod.
1408 2819 1539 2877 λητρ’
1561 2825 1660 2867 οοᾶ.
1751 2826 1818 2865 20.

293 2896 484 2947 μετρῶν
507 2895 620 2946 eod.,
642 2896 753 2937 item
773 2899 907 2949 p.247
930 2900 1010 2941 v.4
1104 2900 1173 2939 22.
1196 2895 1405 2948 λέξωμεν
1424 2895 1523 2936 cod.
1623 2896 1693 2935 26.
1716 2897 1820 2947 post
1904 2943 1908 2946 ,

294 2962 484 3018 προςέτι
522 2964 743 3006 nonnulla
774 2967 942 3007 omissa
974 2970 1077 3007 sunt
1109 2979 1226 3019 quae
1266 2965 1481 3019 leguntur
1513 2964 1572 3005 fr.
1605 2965 1673 3015 54,
1700 2965 1752 3005 10
1783 2975 1819 3006 s,
