1946 3220
258 140 373 202 ’328
865 165 1186 200 FRAGMENTA
1353 184 1355 186 -
1665 147 1798 216 [105]
1824 130 1828 135 ⁴
1903 119 1926 168 ’ἱ

269 276 367 327 τοῦ
393 273 578 338 ρινίου,
606 272 669 327 τὸ
693 274 894 326 κοῖλον.
932 273 1016 326 καὶ
1043 272 1074 326 ὁ
1098 273 1295 338 κορμός
1319 274 1417 326 τοῦ
1443 268 1618 327 Ξύλου.
1649 257 1815 338 παρὰή
1858 266 1862 268 ἡ

269 358 334 411 τὸ
366 357 601 423 φύεςθαι.
1897 351 1911 366 s

376 441 636 503 Φωκαεῖς,
660 438 834 504 ὄνομα
861 439 1062 494 ἔθνους.
1100 441 1183 494 καὶ
1210 441 1272 494 τὸ
1299 439 1540 494 κάκιςτον
1566 438 1800 506 χρυςίον.
1874 432 1907 505 ’,

379 523 634 586 Χαλκίον,
661 523 757 578 τὸν
788 525 1040 588 χαλκοῦν.

214 621 240 661 5
378 608 714 674 Χαλκοκράς,
740 609 803 661 τὸ
829 608 1198 676 χαλκόκρατον
1225 610 1458 674 νόμιςμα.

377 692 735 757 Χαλκολογεῖ,
761 692 954 757 νουμία
979 693 1231 755 ςυλλέγει.

378 777 646 830 Χαλκοῦς·
680 779 843 830 τοῦτο
870 776 957 829 ἐπὶ
980 781 1077 830 τοῦ
1105 780 1302 843 χρυςοῦ
1331 777 1414 829 καὶ
1437 779 1536 830 τοῦ
1562 776 1801 842 ἀργύρου

271 860 475 925 ἔλεγον.
998 916 1001 918 ,

381 946 623 1014 Χελώνη]
651 965 675 998 *
705 946 788 999 καὶ
813 946 1033 1011 νόμιςμα
1062 933 1587 1011 Πελοποννηςιακόν.

189 1038 241 1078 10
381 1030 455 1082 Χῖ.
493 1030 578 1085 ἐπὶ
603 1032 713 1084 τῶν
738 1030 924 1095 χιλίων
950 1033 1202 1096 δραχμῶν
1226 1034 1388 1084 τοῦτο
1419 1030 1729 1096 ἐχάραττον.

381 1114 519 1178 Χόα,
554 1116 715 1179 χοῦν,
742 1115 936 1179 μέτρον
970 1113 1168 1179 ὑγρῶν.

379 1199 585 1262 Χοῖνιξ,
613 1198 807 1262 μέτρον
832 1215 905 1264 τι,
934 1198 1018 1250 καὶ
1041 1198 1203 1263 πέδη,
1227 1199 1311 1251 καὶ
1335 1198 1546 1264 νάρθηξ.

381 1283 546 1346 Χοῦς,
579 1282 881 1347 ἄνθρωπος.
930 1283 1014 1334 καὶ
1039 1284 1102 1336 τὸ
1128 1282 1550 1348 ἐπιβαλλόμενον
1575 1284 1652 1350 τῷ
1679 1281 1803 1347 ὀρό-

272 1384 364 1435 φῳ
390 1370 558 1432 χῶμα.
595 1366 680 1419 καὶ
705 1367 899 1431 μέτρον
924 1369 1169 1422 κοτυλῶν
1195 1364 1271 1433 ιβ’.
1307 1366 1391 1420 καὶ
1411 1365 1659 1432 ἐρείπιον.

188 1457 242 1498 15
382 1451 600 1515 Xpuciot‚
627 1450 657 1502 ὁ
684 1450 891 1515 χρυςός.

382 1535 650 1598 Χρυςοῦς.
687 1535 1040 1599 Πολέμαρχός
1076 1550 1203 1600 φηςι
1251 1533 1503 1587 δύναςθαι
1538 1532 1634 1586 τὸν
1677 1549 1803 1598 χρυ-

275 1620 407 1672 ςοῦν
442 1618 587 1683 παρὰ
620 1621 733 1670 τοῖς
770 1619 1019 1671 Ἀττικοῖς
1054 1618 1291 1684 δραχμὰς
1325 1617 1450 1680 δύο,
1477 1618 1575 1683 τὴν
1614 1618 1673 1670 δὲ
1704 1619 1802 1670 τοῦ

273 1704 473 1768 χρυςοῡ
502 1702 739 1766 δραχμὴν
767 1702 1083 1766 νομίςματος
1111 1702 1367 1768 ἀργυρίου
1391 1701 1630 1768 δραχμὰς
1654 1700 1806 1755 δέκα·

274 1787 406 1850 μνᾶς
432 1787 490 1838 δὲ
520 1785 761 1847 λέγεςθαι
785 1786 913 1838 τοὺς
938 1786 1099 1841 πέντε
1126 1789 1368 1852 χρυςοῦς.

188 1876 244 1916 20
382 1868 676 1934 Χυτρίδιον,
704 1870 899 1935 μέτρον
923 1888 984 1924 τι.

263 1963 266 1966 ’
378 1952 589 2019 Ὢρέον,
615 1956 896 2019 πηχυαῖον.

734 2127 850 2181 105.
925 2128 1051 2181 Loci
1084 2146 1111 2179 e
1144 2128 1342 2180 Photio.

382 2225 584 2290 Ἄδδιξ,
633 2226 829 2292 μέτρον
879 2225 1289 2291 τετραχοίνικον.
1350 2223 1524 2279 οὕτως
1578 2225 1806 2290 Ἀριςτο·

277 2309 467 2374 φάνης.
844 2326 854 2330 ⁸

192 2407 247 2447 25
384 2394 726 2459 Ἡμέδιμνον,
757 2394 820 2447 τὸ
843 2394 1202 2458 ἡμιμέδιμνον.

278 2521 375 2528 0—.-
404 2525 411 2526 ἶ
423 2525 449 2527 ,μ

393 2593 431 2630 3.
466 2590 656 2633 Φωκαῒς
688 2591 804 2644 cod.‚
839 2604 921 2632 em.
955 2591 1093 2635 Sckm.
1194 2593 1234 2635 4.
1268 2589 1327 2632 τὸ
1361 2590 1475 2642 eod„
1508 2589 1658 2643 vulgo.
1763 2591 1804 2634 6.

279 2656 511 2708 ςυλλέγειν
544 2661 642 2703 eod.
761 2663 800 2704 7.
833 2662 980 2702 τοῦτο
1012 2661 1142 2714 Mna,
1173 2661 1260 2702 τοῦ
1294 2661 1394 2702 cod.
1538 2661 1577 2702 9.
1609 2657 1806 2709 νόμιςμα

281 2738 365 2768 om.
405 2728 501 2769 cod.
647 2732 714 2771 10.
748 2742 816 2781 χει
849 2734 895 2772 et
923 2730 1095 2781 χειλῶν
1136 2734 1182 2772 et
1221 2729 1448 2782 ἔδραττον
1480 2729 1593 2781 cod„
1644 2728 1808 2779 χιλιῶν

282 2809 365 2838 em.
400 2795 549 2847 Schm„
591 2798 825 2850 κιβδήλων
855 2802 1021 2841 Pettius
1053 2799 1157 2842 coll.
1188 2799 1385 2852 Etymol.
1415 2798 1479 2842 M.
1508 2810 1551 2839 v.
1584 2795 1806 2848 κίβδηλον

282 2868 348 2919 1].
382 2862 585 2915 Χοχοῡν·
626 2867 714 2916 χόα
745 2870 859 2922 eod„
910 2868 1054 2911 Χοῡν·
1094 2868 1183 2920 χόα
1213 2870 1342 2922 Mus„
1381 2868 1487 2920 χοᾶ·
1518 2867 1635 2918 χοῦν
1666 2866 1804 2910 Sekm.

282 2936 350 2976 14.
382 2928 435 2985 ιβ’
468 2934 573 2975 add.
608 2935 786 2980 Gronov.
