1946 3220
560 167 566 174 ‘
601 164 934 201 scmr‘ronns
961 164 1234 202 Romanos
1611 150 1682 204 19

219 329 228 334 ,
259 278 382 325 Haec
410 293 462 324 ea
488 280 678 325 maxime
706 279 763 326 de
790 293 925 326 causa
949 279 1086 327 latius
1113 282 1332 342 exposui,
1365 286 1417 327 ut
1442 283 1554 328 viam
1579 295 1678 328 mu·

32 367 34 370 .
72 322 296 396 1³'njrem
334 349 390 396 ad
422 349 598 410 reliqua
638 349 1014 410 demonstranda,
1053 363 1167 411 quae
1205 350 1491 398 multovsunt
1516 351 1677 399 diffici-

150 419 279 466 liora.
354 419 475 480 Ergo
510 426 562 466 ut
597 419 751 466 eadem
788 433 904 481 quae
943 422 1094 467 statim
1130 421 1220 467 dixi
1254 422 1412 483 paucis
1448 428 1675 484 repetam:

151 489 362 536 solebant
386 491 734 536 ratiocinatores
762 490 947 536 Romani
974 491 1119 537 altero
1145 499 1254 552 post
1277 491 1378 538 Chr.
1399 506 1443 538 n.
1472 491 1674 551 saeculo,

51 608 74 621 ,
151 573 251 606 cum
291 559 345 606 ad
387 560 620 606 denarium
659 561 775 606 ratio
814 559 975 619 flebat,
1020 561 1228 622 singulos
1262 576 1387 608 asses
1422 562 1675 610 monetales

24 663 26 670 ι
57 654 91 667 ω.
147 629 353 691 redigere
388 631 443 676 ad
478 637 631 691 partes
668 630 839 677 denarii
865 645 948 691 pro
977 634 1368 693 assecomputati.
1420 633 1564 679 Nullis
1596 648 1675 680 au-

148 706 239 746 tem
272 702 318 746 in
358 714 407 746 ea
443 715 493 747 re
526 702 723 762 partium
760 701 1140 762 appellationibus
1177 704 1392 762 notisque
1427 703 1675 751 utebantur

24 807 68 834 ,-
146 772 233 816 nisi
259 770 520 832 vulgaribus
546 785 599 818 ac
623 771 856 832 legitimis,
879 773 1030 829 uncia,
1058 774 1305 830 semuncia,
1335 773 1531 827 sicilico;
1559 789 1673 834 quas

145 847 296 902 partes
331 842 385 888 ad
421 841 655 888 denarium
689 843 964 888 revocandas
998 856 1101 889 esse
1134 842 1449 903 significabant
1474 844 1671 904 praefixa

145 919 252 971 nota
279 913 332 957 34.
386 914 522 973 Atqui
560 913 735 959 diversa
771 912 905 974 plane
941 927 966 958 a
1003 913 1176 973 vulgari
1212 914 1328 960 assis
1363 914 1584 960 divisione
1619 928 1670 960 ea

145 985 259 1030 ratio
300 983 386 1029 suit
423 997 556 1044 quam
594 982 921 1030 sestertiariam
956 983 1066 1029 dicit
1100 983 1354 1030 Maecianus
1391 983 1672 1044 (65—73).

144 1053 191 1099 ln
218 1053 301 1100 hac
327 1060 455 1100 erant
478 1048 662 1115 praeter
688 1055 950 1113 semissem,
982 1056 1042 1113 S,
1070 1060 1222 1115 partes
1250 1055 1448 1100 sestertii

396 1146 568 1192 decima
593 1145 685 1191 sive
712 1145 866 1191 libella
891 1170 933 1179 -

396 1217 608 1263 vicesima
635 1217 727 1262 sive
755 1212 978 1276 singu1a⁵)
1007 1217 1039 1259 Σ

399 1286 745 1348 quadragesima
773 1288 866 1332 sive
895 1288 1125 1333 teruncius
1148 1287 1203 1331 Τ.

1247 1331 1277 1345 Q

139 1377 231 1424 Hae
255 1391 347 1424 nou
375 1380 562 1439 proprie
588 1386 696 1424 sunt
721 1378 974 1437 Romanae,
1002 1379 1080 1424 sed
1111 1379 1331 1438 repetitae
1357 1377 1459 1423 illae
1486 1379 1667 1439 quidem

141 1463 192 1495 ex
213 1448 468 1495 Siculorum
495 1463 599 1507 usu,
627 1462 821 1509 quorum
848 1455 1093 1509 argenteus
1119 1462 1329 1494 nummus
1356 1448 1443 1493 fuit
1465 1449 1669 1495 didrach-

38 1555 43 1565 γ.
138 1533 261 1566 mum
290 1521 441 1566 Attico
466 1519 693 1580 pondere,
733 1518 891 1564 habuit
921 1525 1070 1565 autem
1102 1519 1240 1564 denas
1266 1518 1393 1564 litras
1420 1519 1513 1564 sive
1538 1519 1669 1565 libel·
1743 1546 1748 1550 -

138 1590 231 1647 las,
275 1603 328 1636 ac
367 1590 496 1636 litrae
542 1589 869 1636 conveniebant
910 1589 1015 1635 hina
1056 1583 1295 1649 ἡμίλιτρα
1339 1588 1407 1634 vel
1458 1592 1667 1649 quaterni

137 1657 402 1719 τριᾶντεε,
444 1674 558 1721 quae
592 1667 746 1720 partes
776 1660 915 1706 latine
945 1659 1197 1721 appellatae
1237 1666 1343 1705 sunt
1376 1659 1589 1705 sembella
1620 1666 1668 1706 et

143 1732 389 1777 teruncius.
915 1728 921 1735 ’
1325 1749 1329 1751 ·

243 1801 363 1846 Haec
398 1801 545 1846 omnis
579 1802 696 1846 ratio
735 1802 892 1860 quanti
918 1801 1137 1846 momenti
1165 1801 1224 1845 sit
1250 1799 1304 1844 ad
1333 1799 1570 1845 historiam
1596 1803 1663 1846 rei

138 1873 415 1918 nummariae
450 1871 756 1925 Romanorum
797 1871 1135 1928 illustrandam,
1181 1883 1274 1915 uon
1313 1883 1429 1929 opus
1469 1877 1538 1915 est
1576 1870 1666 1916 hoc

135 1942 238 1989 loco
266 1955 471 1999 mouere,
502 1947 746 2002 postquam
770 1941 1073 1988 Mommsenus
1101 1941 1334 2001 copiosius
1362 1939 1415 1984 de
1442 1953 1495 1985 eo
1526 1954 1662 2000 argu·

136 2019 289 2059 mento
316 2008 591 2070 disseruit0).
654 2010 738 2058 Sed
766 2012 810 2057 id
841 2026 963 2058 nunc
983 2013 1187 2073 agimus,
1204 2016 1267 2073 “ut
1289 2010 1502 2056 Maeciani
1529 2009 1661 2057 verba

135 2083 426 2144 explicemus.
477 2082 561 2139 Qui
586 2083 670 2129 hac
695 2083 975 2129 sestertiaria
1000 2084 1177 2128 ratione
1203 2082 1269 2127 uti
1298 2080 1456 2126 scribit
1479 2081 1662 2127 ratioci-

136 2161 348 2212 natores,
392 2159 444 2200 ut
477 2167 679 2199 summae
717 2154 1033 2200 sestertiorum
1080 2154 1232 2199 statim
1277 2151 1438 2197 addere
1482 2151 1662 2212 possint

136 2231 426 2271 excurrentes
464 2238 588 2270 asses
619 2230 665 2269 et
699 2225 939 2282 semisses,
980 2224 1069 2269 hoc
1097 2230 1167 2268 est
1192 2228 1438 2283 quaternas
1463 2228 1509 2267 et
1535 2229 1662 2268 octo·

135 2309 215 2340 nas
250 2294 449 2341 sestertii
485 2301 653 2355 partes.
703 2294 822 2340 lnsra
859 2302 1007 2341 autem
1036 2295 1270 2340 semissem
1298 2307 1389 2338 non
1419 2291 1661 2337 descende·

135 2364 268 2419 bant3
313 2378 414 2410 nam
443 2367 529 2411 etsi
560 2365 831 2425 quadrantes
861 2367 977 2411 aeris
1006 2367 1237 2410 etiamtum
1265 2363 1406 2409 fuisse
1433 2361 1661 2418 videntur,

134 2437 172 2480 is
202 2442 349 2481 tamen
375 2436 635 2482 nummulus
666 2436 815 2482 minor
849 2444 973 2495 erat,
1016 2449 1149 2495 quam
1185 2442 1236 2479 ut
1262 2436 1305 2479 in
1331 2446 1495 2492 magno
1522 2445 1661 2493 pecu·

545 2618 565 2631 Ο

135 2642 389 2684 Gronovius
428 2645 484 2685 de
515 2635 625 2684 sest.
662 2657 704 2697 p.
737 2644 962 2685 409—414
1001 2641 1267 2692 (Amstelod.
1302 2637 1443 2693 1656).
1502 2639 1660 2693 Nuper

136 2700 328 2740 eandem
360 2713 454 2741 rem
487 2700 646 2754 attigit
674 2698 956 2752 Marquardt.
996 2699 1114 2739 Ro'm.
1147 2697 1330 2740 Altertlz.
1362 2696 1400 2737 V
1430 2709 1474 2749 p.
1507 2698 1587 2737 102
1620 2708 1654 2737 s.

244 2770 286 2821 5)
321 2769 620 2823 Singulam
641 2769 915 2810 Maecianus
947 2768 1154 2821 appellat
1177 2781 1291 2820 quae
1314 2765 1508 2808 Varroni
1538 2765 1594 2807 de
1626 2765 1655 2807 l.

131 2825 183 2866 L.
207 2827 246 2875 5,
273 2828 368 2868 174.
392 2827 525 2877 10,38
557 2829 627 2866 est
658 2824 951 2866 sembella.
994 2825 1242 2877 Utriusque
1275 2825 1400 2865 vocis
1433 2823 1657 2876 originem

133 2882 337 2934 explicat
366 2883 631 2945 Mommsen.
668 2881 715 2921 G.
750 2881 799 2922 R.
835 2881 897 2923 M.
930 2894 974 2933 p.
1008 2882 1090 2922 199
1122 2881 1224 2921 adn.
1256 2881 1329 2922 85.

242 2951 287 3003 ὃ)
323 2952 371 2995 G.
404 2952 453 2992 R.
487 2952 551 2994 M.
582 2965 624 3004 p.
660 2951 740 2991 198
772 2962 829 2991 ss.

1370 3021 1445 3073 2*
