1946 3220
319 131 386 184 14
829 141 1230 179 PnomaoounnA
1258 143 1316 177 m

315 275 593 309 enarremus,
656 260 884 320 Scriptum
921 270 1021 304 esse
1061 256 1116 302 ab
1154 255 1334 302 Herone
1368 255 1670 304 Alexandrino
1706 260 1844 306 maxi·

314 347 434 379 mum
464 346 578 393 opus
609 329 966 390 geometricum,
1003 326 1076 372 cui
1109 322 1342 387 Μετρικὰ
1371 327 1534 373 titulus
1562 334 1707 374 esset:
1743 329 1842 376 eius
1926 361 1931 364 -

314 410 532 464 quattuor
559 408 711 462 partes
743 399 886 445 fuisse
912 393 990 446 Τὰ
1015 392 1121 458 πρὸ
1151 396 1244 457 τῆς
1270 391 1602 458 ἀριθμητικῆς
1626 409 1842 460 (τοῑχει-

315 470 519 530 ώεεωε,
550 466 626 519 Τὰ
650 465 757 529 πρὸ
781 466 873 527 τῆς
897 465 1248 529 γεωμετρικῆς
1274 463 1668 530 ετοιχειώεεωε,
1699 465 1841 518 Εἰεα-

311 539 491 601 γωγάε
510 539 622 588 τῶν
642 534 1147 600 γεωμετρουμένων,
1175 534 1476 598 Εἰεαγωγὰε
1499 537 1610 589 τῶν
1635 552 1841 601 (τερεο-

309 607 697 673 μετρουμένων.
755 611 847 656 Hos
875 623 1032 656 omnes
1059 609 1203 656 libros
1229 624 1351 657 nunc
1373 611 1579 671 perditos
1606 625 1734 670 esse,
1762 612 1841 658 sed

308 683 429 729 varia
470 697 521 727 ex
548 682 619 727 his
653 687 863 742 excerpta
892 687 1095 740 exstare,
1135 695 1250 743 quae
1285 680 1341 727 ab
1376 680 1475 727 aliis
1507 680 1598 728 alio
1633 688 1840 743 tempore

307 753 425 799 facta
461 759 599 812 atque
635 753 784 798 omnia
826 752 1018 798 Heronis
1055 753 1235 799 nomine
1268 758 1521 813 propagata
1556 759 1727 799 essent.
1780 753 1841 799 De

306 823 529 870 mensuris
559 825 705 884 ipsum
731 822 955 869 Heronem
985 837 1077 869 non
1103 823 1243 870 videri
1272 824 1528 884 scripsisse,
1557 824 1636 870 sed
1662 823 1839 871 tabulas

306 908 617 940 mensurarum
644 900 805 955 postea
832 893 887 939 ab
913 894 968 939 iis
996 894 1072 954 qui
1096 894 1196 941 illas
1223 894 1446 955 epitomas
1473 894 1675 941 facerent
1699 894 1840 941 inter-

305 964 484 1025 polatas
521 962 681 1023 esse²)‚
731 964 849 1011 Haec
876 965 973 1011 sere
998 971 1068 1011 est
1095 980 1270 1012 summa
1297 979 1453 1011 eorum
1482 978 1598 1026 quae
1618 965 1838 1012 Martinus

306 1034 620 1095 copiosissime
658 1050 709 1082 ac
744 1035 1091 1096 diligentissime
1125 1036 1366 1094 disseruit,
1414 1037 1461 1081 in
1501 1035 1667 1097 quibus
1704 1051 1837 1097 quam

305 1106 445 1151 multa
487 1106 776 1152 inveniantur
818 1113 896 1153 aut
943 1110 1167 1168 sagaciter
1207 1109 1388 1153 inventa
1431 1113 1507 1153 aut
1539 1107 1839 1168 probabiliter

303 1176 523 1234 iudicata,
566 1177 730 1222 vellem
761 1178 969 1237 equidem
1003 1192 1088 1238 pro
1122 1177 1296 1223 meritis
1322 1177 1571 1223 doctissimi
1606 1179 1687 1224 viri
1727 1178 1837 1224 mihi

304 1261 529 1306 exponere
548 1246 730 1310 liceret3
758 1248 836 1293 sed
861 1262 918 1294 ne
944 1249 1235 1309 propositum
1262 1249 1563 1309 egrediamur,
1589 1249 1659 1294 his
1691 1250 1837 1295 omni-

302 1316 389 1362 bus
433 1319 768 1377 praetermissis
806 1332 858 1364 ea
893 1325 1071 1365 tantum
1106 1320 1403 1380 proponenda
1440 1326 1548 1365 sunt
1587 1320 1634 1365 in
1671 1319 1836 1381 quibus

302 1389 526 1435 sententia
544 1395 698 1434 nostra
723 1403 823 1436 cum
846 1389 926 1436 illo
951 1404 1043 1435 non
1069 1390 1296 1450 congruit.
1327 1391 1527 1436 Primum
1554 1390 1653 1450 ipse
1673 1390 1836 1437 titulus

303 1459 456 1518 operis
507 1473 639 1519 quem
682 1459 900 1506 Martinus
947 1460 1077 1521 fingit
1122 1475 1255 1521 quam
1299 1461 1490 1507 maxime
1534 1460 1698 1507 dubius
1747 1468 1834 1508 est.

299 1527 502 1588 Namque
539 1543 656 1575 unus
691 1530 908 1583 Eutocius
948 1533 995 1576 in
1031 1533 1366 1578 commentariis
1401 1532 1446 1577 in
1476 1528 1834 1592 Archimedem³)

297 1598 356 1644 'de
381 1613 591 1646 mensura
618 1600 776 1647 circuli
802 1615 1031 1662 exponens
1048 1603 1241 1648 Heronis
1258 1598 1490 1663 Μετρῑκὰ
1509 1604 1631 1649 citat.
1688 1602 1831 1659 Quae·

300 1683 404 1715 nam
440 1677 589 1716 autem
627 1672 737 1718 haec
771 1671 914 1719 fuisse
955 1674 1222 1719 censemus?
1279 1673 1428 1720 Certe
1463 1687 1596 1720 nemo
1634 1689 1834 1735 unquam

302 1738 498 1787 Graecus
526 1742 653 1802 operi
679 1743 800 1803 quod
823 1750 961 1790 totam
983 1744 1079 1790 fere
1106 1745 1434 1791 arithmeticam
1465 1751 1510 1791 et
1536 1747 1833 1804 geometriam

300 1813 558 1858 contineret
587 1838 645 1845 —
679 1827 780 1859 nam
808 1814 920 1861 haec
944 1821 1013 1860 est
1037 1815 1217 1861 Martini
1243 1815 1468 1862 sententia
1500 1842 1560 1850 —
1598 1811 1832 1876 Μετρικὰ

299 1881 622 1943 inscripsisset.
674 1883 752 1930 Est
780 1886 827 1930 in
863 1885 1129 1946 fragmentis
1160 1886 1431 1933 Heronianis
1469 1884 1630 1932 titulus
1656 1882 1831 1947 Ἥρω-

297 1963 393 1999 voc
441 1949 573 2014 ἀρχὴ
617 1952 729 2003 τῶν
771 1951 1283 2017 γεωμετρουμένωνε
1332 1959 1452 2004 hunc
1498 1956 1666 2018 excipit
1714 1958 1829 2004 alius

297 2017 548 2083 ‘'prvoc
580 2020 883 2089 Μετρικά4),
923 2028 999 2088 qui
1034 2028 1078 2072 id
1103 2027 1408 2088 fragmentum
1443 2028 1566 2088 quod
1590 2028 1724 2074 nobis
1760 2036 1831 2075 est

298 2091 602 2139 Heronianum
640 2096 695 2140 1v
729 2099 953 2143 continet:
989 2098 1092 2144 inde
1131 2098 1301 2159 legitur
1338 2093 1596 2158 Μέτρηει(
1631 2097 1830 2159 χωρῶν

299 2159 392 2222 (vel
418 2159 667 2226 χώρων),
708 2167 784 2213 ubi
812 2170 930 2215 varia
967 2169 1247 2229 problemata
1275 2177 1319 2215 et
1347 2170 1402 2216 de
1427 2169 1587 2230 figuris
1612 2170 1758 2231 planis
1785 2177 1829 2216 et

299 2233 351 2278 de
401 2237 516 2280 vasis
553 2236 744 2298 aliisque
779 2241 897 2285 cavis
934 2240 1175 2286 metiendis
1211 2237 1596 2301 proponuntur5).
1674 2240 1826 2286 Simile

298 2313 614 2364 argumentum
647 2308 691 2354 in
727 2309 882 2355 iisdem
911 2310 1039 2357 libris
1069 2326 1206 2358 manu
1234 2311 1417 2372 scriptis
1450 2310 1534 2357 sub
1573 2311 1662 2357 alio
1691 2311 1826 2358 titulo

410 2455 459 2510 2)
488 2460 537 2499 P.
571 2461 652 2501 216
683 2474 719 2502 s.

409 2512 456 2564 3)
488 2516 539 2558 Ρ.
570 2518 625 2557 49
658 2518 764 2561 edit.
795 2519 1001 2573 Hervag.
1032 2517 1197 2573 (Basil.
1223 2518 1374 2571 1544):
1407 2518 1575 2561 ‘'Onwc
1606 2518 1656 2560 δὲ
1685 2518 1826 2561 δεῖ-

297 2565 384 2606 τὸν
414 2567 610 2612 δοθέντα
647 2571 844 2626 ἀριθμὸν
884 2574 1060 2628 εὑρεῖν,
1101 2574 1279 2630 εἴρηται
1320 2574 1402 2627 μὲν
1432 2575 1612 2630 Ἣρωνι
1644 2575 1694 2617 ἐν
1724 2579 1852 2619 τοῖεγ

297 2620 570 2689 Μετρικοῖε,
621 2627 801 2682 εἴρηται
849 2630 898 2673 δὲ
947 2630 1142 2685 Πάππῳ
1194 2633 1269 2674 καὶ
1320 2631 1472 2674 Θέωνι
1522 2632 1598 2673 καὶ
1649 2631 1824 2685 ἑτέροις

296 2678 503 2775 τῘτἸλειῗειν
530 2680 850 2747 ’ἐξηγουμένοις
881 2687 973 2741 τὴν
1004 2687 1212 2743 μεγάλην
1242 2688 1459 2731 εύνταξιν
1487 2690 1573 2730 τοῦ
1599 2687 1823 2731 Κλαυδίου

346 2746 401 2775 το
435 2747 611 2786 εμαιου.

408 2792 456 2840 4)
493 2793 593 2859 Με..
617 2795 763 2837 Paris.
797 2799 874 2840 Gr.
912 2803 1023 2843 2438
1063 2802 1142 2844 fol.
1174 2803 1279 2844 101·
1320 2802 1475 2856 (quem
1506 2815 1589 2843 nos
1620 2803 1711 2856 ipsi
1741 2803 1821 2844 de-

295 2858 384 2888 nuo
424 2849 741 2903 ρΟΠῈΙΙῙΠΠΜ),
782 2856 927 2908 suppl.
966 2860 1073 2910 452,
1115 2859 1211 2901 cod.
1244 2859 1411 2900 Vatia:
1453 2859 1557 2900 vide
1597 2860 1815 2901 Letronn.

296 2916 340 2955 p.
373 2905 441 2944 67.
475 2905 543 2955 68,
575 2906 762 2951 Martin.
795 2923 836 2962 p.
870 2913 966 2955 209.

408 2957 454 3008 5)
491 2962 703 3005 Letronn.
735 2978 775 3015 p.
811 2966 878 3005 68.
