1946 3220
520 154 839 190 SCRIPTORES
875 129 1130 191 chaneos.
1488 138 1593 195 119

170 269 368 315 Primum
407 268 606 330 scriptor
641 268 884 328 fragmenti
910 268 965 315 de
993 267 1176 315 talentis
1204 267 1277 329 (rr.
1303 249 1429 332 9553)
1456 284 1590 330 prae·

64 346 136 386 ter
155 334 479 399 Ἀντιοχικὸν
509 338 742 396 talentum,
772 339 892 399 quod
919 339 1077 385 eodem
1102 339 1303 400 pondere
1323 352 1414 400 quo
1433 339 1587 387 Ptole·

63 410 255 456 maicum
282 410 425 456 fuisse
451 409 624 466 scribit,
652 408 772 454 aliud
799 409 1022 469 quoddam
1049 417 1371 458 commemorat
1394 411 1465 457 his
1490 424 1589 458 ver·

2 535 4 537 ,
62 481 157 527 bis:
184 474 307 528 οἶδα
335 476 395 528 δὲ
420 476 505 528 καὶ
529 474 738 529 ξυλικὸν
766 475 823 528 ἐν
853 475 1145 543 Ἀντιοχείᾳ
1175 475 1443 531 τάλαντον
1477 476 1588 530 ἕτε·

63 562 191 611 ρον,
229 546 259 598 ὃ
289 548 421 611 μνᾶς
447 547 541 611 μὲν
573 544 703 597 ἰδίας
730 544 838 609 ἔχει
864 543 921 609 ξ’,
962 546 1279 600 ἑξαπλάειον
1310 547 1369 600 δὲ
1396 547 1587 613 εχεδόν

60 622 138 686 τῷ
180 619 278 669 τοῦ
310 616 628 682 νομίεματοε
665 614 882 686 ἀριθμῷ.
957 621 1038 668 Hic
1073 615 1103 668 ὁ
1136 619 1235 669 τοῦ
1267 616 1588 683 νομίεματο(

62 687 284 752 ἀριθμός
310 690 419 739 illud
449 692 666 738 talentum
703 705 728 737 e
753 691 938 737 denario
972 691 1140 738 sactum
1173 691 1429 751 significat,
1465 692 1587 754 quod

63 762 162 823 ipse
199 763 398 824 scriptor
433 762 633 808 Atticum
674 767 803 808 antea
846 759 1087 823 appellavit
1124 768 1171 807 et
1204 761 1479 809 Ptolemaico
1515 777 1588 809 ae·

62 833 197 894 quale
223 847 323 879 esse
349 833 474 878 dixit.
526 832 630 878 Inde
656 831 850 892 lignario
879 831 1048 878 talento
1075 832 1391 891 Antiochensi,
1419 834 1587 894 quippe

62 903 186 964 quod
213 904 358 949 sexies
385 909 562 949 tantum
591 902 677 961 sit,
702 903 979 949 conveniunt
1005 901 1146 948 librae
1178 902 1438 962 CCCLXXV,
1465 908 1517 950 ut
1542 903 1588 949 in

59 973 221 1020 eodem
251 974 505 1034 fragmento
538 973 656 1019 infra
684 972 763 1033 (7),
791 973 882 1019 sive
911 973 947 1019 is
977 972 1104 1020 loeus
1132 973 1187 1020 ab
1215 973 1372 1019 eodem
1400 979 1587 1021 auctore

61 1045 155 1090 sive
192 1060 215 1090 a
254 1037 511 1091 recenliore
549 1045 762 1105 quopiam
798 1043 997 1105 scriptus
1034 1050 1129 1103 est,
1175 1050 1300 1091 recte
1340 1042 1527 1092 calculis
1564 1057 1589 1092 e

61 1114 233 1162 denarii
261 1115 437 1161 ratione
463 1113 700 1160 subductis
731 1114 938 1174 legimus

170 1185 332 1232 Tamen
359 1199 414 1231 ne
440 1185 528 1231 iam
554 1198 708 1231 verum
738 1192 782 1230 et
807 1186 1054 1246 genuinum
1079 1183 1261 1246 lignarii
1288 1184 1447 1232 talenti
1473 1198 1588 1247 pon-

61 1255 145 1300 dus
182 1255 407 1302 invenisse
442 1255 573 1301 nobis
613 1255 856 1301 videamur.
932 1253 1107 1301 Etenim
1143 1269 1234 1316 quo
1279 1255 1322 1301 id
1368 1254 1587 1301 talentum

60 1326 185 1385 quod
225 1340 249 1371 e
285 1326 456 1371 denarii
492 1327 669 1372 ratione
703 1331 994 1387 computatur
1022 1324 1162 1371 levius
1192 1332 1263 1372 est
1288 1325 1410 1372 iusto
1436 1325 1589 1372 Ptole-

61 1395 204 1442 maico
234 1396 406 1442 talento
434 1395 481 1454 (S
513 1395 613 1455 67),
641 1409 692 1442 eo
718 1396 822 1457 plus
851 1396 986 1442 etiam
1016 1396 1226 1454 interest,
1253 1401 1359 1442 utro
1388 1409 1442 1441 ex
1471 1409 1588 1456 pon-

59 1465 168 1511 dere
204 1465 448 1526 lignarium
486 1464 706 1513 talentum
749 1466 1016 1512 derivemus.
1090 1466 1178 1512 Iam
1215 1479 1268 1512 ex
1308 1465 1586 1526 ponderibus

62 1535 331 1597 quibusdam
366 1536 410 1581 in
444 1536 570 1596 Syria
607 1551 753 1598 nuper
791 1537 987 1597 repertis
1023 1537 1256 1596 cognitum
1293 1535 1508 1582 habemus
1542 1542 1588 1582 et

60 1606 327 1653 Antiochiae
354 1613 398 1653 et
424 1606 524 1653 aliis
553 1607 708 1668 Syriae
734 1605 847 1653 locis
873 1601 1156 1667 δημοείαν,
1191 1607 1219 1652 i.
1253 1620 1292 1653 e.
1319 1605 1587 1668 popularem

61 1677 285 1738 quandam
316 1677 481 1724 minam
517 1677 561 1723 in
601 1692 690 1724 usu
725 1678 896 1736 fuisse,
939 1691 1054 1739 quae
1084 1676 1386 1724 Herodoteam
1420 1677 1587 1723 minam

59 1747 351 1809 Babyloniam
388 1748 532 1795 altero
571 1754 699 1795 tanto
730 1743 1028 1811 superaret¹).
1081 1748 1205 1795 Hanc
1235 1746 1492 1794 centenaria
1517 1761 1588 1794 ra—

177 1938 218 1989 1)
257 1940 329 1980 Ea
368 1953 487 1993 quae
527 1940 623 1981 dixi
661 1939 865 1994 pondera
905 1940 1152 1995 descripsit
1187 1941 1500 1995 Longperrier
1538 1942 1587 1982 in

60 1995 226 2091 Annali.
259 1996 409 2040 Ina‘titv
442 1997 565 2040 arch.
597 1998 686 2039 vol.
719 1997 828 2037 XIX
860 1995 1011 2050 (1847)
1051 2011 1095 2051 p.
1125 1998 1209 2039 340
1238 2009 1298 2039 ss.
1360 1997 1476 2039 Sunt
1507 2010 1590 2038 au-

60 2055 151 2091 tem
219 2064 324 2092 aec:

177 2109 214 2149 1.
245 2107 429 2150 Pondus
468 2108 728 2162 plumbeum
758 2108 806 2149 in
838 2109 971 2161 Syria
1008 2109 1266 2162 inventum,
1314 2110 1588 2163 inscriptum

61 2167 248 2216 praeter
286 2164 382 2205 alia
418 2165 572 2206 verbis
602 2164 880 2208 ΔΗΜΟΣΙΑ
910 2163 1064 2218 ΜΝΑ,
1098 2166 1273 2206 factum
1306 2178 1426 2206 anno
1457 2168 1510 2208 57
1544 2179 1585 2206 a.

63 2219 168 2260 Chr.
200 2233 242 2263 n.
279 2217 381 2273 (une
410 2223 543 2274 petite
569 2224 745 2274 portion
776 2225 832 2264 du
860 2224 986 2263 me'tal
1014 2236 1041 2263 α
1078 2224 1144 2264 ἑιέ
1181 2224 1348 2264 επὶευὲε
1382 2236 1471 2276 par
1506 2235 1588 2264 une

57 2277 291 2330 fracture),
323 2278 483 2330 pendit
513 2291 581 2332 gr.
613 2280 797 2328 1068,20

174 2335 215 2373 2.
248 2334 431 2375 Pondus
464 2348 658 2375 aeneum
679 2335 848 2376 ibidem
869 2335 1128 2384 inventum,
1163 2335 1434 2387 inscriptum
1454 2345 1588 2387 prae·

63 2392 134 2429 ter
157 2388 250 2429 alia
271 2390 422 2431 verbis
444 2389 760 2433 ΔΗΜΟΣΙΟΝ
797 2389 1161 2442 ΗΜΙΜΝΑΙΟΝ,
1187 2391 1361 2431 factum
1384 2389 1587 2430 seeundo

64 2458 184 2486 anno
215 2449 319 2498 post
347 2445 586 2487 Actiacum
618 2446 840 2499 proelium
864 2446 936 2500 (29
958 2461 999 2490 a.
1023 2447 1128 2488 Chr.
1151 2446 1238 2500 n.),
1271 2445 1459 2486 dimidia
1480 2458 1588 2499 pars

62 2502 251 2554 prioris,
283 2502 442 2555 pendit
473 2516 539 2555 gr.
569 2504 724 2553 535,15

176 2560 216 2599 3.
249 2558 432 2599 Pondus
462 2558 722 2611 plumbeum
751 2559 1026 2612 Berytense‚
1070 2561 1234 2611 quarta
1272 2570 1379 2612 pars
1417 2558 1585 2608 minae,

64 2613 224 2667 pendit
255 2628 324 2668 gr.
354 2616 522 2667 267,80.

175 2670 298 2711 Hine
339 2670 542 2712 efficitur
582 2670 757 2724 pondus
796 2670 1032 2724 popularis
1072 2669 1284 2724 Syrorum
1315 2670 1465 2711 minae
1497 2682 1588 2711 non

64 2726 258 2767 inferius
290 2727 434 2768 fuisse
467 2741 533 2779 gr.
563 2729 685 2770 1070.
738 2727 969 2777 Quomodo
1003 2730 1155 2766 autem
1184 2727 1301 2767 haec
1331 2727 1456 2767 mina
1487 2731 1589 2766 orta

66 2794 169 2823 esse
199 2783 408 2824 videtur?
466 2785 520 2824 In
549 2785 694 2824 ruinis
724 2784 853 2834 Nini,
886 2787 937 2823 ut
968 2795 1106 2836 supra
1138 2782 1590 2824 commemoravimus

66 2837 108 2888 (ἓ
138 2839 194 2880 65
224 2839 328 2883 adn.
358 2839 430 2892 2),
462 2841 653 2880 inventa
685 2844 792 2880 sunt
820 2839 952 2881 varia
982 2839 1208 2892 pondera,
1246 2839 1365 2879 unde
1397 2839 1511 2879 duas
1542 2839 1590 2879 in

65 2894 300 2948 Assyria.
344 2897 494 2937 minas
532 2897 676 2937 fuisse
723 2896 1034 2949 cognoscitur,
1088 2895 1282 2937 alteram
1321 2896 1589 2936 maiorem

68 2962 133 3002 gr.
166 2953 290 3004 1020,
323 2952 516 2996 alteram
548 2953 815 2994 minorem
846 2952 942 2994 sive
974 2952 1210 2993 dimidiam
1241 2964 1307 3006 gr.
1332 2953 1429 2994 510.
1487 2951 1588 2993 Iam
