1946 3220
163 158 288 238 [139]
589 182 868 228 nxcnnP'rA
902 184 971 217 nx
1006 182 1240 218 1s1n0130.
1585 166 1682 218 141

270 292 353 347 10.
381 294 594 358 Congius
620 299 794 358 quater
818 295 996 344 missus
1020 293 1238 344 modium
1267 293 1494 359 complet.
1534 306 1689 360 'quem

162 379 426 430 admodum
477 384 639 428 autem
690 379 750 427 de
799 380 1037 435 sextario,
1086 380 1156 428 sic
1195 385 1243 428 et
1280 379 1340 429 de
1378 379 1545 429 modio
1584 378 1689 429 aliis

161 464 346 530 placuit
391 463 498 513 XVI
544 463 768 512 sextariis
819 463 1034 512 modium
1082 462 1301 528 impleri,
1352 463 1457 514 aliis
1503 462 1592 514 XX
1642 470 1691 514 et

162 547 378 606 duobuS,
420 547 524 597 aliis
562 562 678 596 vero
716 547 908 597 XXIIII.
984 586 985 589 η

273 631 354 682 11.
395 631 490 682 Sed
540 632 628 681 has
679 647 937 682 mensuras
984 632 1045 682 ad
1092 638 1259 683 votum
1296 634 1577 697 principum
1615 631 1690 683 vel
1723 645 1748 685 5

162 717 380 767 iudicum
421 731 527 765 esse
568 715 999 780 deprehendimus.
1062 716 1206 766 nobis
1242 723 1404 767 autem
1431 720 1591 767 visum
1619 724 1693 767 est

163 802 318 866 magis
365 802 629 850 convenire
665 800 941 865 ponderum
981 802 1182 858 rationi,
1233 816 1291 850 eo
1332 802 1462 866 quod
1501 802 1561 851 de
1599 803 1691 851 mi-

163 888 310 935 nimis
356 901 512 950 usque
559 885 620 934 ad
657 886 841 934 maiora
881 885 1146 943 ducantur,
1195 891 1249 935 ut
1286 889 1506 951 primum
1543 887 1692 936 finem

163 970 343 1020 haheat
390 969 584 1019 modius
632 971 682 1018 in
721 970 990 1027 mensuris,
1041 971 1168 1019 sicut
1203 969 1330 1020 libra
1368 972 1420 1019 in
1457 971 1692 1036 ponderi-

163 1055 284 1112 bus;
343 1056 457 1120 quia
506 1054 632 1103 sicut
679 1061 939 1119 postquam
987 1057 1037 1104 in
1085 1055 1390 1119 ponderibus
1438 1055 1691 1120 pensando
1726 1067 1779 1106 10
1843 1055 1880 1069 ⁸

163 1140 225 1190 ad
263 1138 440 1189 libram
478 1141 790 1202 pervenitur,
830 1146 993 1189 cetera
1033 1155 1156 1204 quae
1191 1142 1377 1190 maiora
1414 1146 1529 1189 sunt
1570 1134 1692 1205 pon-

166 1224 285 1274 dera
322 1238 412 1288 per
449 1222 606 1272 librae
644 1223 1098 1288 multiplicationem
1136 1225 1490 1290 ponderantur,
1539 1226 1608 1274 sic
1648 1231 1696 1274 et

168 1310 219 1357 in
259 1309 504 1358 mensuris
542 1314 802 1372 postquam
842 1308 902 1357 ad
939 1309 1158 1358 modium
1185 1315 1381 1359 ventum
1412 1311 1518 1367 erit,
1559 1310 1695 1374 quic-

166 1392 284 1457 quid
323 1391 535 1457 amplius
573 1393 960 1442 mensurandum
989 1398 1075 1451 est,
1115 1394 1264 1443 modii
1291 1394 1695 1459 multiplicatione

164 1477 434 1541 peragitur.
510 1491 623 1524 nam
662 1492 808 1541 quem
848 1477 1111 1526 admodum
1152 1494 1179 1527 a
1218 1478 1407 1528 calculo
1447 1494 1537 1544 per
1575 1479 1694 1528 obo-
1728 1488 1781 1528 15

166 1559 239 1610 los
288 1575 346 1609 ac
394 1560 622 1624 dragmas
673 1568 936 1625 ceteraque
974 1562 1192 1626 pondera
1231 1563 1290 1612 ad
1328 1562 1504 1612 libram
1542 1578 1698 1628 usque

164 1647 475 1710 pervenitur,
530 1646 602 1694 sic
647 1645 697 1693 in
739 1647 985 1696 mensuris
1024 1663 1051 1696 a
1089 1647 1301 1698 cocleari
1337 1663 1428 1712 per
1468 1647 1697 1697 conculas

168 1735 333 1794 cyatos
386 1745 442 1778 ac
499 1731 738 1779 sextarios
794 1730 854 1778 ad
908 1731 1129 1780 modium
1176 1746 1337 1796 usque
1378 1733 1694 1796 pertingitur.

169 1820 243 1864 est
281 1815 412 1863 enim
449 1813 665 1870 modim,
713 1819 769 1862 ut
805 1815 1112 1878 praedictum
1152 1822 1247 1873 est,
1287 1819 1419 1865 iuxta
1458 1816 1697 1880 quosdam

167 1899 496 1947 sextariorum
534 1897 664 1954 XVI,
715 1899 847 1947 iuxta
886 1899 1123 1962 quosdam
1163 1906 1325 1950 autem
1362 1901 1450 1950 XX
1490 1908 1537 1951 et
1575 1901 1695 1950 duo·
1728 1910 1783 1950 20

167 1997 294 2040 rum,
335 1982 465 2046 apud
504 1982 742 2046 quosdam
780 1998 895 2032 vero
922 1983 1112 2033 XXIIII.
1176 1984 1319 2033 nobis
1352 2000 1468 2034 vero
1505 1985 1697 2035 videtur

169 2082 278 2117 esse
326 2068 680 2124 rectissimum,
730 2073 783 2116 ut
830 2068 979 2116 trium
1023 2067 1261 2118 librarum
1299 2070 1512 2119 sextario
1551 2071 1698 2120 vicies

170 2159 219 2201 et
257 2157 428 2216 quater
465 2151 788 2216 multiplicato
827 2152 1020 2202 modius
1057 2152 1345 2217 impleatur;
1386 2155 1470 2218 qui
1506 2154 1699 2204 modius

170 2235 319 2285 medii
355 2235 527 2286 talenti
565 2237 785 2300 pondere
826 2243 1150 2301 coaequatur,
1200 2238 1325 2287 LXX
1366 2238 1555 2288 duabus
1594 2238 1698 2288 effi-

171 2321 297 2369 citur
343 2319 511 2377 libris3
568 2322 670 2369 sive
706 2327 760 2369 ut
798 2322 1011 2385 quinque
1049 2320 1200 2370 libras
1232 2321 1420 2371 habens
1458 2324 1698 2372 sextarius
1729 2330 1783 2370 25

171 2403 392 2454 similiter
430 2406 576 2453 vicies
615 2410 663 2453 et
701 2413 874 2467 quater
909 2405 1083 2455 ductus
1108 2407 1306 2456 maximi
1331 2406 1523 2469 talenti,
1552 2407 1600 2456 id
1627 2413 1699 2457 est

172 2487 296 2538 CXX
315 2487 554 2537 librarum
570 2528 583 2550 ‚
609 2489 829 2552 pondere
858 2496 1187 2540 mensuretur.

281 2569 362 2621 12.
404 2572 594 2622 Modius
634 2579 680 2621 et
716 2573 861 2622 semis
899 2589 1074 2623 urnam
1112 2575 1312 2624 faciunt.

282 2654 363 2707 13.
405 2655 637 2707 Similiter
676 2658 723 2706 in
763 2657 911 2706 aridis
947 2673 1228 2708 mensuram
1257 2675 1381 2724 quae
1408 2659 1584 2709 dicitur
1609 2659 1697 2710 ba-

173 2746 293 2789 tum.
369 2740 511 2791 batus
559 2757 675 2791 vero
725 2748 914 2791 constat
950 2743 1128 2791 modiis
1167 2743 1358 2793 duobus
1394 2743 1694 2810 totidemque
1725 2751 1781 2791 30

176 2826 415 2874 sextariis.

291 2980 356 3021 12.
389 2979 772 3032 multiplicatione
808 2981 842 3021 G
959 2983 1023 3022 19.
1056 2982 1308 3034 predictum
1343 2983 1377 3024 G
