1946 3220
334 205 403 257 54
772 221 804 252 E
837 220 1180 255 commmunia:
1207 219 1381 256 umus
1719 205 1847 274 [111]

335 332 533 383 urbanis
570 331 780 395 spatium
818 337 1009 380 centum
1046 331 1252 396 pedum,
1289 332 1340 380 in
1379 330 1649 395 agrestibus
1685 339 1848 383 autem

333 417 511 479 pedum
552 415 626 465 CL
666 413 819 480 [quod
860 421 1078 465 aratores
1117 415 1376 465 candetum
1413 414 1728 482 nomenant];
1773 431 1847 467 se·
1928 488 1932 492 Α

331 501 624 563 miiugerum
663 514 859 564 quoque
897 514 1195 564 arepennem
1233 507 1422 550 vocant.

435 595 485 646 6.
526 597 679 662 Erg0,
726 603 780 647 ut
819 597 940 655 dixi,
981 598 1077 646 duo
1116 603 1253 647 actus
1294 599 1452 663 iugeri
1491 599 1707 649 efficiunt
1743 598 1849 648 lon·
1909 601 1912 604 ’

275 693 301 732 5
331 681 597 745 gitudinem
645 681 827 745 pedum
877 681 1060 739 CCXL,
1127 681 1435 732 latitudinem
1481 683 1661 747 pedum
1710 683 1847 742 CXX,

331 781 454 830 quae
494 773 730 831 utraeque
769 781 989 816 summae
1027 767 1076 815 in
1114 781 1167 816 se
1204 767 1549 833 multiplicatae
1589 768 1849 832 quadrato·

330 865 441 900 rum
479 850 664 900 faciunt
701 851 880 915 pedum
919 850 1052 900 milia
1089 851 1284 901 XXVIII
1321 851 1494 902 DCCC.

409 947 483 999 .7.
526 949 744 999 Stadium
785 949 961 999 deinde
997 949 1145 999 habet
1172 965 1345 1015 passus
1373 950 1550 1008 CXXV,
1590 950 1638 999 id
1665 958 1738 1001 est
1762 967 1851 1016 pe·
1936 978 1946 1028 ῚῚι

332 1033 416 1082 des
454 1016 684 1091 DCXXV,
735 1049 859 1098 quae
907 1049 1136 1084 mensura
1175 1036 1325 1085 octies
1366 1035 1513 1085 efficit
1551 1052 1614 1084 00
1661 1049 1848 1098 passus.

250 1128 302 1168 10
331 1124 444 1167 sunt
482 1134 536 1168 ea
577 1133 639 1166 m.
677 1133 725 1182 p.
766 1118 820 1167 V.
1798 1171 1800 1173 .
1835 1113 1838 1116 ¹

438 1200 486 1252 8.
529 1204 808 1253 Centuriam
864 1217 992 1251 nunc
1041 1203 1268 1261 dicimus,
1318 1209 1372 1253 ut
1408 1204 1536 1253 idem
1575 1205 1729 1254 Varro
1768 1205 1848 1261 ait,

331 1286 653 1336 ducentorum
701 1288 927 1351 iugerum
978 1287 1193 1336 modum.
1269 1286 1382 1336 olim
1433 1295 1594 1338 autem
1639 1288 1699 1337 ab
1740 1304 1851 1338 cen-

330 1378 434 1422 tum
470 1371 723 1436 iugeribus
761 1371 1026 1420 vocabatur
1066 1373 1308 1428 centuria,
1351 1373 1435 1422 sed
1464 1388 1574 1422 mox
1606 1372 1849 1437 duplicata

330 1471 510 1504 nomen
558 1457 781 1513 retinuit,
829 1457 971 1506 sicuti
1016 1455 1175 1527 tribus
1223 1457 1377 1507 dictae
1421 1458 1634 1521 primum
1674 1473 1699 1506 a
1737 1472 1848 1522 par-

254 1549 305 1589 15
335 1539 465 1589 tibus
502 1540 669 1605 populi
706 1541 949 1604 tripertito
989 1540 1149 1597 divisi,
1191 1555 1314 1604 quae
1352 1547 1516 1591 tamen
1556 1556 1688 1590 nunc
1725 1540 1851 1590 mul·

330 1624 574 1689 tiplicatae
611 1625 872 1688 pristinum
909 1639 1090 1673 nomen
1127 1625 1395 1688 possident.

436 1713 482 1764 9.
523 1715 654 1766 Haec
693 1730 791 1764 non
830 1715 986 1765 aliena
1024 1731 1116 1765 nec
1154 1716 1326 1780 procul
1365 1733 1390 1765 a
1430 1718 1682 1766 ratiocinio
1720 1715 1849 1781 quod

330 1800 557 1849 tradituri
594 1815 764 1849 sumus
802 1799 1018 1849 breviter
1056 1800 1268 1863 praefari
1307 1802 1536 1865 oportuit,
1612 1816 1741 1850 nunc
1770 1816 1848 1848 ve-

331 1885 522 1934 niamus
561 1884 621 1933 ad
658 1886 979 1949 propositum.
1054 1886 1212 1947 iugeri
1251 1886 1401 1948 partis
1441 1900 1537 1934 non
1578 1886 1734 1934 omnis
1761 1900 1848 1949 po-

249 1971 303 2010 20
332 1971 539 2026 suimuS,
589 1969 674 2018 sed
723 1984 803 2018 eas
842 1984 965 2032 quae
1005 1968 1186 2018 cadunt
1224 1971 1271 2018 in
1310 1970 1693 2019 aestimationem
1734 1969 1850 2018 facti

333 2051 510 2116 operis.
587 2067 698 2102 nam
726 2055 942 2104 minores
968 2054 1195 2118 persequi
1223 2068 1577 2117 supervacuum
1606 2053 1717 2109 fuit,
1757 2067 1847 2116 pro

334 2137 508 2202 quibus
546 2136 676 2186 nulla
717 2152 907 2187 merces
946 2138 1256 2205 dependitur.

448 2350 485 2388 1.
519 2346 647 2388 centn}
677 2348 711 2388 S
825 2350 864 2388 2.
895 2351 1140 2389 nomenant
1172 2349 1216 2398 S,
1252 2354 1292 2387 et
1323 2350 1384 2388 sic
1413 2349 1589 2400 scripsit
1619 2350 1849 2400 interpola-

334 2425 427 2465 tor‚·
464 2431 594 2471 super·
626 2431 648 2459 e
681 2419 780 2459 add.
813 2418 827 2456 i
858 2432 1000 2458 manus
1026 2421 1157 2471 paulo
1189 2420 1403 2459 recentior
1573 2421 1612 2462 4.
1645 2419 1851 2472 iugerum

342 2491 403 2528 Ve
519 2490 558 2529 5.
593 2486 730 2541 CXX]
765 2487 927 2528 CCXX
949 2489 982 2529 S
1095 2491 1134 2529 6.
1168 2502 1286 2542 quae
1316 2493 1535 2541 utraeque
1567 2502 1643 2529 om.
1667 2490 1707 2528 P
1810 2490 1847 2528 7.

334 2548 531 2600 XXVIII
561 2560 704 2600 dccc
739 2560 771 2600 S
884 2561 924 2602 9.
956 2559 1080 2599 mille
1110 2561 1173 2600 Ve
1289 2569 1474 2612 passus·
1508 2562 1611 2598 sunt
1642 2570 1850 2611 campum
1904 2598 1906 2600 ,

337 2627 370 2666 S
401 2629 456 2680 (v.
482 2629 673 2683 praefi),
715 2642 891 2683 passus,
951 2631 1016 2670 sic
1055 2630 1246 2669 ueniunt
1286 2629 1480 2681 quinque
1521 2628 1646 2668 milia
1685 2628 1850 2680 pedum

295 2717 297 2719 ·
345 2699 418 2745 Ve,
453 2704 554 2740 sunt
583 2713 746 2753 passus
779 2701 817 2740 is
850 2701 1042 2740 ueniunt
1072 2705 1152 2742 cet.
1175 2700 1215 2738 P
1328 2700 1398 2740 12.
1423 2703 1525 2750 post
1554 2698 1850 2738 ducentorum

344 2769 405 2807 Ve
437 2771 534 2810 add.
566 2783 751 2838 numero
860 2771 925 2811 14.
948 2771 1069 2811 sicut
1097 2771 1158 2810 Ve
1267 2772 1331 2812 15.
1355 2769 1586 2822 tripartito
1615 2768 1676 2807 Ve
1785 2770 1850 2810 17.

338 2868 487 2917 procul
515 2880 540 2905 a
570 2841 789 2910 rat²00ini0
822 2871 856 2910 S
1001 2870 1065 2909 18.
1097 2869 1330 2909 braeviter
1361 2867 1395 2906 S
1518 2869 1582 2907 19.
1614 2878 1850 2919 possumus

338 2933 441 2974 SVe
480 2934 534 2986 (v.
566 2938 729 2989 praef.)
874 2942 941 2980 20.
982 2939 1316 3000 estimationem
1353 2936 1387 2977 S
1529 2938 1595 2976 22.
1639 2935 1848 2976 mercede

338 3005 549 3058 penditur
579 3005 652 3045 SP
