1946 3220
305 162 406 216 150
814 175 1211 211 PROLEGOMENA
1235 177 1293 210 m

302 289 523 350 novius2).
575 291 638 336 Ac
665 291 798 346 mihi,
831 303 930 335 cum
958 289 1154 348 primum
1179 289 1225 334 id
1251 288 1468 348 cognovi,
1505 302 1556 334 ea
1590 302 1663 335 res
1691 291 1822 335 mini-

303 375 374 408 me
398 359 676 422 neglegenda
695 360 789 404 visa
816 365 898 404 est.
952 358 1061 414 Quis
1083 359 1200 404 enim
1226 360 1408 419 gravior
1434 366 1593 405 auctor
1617 359 1673 406 de
1697 373 1822 405 men-

305 431 423 477 suris
460 431 650 475 inveniri
684 429 838 489 potuit
867 427 1061 474 Eusebio
1092 428 1341 489 Pamphili,
1379 430 1475 475 viro
1515 443 1623 475 suae
1662 429 1823 476 aetatis

304 501 612 547 eruditissimo
662 511 906 559 rerumque
953 499 1243 558 antiquarum
1289 498 1657 545 studiosissimo?
1708 498 1823 554 Qua-

302 577 491 630 propter
520 583 622 615 cum
648 568 922 615 Gronovium
954 569 1167 628 legissem
1193 570 1239 613 in
1273 568 1480 615 manibus
1506 569 1719 615 habuisse
1746 584 1823 616 co-

302 640 446 685 dicem
482 653 616 685 manu
657 641 878 700 scriptum
913 639 1051 685 Isaaci
1086 638 1262 696 vossii,
1299 638 1521 699 primum,
1566 646 1824 686 exstaretne

305 709 449 756 adhuc
473 710 512 755 is
539 709 706 767 codex,
736 722 954 770 quaerere
982 708 1127 768 coepi.
1179 711 1244 754 Ac
1274 722 1378 755 vero
1410 711 1542 756 etiam
1573 724 1694 756 nunc
1720 723 1824 757 eum

302 781 505 841 comperi
548 793 650 825 esse
691 781 810 825 inter
845 779 989 826 libros
1023 779 1268 825 Vossianos
1309 778 1608 826 bibliothecae
1643 779 1824 840 Lugdu-

302 851 456 895 nensis
483 845 729 911 Batavae3).
771 851 882 896 Tum
909 856 955 895 et
978 849 1165 895 Parisiis
1193 863 1301 896 casu
1326 848 1446 896 felici
1471 850 1517 895 in
1544 863 1644 896 eum
1674 852 1823 910 ipsum

302 920 504 966 codicem
535 920 672 966 incidi
708 934 798 981 quo
831 920 1077 967 Salmasius
1103 933 1215 966 usus
1243 926 1313 966 est
1338 926 1473 980 atque
1496 920 1600 966 inde
1626 921 1714 966 hoc
1737 919 1825 965 Eu-

302 989 536 1036 sebianum
560 990 865 1050 fragmentum
891 990 1130 1051 descripsi,
1158 997 1202 1036 et
1227 990 1270 1036 id
1303 1005 1404 1037 cum
1431 991 1696 1051 apographo
1721 988 1828 1036 libri

300 1060 509 1107 Vossiani
538 1061 728 1107 contuli.

406 1130 709 1176 Eusebianum
747 1133 931 1192 inquam
971 1131 1302 1191 fragmentum,
1343 1145 1435 1176 non
1469 1130 1667 1177 Eusebii.
1717 1130 1828 1176 Nam

302 1200 347 1246 id
370 1200 424 1247 ab
450 1203 550 1262 ipso
570 1199 764 1247 Eusebio
791 1216 884 1247 non
911 1202 1133 1262 scriptum
1160 1214 1259 1247 esse
1285 1209 1376 1247 tam
1404 1201 1596 1248 dilucide
1622 1207 1828 1261 apparet,

301 1277 353 1316 ut
395 1285 469 1316 res
514 1272 904 1317 demonstratione
948 1285 1039 1317 non
1081 1278 1227 1331 egeat.
1287 1272 1424 1317 Immo
1467 1285 1574 1318 vero
1619 1270 1828 1331 quisquis

303 1347 463 1387 auctor
488 1341 585 1387 eius
612 1341 896 1389 collectionis
925 1342 1036 1400 fuit,
1075 1355 1158 1388 nec
1185 1349 1288 1388 ante
1311 1340 1540 1388 saeculum
1565 1340 1619 1385 VI
1645 1343 1830 1401 scripsit

301 1412 440 1457 -id
467 1412 590 1471 quod
617 1425 670 1458 ex
705 1413 836 1458 initio
872 1412 1061 1458 maxime
1098 1420 1144 1458 et
1171 1411 1370 1458 clausula
1403 1418 1623 1458 tractatus
1659 1410 1828 1470 colligo

305 1506 365 1514 -
397 1489 442 1527 et
469 1496 583 1542 quae
611 1483 797 1543 scripsit
822 1496 874 1528 ea
901 1483 1069 1543 partim
1094 1496 1148 1528 ex
1172 1482 1450 1543 Epiphanio⁷
1478 1482 1642 1543 partim
1679 1495 1702 1527 e
1735 1480 1829 1527 col-

302 1551 498 1598 lectione
525 1551 733 1611 Galenea,
760 1552 978 1598 nonnulla
1003 1553 1163 1610 etiam,
1196 1560 1248 1598 ut
1272 1553 1474 1610 videtur,
1513 1551 1611 1598 aliis
1639 1564 1663 1595 e
1689 1550 1830 1596 fonti·

304 1624 390 1669 bus
420 1621 695 1682 compilavit.
743 1623 890 1682 Atque
915 1623 959 1668 in
988 1623 1083 1680 his,
1110 1628 1163 1668 ut
1187 1623 1282 1668 fere
1306 1622 1383 1679 fit,
1411 1622 1551 1668 inulta
1577 1627 1687 1667 sunt
1715 1633 1832 1681 quae

303 1698 426 1738 recte
453 1706 501 1737 se
526 1691 719 1738 habeant
737 1694 980 1754 magnique
1006 1694 1222 1739 momenti
1244 1707 1344 1739 esse
1370 1693 1635 1748 videantur3
1668 1698 1830 1738 contra

305 1912 328 1939 e
366 1902 571 1940 tractatu
610 1912 638 1939 a
675 1900 809 1940 nobis
850 1899 974 1941 edito
1014 1899 1093 1951 (fr.
1124 1898 1197 1951 88)
1238 1900 1262 1950 ξ
1302 1900 1328 1940 5
1366 1899 1549 1939 initium
1586 1910 1729 1950 usque
1772 1896 1831 1937 ad

304 1952 461 1996 είκλον
502 1953 659 2006 (Salm.
696 1969 741 2008 p.
773 1955 870 2009 57),
909 1959 1013 1996 tum‘
1042 1955 1251 2010 proxima
1286 1968 1430 2008 usque
1472 1954 1532 1995 ad
1570 1951 1829 2006 κοδράντης

305 2011 367 2063 (p.
387 2009 478 2064 43),
511 2011 710 2064 denique
741 2012 765 2062 ἓ
797 2014 821 2053 7
855 2011 915 2065 (p.
949 2011 1037 2063 81).
1098 2012 1229 2062 Quae
1263 2015 1418 2051 autem
1447 2011 1568 2051 idem
1598 2024 1643 2063 p.
1675 2011 1729 2050 25
1762 2009 1830 2049 af—

304 2067 421 2107 fert:
460 2067 672 2108 Eusebius
708 2067 819 2120 περὶ
858 2067 1110 2121 σταθμῶν·
1161 2062 1430 2119 κοδράντης
1461 2065 1671 2120 νοῦμμος
1701 2056 1832 2118 ἄγων

304 2118 561 2175 γράμματα
599 2117 652 2168 ς’.
701 2117 873 2164 λεπτὸν
910 2115 1019 2177 ἄγει
1056 2117 1314 2177 ’γράμματα
1349 2121 1459 2174 τρία
1490 2121 1632 2175 (apud
1661 2134 1742 2163 nos
1774 2121 1831 2162 fr.

304 2181 374 2231 97,
398 2178 486 2231 10),
519 2193 574 2220 ea
605 2180 776 2219 iniuria
806 2181 927 2221 inter
947 2180 1215 2221 Eusebiana
1244 2179 1477 2221 rettulisse
1497 2179 1693 2231 videtur,
1725 2190 1833 2218 nam

307 2235 429 2288 apud
458 2239 663 2276 nostrum
693 2236 875 2288 quidem
904 2237 1158 2277 Eusebium
1188 2249 1280 2278 non
1309 2235 1539 2288 leguntur.

418 2290 461 2342 2)
500 2292 572 2332 De
612 2295 720 2332 sest.
759 2306 802 2345 p.
838 2294 921 2334 421
954 2306 1011 2333 s.:
1064 2292 1154 2333 Nos
1191 2294 1277 2346 ipsi
1313 2294 1541 2333 notavimus
1579 2292 1622 2330 in
1657 2289 1834 2330 Eusebiz'

306 2348 517 2399 Pamphili
566 2340 733 2402 ἐκλογῇ
772 2346 882 2400 περὶ
922 2346 1172 2402 σταθμῶν,
1225 2362 1347 2402 quam
1382 2348 1481 2388 MS.
1520 2347 1833 2388 communic-avit

304 2416 457 2444 mecum
492 2417 574 2456 pro
612 2404 868 2446 humanitate
907 2419 984 2446 sua
1022 2405 1204 2445 Isaacus
1240 2405 1433 2446 Vossius.
1492 2403 1549 2444 In
1587 2415 1639 2443 ea
1676 2403 1832 2443 inveni—

305 2472 416 2499 mus:
449 2455 694 2513 Δηνάριον
724 2474 779 2514 γο
804 2459 847 2502 ὃ.
869 2463 916 2502 id
935 2467 1020 2513 est,
1054 2453 1244 2514 οὗγκιάι
1273 2456 1515 2513 τέσσαρες,
1546 2460 1694 2500 unciae
1726 2472 1828 2512 qua·

307 2520 415 2554 tuor.
477 2515 707 2570 Νοῦμμος
737 2529 792 2570 γο
826 2531 857 2559 οι
887 2523 991 2569 etc„
1033 2531 1151 2570 quae
1185 2518 1304 2572 legis
1336 2516 1456 2571 apud
1485 2528 1568 2557 nos
1599 2515 1654 2555 fr.
1688 2515 1757 2566 88,
1789 2516 1832 2555 5.

420 2583 463 2635 3)
497 2585 682 2627 Oertam
710 2587 844 2628 huius
878 2588 1051 2628 codicis
1081 2587 1294 2628 notitiam
1327 2586 1479 2640 (quem
1510 2587 1834 2626 commemorat

310 2638 451 2678 etiam
479 2641 721 2683 Fabricius
752 2646 800 2683 in
830 2644 950 2686 Bibl.
984 2643 1061 2687 Gr.
1089 2643 1178 2687 vol.
1209 2644 1275 2685 VI
1303 2657 1345 2697 p.
1371 2640 1474 2694 104)
1507 2642 1690 2694 aperuit
1719 2640 1834 2681 mihi

307 2693 382 2736 W.
405 2693 460 2734 G.
481 2695 726 2749 Pluygers,
757 2700 829 2740 vir
848 2700 1228 2751 humanissimus,
1261 2700 1338 2752 qui
1365 2698 1702 2752 promptissimo
1735 2697 1834 2737 ani-

307 2762 380 2790 mo
421 2751 635 2802 precibus
673 2756 787 2795 meis
838 2757 1072 2798 satisfecit
1123 2769 1314 2808 eumque
1365 2753 1832 2807 codicemLugduni

307 2805 588 2846 Batavorum
626 2809 673 2848 in
710 2809 1016 2864 bibliotheca,
1069 2814 1199 2853 cuius
1245 2812 1335 2864 ipsi
1378 2823 1490 2851 cura
1529 2809 1705 2850 tradita
1745 2811 1829 2859 est,

309 2862 486 2902 servari
516 2862 636 2903 inter
665 2865 913 2907 Vossianos
945 2868 1016 2919 (O.
1051 2868 1122 2919 17)
1153 2870 1419 2921 septemque
1450 2865 1650 2919 pagellis
1679 2877 1832 2918 pauca

260 2963 264 2966 .
311 2916 366 2963 de
396 2919 620 2959 mensuris
652 2922 884 2962 continere
917 2925 1116 2976 scripsit.
1157 2924 1297 2964 Cuius
1318 2922 1493 2964 codicis
1516 2921 1831 2975 apographum

309 2976 472 3025 postea
505 2975 667 3028 accepi
699 2977 976 3018 amicissimo
1009 2979 1192 3020 Ottonis
1223 2979 1365 3021 Jahni
1395 2978 1561 3020 studio.
