1946 3220
523 139 856 175 scium-omes
886 140 1148 175 GRAECOS.
1525 122 1592 174 61

172 253 268 299 Non
297 255 446 300 minus
475 259 722 315 corruptus
748 262 818 300 est
852 254 892 301 is
918 254 1047 302 locus
1075 267 1207 316 quem
1234 269 1317 301 nos
1347 262 1595 301 extremum

0 347 2 363 ι
67 323 381 371 collocavimus
408 323 483 383 (fr.
512 322 600 383 27).
650 324 889 385 Excipiunt
928 325 1062 372 verba
1101 320 1197 374 ἐὰν
1223 321 1286 374 τὸ
1314 321 1515 373 πλάτος
1553 332 1597 370 et

1 410 4 415 ·
71 408 186 456 quae
217 401 473 456 sequuntur
500 395 696 441 tabulam
724 395 1023 442 Heronianam
1051 396 1121 455 lv,
1159 403 1295 458 atque
1320 410 1374 442 eo
1403 395 1595 442 consilio

0 478 15 499 ·-
71 466 239 526 scripta
275 479 375 511 esse
403 465 635 524 videntur,
673 474 724 513 ut
750 467 895 512 solida
927 467 1067 513 cubiti
1094 480 1306 514 mensura
1341 467 1494 527 digitis
1526 480 1598 512 ex-

0 575 2 577 ,
31 551 34 554 ’
67 537 291 598 primatur
315 534 470 597 (supra
497 536 526 595 S
553 536 640 597 23).
687 536 771 593 Qui
799 551 903 583 vero
935 538 1160 584 adduntur
1185 534 1353 588 ξέεται
1376 531 1530 597 ὑγροί
1557 544 1599 582 et

70 608 223 652 nescio
251 609 327 668 qui
350 601 524 666 ξηρός,
552 607 605 653 de
632 608 719 668 his,
750 610 952 669 quamvis
973 609 1251 654 multimodis
1277 622 1370 654 rem
1400 615 1600 654 tentave-

71 678 181 735 rim,
221 691 311 723 non
340 678 482 724 habeo
512 678 634 739 quod
659 679 958 740 probabiliter
993 693 1261 741 proponam.
1315 679 1421 724 Nam
1452 677 1601 724 omnia

0 785 9 813 ,ν
71 747 235 795 misere
262 754 481 809 corrupta
507 763 609 795 esse
634 757 837 811 apparet.

588 902 653 942 De
683 902 837 944 artaba
866 902 1095 956 Aegyptia.

180 986 419 1034 Praeterea
446 990 601 1049 paucis
637 989 951 1035 disserendum
986 996 1056 1035 est
1090 990 1145 1036 de
1172 990 1498 1050 Aegyptiorum
1537 1001 1606 1032 ar·
1626 981 1690 1030 39

0 1092 7 1119 :
77 1057 204 1115 taba,
234 1073 348 1118 quae
376 1066 421 1104 et
449 1060 495 1104 in
522 1073 613 1105 uno
646 1073 698 1105 ex
721 1060 792 1106 his
819 1060 1115 1121 problematis
1146 1055 1216 1122 (fr.
1243 1059 1315 1119 23)
1345 1066 1390 1105 et
1417 1058 1534 1104 infra
1561 1059 1606 1102 in

77 1128 229 1175 tabula
247 1124 380 1189 Περὶ
399 1125 608 1189 μέτρων
632 1129 706 1190 (fr.
729 1130 800 1190 81)
823 1138 1217 1177 commemoratur.
1267 1130 1355 1176 Sed
1379 1130 1424 1175 id
1448 1143 1607 1175 rursus

3 1244 6 1245 γ
77 1199 224 1245 sentio
253 1207 572 1259 argumentum
597 1207 689 1247 tam
714 1201 897 1248 difficile
924 1216 1054 1260 esse,
1097 1208 1148 1248 ut
1171 1202 1351 1247 brevius
1381 1201 1436 1246 de
1462 1214 1516 1245 eo
1543 1199 1609 1244 di-

75 1276 265 1330 sputare
291 1284 460 1317 verear.
509 1269 649 1327 Quam
678 1273 824 1319 variae
851 1273 904 1318 de
930 1274 999 1318 his
1026 1272 1356 1333 Aegyptiorum
1382 1271 1609 1317 mensuris

0 1335 4 1366 ἕ
80 1354 181 1387 cum
206 1340 400 1388 aliorum
420 1342 782 1403 metrologorum
811 1350 907 1389 tum
927 1343 1141 1390 Boeckhii
1169 1342 1215 1388 et
1234 1340 1483 1403 Queiponis
1505 1347 1612 1386 sunt

78 1413 332 1458 sententiae
345 1407 391 1473 ¹).
443 1413 533 1459 Nec
556 1427 662 1459 vero
685 1427 770 1474 ego
793 1429 864 1460 me
884 1427 978 1459 rem
1004 1414 1078 1460 hic
1101 1415 1147 1459 in
1173 1420 1439 1459 transcursu
1464 1410 1614 1456 ahsol-

81 1495 183 1527 vere
217 1497 354 1543 posse
389 1482 622 1544 profiteor.
675 1483 762 1531 Sed
786 1485 979 1545 vestigia
1009 1484 1226 1545 quaedam
1250 1483 1361 1529 mihi
1388 1481 1614 1528 invenisse

79 1552 261 1612 videor,
298 1553 463 1615 quibus
495 1555 688 1600 forsitan
714 1556 745 1601 ii
778 1557 856 1616 qui
882 1570 977 1601 rem
1007 1557 1262 1602 accuratius
1294 1552 1616 1615 exquirendam

82 1623 169 1669 sibi
196 1625 483 1686 proposituri
511 1626 602 1671 sint
628 1626 825 1672 feliciter
849 1628 1078 1673 insistant.

181 1695 394 1755 Legimus
436 1698 480 1741 in
514 1695 667 1742 tabula
701 1692 836 1759 Περὶ
870 1693 1077 1758 μέτρων
1113 1695 1248 1758 (prol.
1290 1695 1320 1754 S
1355 1694 1457 1754 86),
1497 1693 1618 1754 quod

0 1762 14 1772 ''
84 1765 388 1827 fragmentum
424 1766 612 1813 antehac
640 1768 827 1829 Didymo
854 1768 991 1828 vulgo
1030 1767 1346 1824 tribuebatur,
1376 1764 1618 1811 Ptolemai-

0 1857 10 1902 3·
85 1850 187 1883 cum
212 1837 486 1882 medimnum
512 1838 663 1884 Attico
687 1839 915 1884 medimno
941 1839 1097 1899 sesqui
1124 1839 1267 1884 fuisse
1294 1838 1535 1892 maiorem,
1574 1841 1619 1879 et

0 1908 2 1937 ί
85 1907 314 1953 dimidiam
351 1907 474 1953 illius
509 1908 720 1955 medimni
753 1916 956 1970 partem,
1015 1923 1130 1970 quae
1165 1908 1319 1954 artaba
1357 1905 1617 1963 vocabatur,

87 1978 264 2024 modios
300 1978 526 2024 Romanos
560 1978 616 2023 IV
647 1984 679 2027 5
716 1978 954 2043 cepisse2).
1029 1980 1119 2026 Iam
1154 1993 1286 2025 nemo
1321 1975 1508 2038 negabit
1543 1990 1618 2021 eas

90 2063 325 2095 mensuras
362 2049 550 2110 proprie
574 2051 819 2112 Aegyptias
847 2064 972 2104 esse;
1008 2065 1110 2097 nam
1138 2050 1177 2096 si
1210 2047 1459 2096 Ptolemaei
1487 2059 1619 2107 reges

91 2119 280 2167 Graecas
307 2120 596 2167 introducere
622 2121 894 2181 voluissent,
921 2122 1077 2183 quidni
1107 2123 1207 2182 ipso
1227 2121 1375 2166 Attico
1396 2118 1621 2164 medimno

90 2191 340 2252 Aegyptios
380 2193 447 2236 uti
485 2191 755 2238 iussissent?
800 2193 969 2251 Immo,
1011 2200 1062 2238 ut
1096 2199 1332 2253 porrectas
1368 2202 1622 2244 mensuras,

92 2262 156 2309 ita
191 2263 323 2307 etiam
361 2276 490 2307 cavas
528 2275 552 2307 e
584 2263 797 2324 populari
832 2263 1162 2310 consuetudine
1198 2262 1508 2318 retinuerunt,
1548 2257 1627 2304 sed

97 2332 230 2378 simul
252 2332 306 2377 ad
326 2331 517 2378 Graecas
542 2334 742 2380 rationes
763 2334 1231 2380 accommodaverunt.
1260 2333 1348 2379 Iam
1375 2331 1462 2377 hoc
1483 2342 1624 2376 unum

96 2403 228 2449 velim
266 2403 373 2447 mihi
409 2403 621 2461 concedi,
657 2406 925 2466 Aegyptiam
953 2403 1154 2451 artabam
1192 2418 1244 2449 ex
1278 2403 1467 2461 antiquo
1494 2398 1624 2459 regio

98 2473 253 2520 cubito
280 2472 327 2532 (S
357 2471 426 2532 16)
465 2473 617 2533 aliquo
654 2475 788 2522 modo
823 2476 1005 2522 ductam
1048 2475 1207 2520 fuisse.
1260 2472 1441 2518 Scilicet
1474 2469 1627 2531 profe—

99 2558 193 2590 ram
219 2542 597 2604 simplicissimam
629 2547 874 2591 rationem:
901 2560 1004 2591 nam
1029 2544 1229 2590 artabam
1251 2548 1458 2603 quartam
1485 2540 1628 2588 cubiti

218 2737 261 2792 1)
291 2737 347 2778 V.
379 2736 567 2777 Boeckh
597 2751 640 2791 p.
673 2738 883 2790 242—45,
918 2737 1204 2791 Queiponem
1232 2737 1254 2777 1
1283 2750 1326 2790 p.
1360 2735 1570 2776 211—48.

217 2793 263 2847 2)
293 2793 371 2841 Ne*
395 2793 494 2846 quis
533 2794 593 2834 sit
631 2794 866 2836 immemor
902 2794 985 2835 has
1023 2795 1227 2835 rationes
1258 2793 1396 2847 plane
1428 2791 1549 2832 inter
1580 2802 1627 2830 se

108 2850 368 2892 convenire.
428 2849 546 2891 Nam
578 2863 678 2891 cum
698 2850 880 2891 Atticus
911 2850 1163 2891 medimnus
1194 2850 1370 2891 modios
1390 2848 1517 2891 Rom.
1550 2859 1631 2888 sex

107 2906 300 2958 habeat,
345 2905 627 2948 Ptolemaico
671 2907 898 2948 medimuo
943 2920 1107 2949 novem
1150 2906 1292 2948 modii
1336 2903 1632 2955 conveniunt,

113 2963 302 3004 artabae
333 2962 475 3016 igitur
506 2963 602 3006 sive
625 2963 811 3006 dimidio
834 2963 1059 3005 medimno
1081 2964 1220 3005 modii
1242 2966 1456 3016 quattuor
1477 2959 1628 3002 semis.
