1946 3220
131 0 148 22 ξι
154 0 167 19 ¹⁴·
172 0 218 22 ¹:17*

100 35 111 45 κ
122 29 126 37 “
132 28 137 34 “
188 44 190 46 ,
214 25 218 31 ’

15 0 119 143 ἓν
204 47 214 53 .

17 123 78 202 3²(
121 156 219 226 [92]
718 171 789 204 m:
826 172 1043 207 numus.
1541 154 1646 209 293

656 281 762 343 ἐγὼ
787 281 889 347 γὰρ
917 322 927 333 .
953 322 964 333 .
991 322 1002 332 .
1032 280 1116 350 [τό
1142 298 1203 343 γε
1231 281 1539 349 βαλάντιον]

185 364 470 432 λιτροδόκᾳ
488 364 670 431 λίτραν
692 366 906 431 ςτατῆρ’
927 365 1167 421 ἑξάντιον
1191 366 1293 435 [τε]
1313 366 1646 428 πεντόγκιον.

46 516 50 518 v
232 451 372 516 Ἔχει
396 451 491 515 μὲν
517 450 580 514 δή
608 466 655 501 τι
684 450 769 502 καὶ
794 449 1092 515 φιλόκαλον
1125 451 1157 515 ἡ
1194 451 1404 505 τούτων
1430 453 1645 513 γνῶςις·

14 592 26 597 ,,
114 535 241 589 ἰ’ςως
277 536 336 588 δὲ
363 533 490 587 οὐδὲ
513 534 546 597 ἡ
573 536 750 599 χρῆςις
778 534 1008 599 ἄτοπος,
1046 534 1091 589 εἰ
1116 537 1245 600 μηδὲ
1272 536 1399 589 τοὺς
1436 535 1645 597 ςίγλους

115 620 146 674 ὁ
192 620 463 684 Ξενοφῶν
516 616 690 683 ὄνομα
741 622 1062 685 βαρβαρικοῦ
1112 621 1429 686 νομίςματος
1479 618 1645 673 εἰπεῖν
1676 637 1703 676 5

114 703 433 769 ἐφυλάξατο.
505 703 589 756 καὶ
631 704 732 769 μὴν
777 705 860 756 καὶ
903 705 999 758 τὸν
1044 704 1279 769 δανάκην
1325 702 1462 758 εἶναί
1506 704 1645 758 τινές

114 804 242 854 φαςι
283 787 507 853 νόμιςμά
552 805 600 840 τι
637 788 912 853 Περςικόν.
993 788 1167 854 ὄνομα
1219 790 1278 841 δὲ
1330 788 1709 853 νομίςματοςδιῐ

113 873 196 926 καὶ
230 871 583 938 κραπαταλοί,
618 871 722 926 εἴτε
755 872 961 926 παίζων
999 873 1103 927 εἴτε
1137 873 1454 927 ςπουδάζων
1483 873 1645 936 Φερε-

111 957 304 1023 κράτης
330 957 606 1021 ὠνόμαςεν
642 957 700 1011 ἐν
726 961 803 1026 τῷ
840 957 1109 1025 ὁμωνύμῳ
1137 958 1378 1022 δράματι’
1413 957 1553 1020 λέγει
1587 957 1646 1009 δὲ

110 1042 207 1095 τὸν
242 1043 336 1106 μὲν
375 1040 717 1105 κραπαταλὸν
758 1040 893 1095 εἶναι
928 1042 988 1095 ἐν
1024 1042 1159 1108 ᾅδου
1196 1042 1464 1107 δραχμήν,
1504 1041 1644 1106 ἔχειν
1678 1043 1733 1083 10

112 1126 168 1178 δ’
195 1125 360 1179 αὐτὸν
389 1125 487 1178 δύο
519 1126 755 1190 ψωθίας,
788 1127 885 1190 τὴν
921 1127 980 1178 δὲ
1015 1127 1230 1191 ψωθίαν
1258 1125 1394 1181 εἶναι
1423 1127 1645 1191 τριώβο-

111 1212 210 1263 λον
237 1210 319 1261 καὶ
348 1209 601 1262 δύναςθαι
630 1209 769 1262 ὀκτὼ
801 1210 1091 1277 κικκάβους.

216 1294 364 1358 Τάχα
395 1294 448 1345 δ’
475 1293 541 1347 ἄν
579 1310 655 1346 τις
690 1294 971 1360 φιλότιμον
1010 1295 1147 1351 εἶναι
1183 1295 1389 1361 νομίζοι
1426 1295 1509 1347 καὶ
1547 1293 1644 1346 τὸν

113 1378 201 1431 ἐπὶ
230 1382 306 1447 τῷ
334 1377 604 1442 νομίςματι
630 1378 798 1440 λόγον
824 1379 1103 1445 ἐπιζητεῖν,
1131 1379 1235 1433 εἴτε
1261 1379 1470 1433 Φείδων
1498 1380 1644 1443 πρῶ-

113 1479 206 1516 τος
243 1462 274 1516 ὁ
300 1462 537 1527 Ἀργεῖος
569 1461 735 1528 ἔκοψε
761 1463 1011 1528 νόμιςμα,
1052 1463 1156 1517 εἴτε
1183 1464 1457 1529 Δημοδίκη
1484 1463 1515 1527 ἡ
1551 1463 1644 1514 Κυ-
1677 1463 1731 1503 15

14 1539 26 1572 ἴ
109 1546 234 1611 μαία
269 1546 612 1610 ςυνοικήςαςα
640 1546 783 1615 Μίδᾳ
815 1553 891 1617 τῷ
930 1547 1098 1614 Φρυγί
1133 1549 1280 1614 (παῖς
1313 1549 1368 1599 δ’
1403 1547 1469 1611 ἦν
1497 1547 1646 1608 Ἀγα-

109 1631 374 1696 μέμνονος
414 1630 657 1695 Κυμαίων
707 1632 1011 1700 βαςιλέως),
1067 1631 1171 1686 εἴτε
1217 1632 1484 1696 Ἀθηναῖοι
1519 1630 1646 1695 ’ept-

107 1715 326 1780 χθόνιος
350 1715 436 1767 καὶ
453 1714 644 1779 Λύκος,
670 1715 775 1769 εἴτε
795 1716 975 1781 Λυδοί,
999 1718 1133 1770 καθά
1160 1732 1285 1783 φηςι
1302 1715 1645 1780 Ξενοφάνης,

111 1799 215 1853 εἴτε
256 1798 436 1852 Νάξιοι
471 1800 604 1852 κατὰ
637 1801 734 1864 τὴν
772 1800 1170 1862 Ἀγλωςθένους
1209 1799 1396 1854 δόξαν·
1439 1798 1504 1852 οὐ
1542 1798 1645 1861 γὰρ
1668 1808 1709 1840 8¹

109 1883 314 1938 ἀξιώςει
346 1898 422 1935 τις
451 1882 585 1947 ἡμᾶς
618 1884 675 1937 ἐν
702 1889 779 1954 τῷ
809 1884 1037 1950 παρόντι
1063 1884 1566 1949 πολυπραγμονεῖν,
1602 1881 1646 1933 εἰ
1675 1895 1731 1936 20

10 2029 25 2041 ἱ
110 1968 460 2032 Μιτυληναῖοι
488 1968 583 2032 μὲν
611 1967 816 2033 (απφὼ
838 1973 913 2038 τῷ
933 1969 1206 2033 νομίςματι
1230 1967 1644 2032 ἐνεχαράξαντο,

110 2052 223 2105 Χῖοι
250 2053 309 2105 δὲ
335 2051 603 2116 Ὅμηρον,
639 2053 815 2105 Ἰαςεῑς
840 2053 898 2106 δὲ
924 2055 1089 2105 παῖδα
1115 2054 1327 2118 δελφῖνι
1350 2049 1645 2116 ἐποχούμε-

8 2191 11 2194 ,
107 2153 236 2200 νον,
273 2136 578 2201 Δαρδανεῖς
614 2138 671 2189 δὲ
707 2136 1083 2201 ἀλεκτρυόνων
1114 2136 1316 2201 μάχην,
1349 2134 1646 2188 Ἀςπένδιοι

8 2211 26 2278 ἓ,
108 2221 167 2273 δὲ
202 2220 515 2283 παλαιςτάς,
553 2221 636 2273 καὶ
667 2221 900 2285 Ῥηγῖνοι
927 2221 1021 2285 μὲν
1049 2221 1231 2282 λαγών
1251 2261 1263 2283 ,
1303 2220 1644 2284 Κεφαλλῆνες

108 2304 166 2357 δὲ
189 2303 390 2366 ἵππον,
434 2304 618 2357 Θάςιοι
650 2306 709 2358 δὲ
734 2306 975 2371 Πέρςην,
1017 2304 1243 2370 Ἀργεῖοι
1269 2305 1327 2356 δὲ
1354 2306 1480 2366 μῦν·
1519 2301 1642 2354 οὔτε
1673 2302 1729 2343 25

106 2387 209 2452 γὰρ
236 2387 369 2440 κατὰ
395 2388 492 2451 τὴν
519 2387 770 2442 ὑπόθεςιν
797 2391 908 2442 τῶν
939 2387 1154 2454 βιβλίων
1189 2389 1221 2452 ὴ
1260 2383 1641 2451 πολυπραγμο-

7 2456 28 2608 Ξ
111 2472 271 2536 ςύνη,
315 2471 398 2523 καὶ
435 2470 618 2524 ἄλλοις
651 2471 751 2537 ἤδη
778 2472 844 2525 τὰ
870 2475 1090 2526 τοιαῦτα
1117 2472 1220 2524 ἔςτι
1256 2470 1641 2534 ςυνειλεγμένα.

223 2686 262 2725 1.
306 2685 345 2725 2.
386 2683 493 2725 vide
526 2683 725 2737 praefat.
761 2685 861 2724 crit.
1008 2685 1047 2724 7.
1087 2694 1131 2725 τι
1163 2696 1248 2726 om.
1287 2682 1497 2736 idemque
1538 2686 1644 2735 post

108 2751 157 2794 δὲ
189 2753 290 2797 add.
321 2755 380 2795 Di
522 2754 562 2796 8.
594 2751 951 2805 κραπατάλλους
983 2755 1042 2794 Di
1183 2755 1250 2796 10.
1288 2751 1380 2804 ἔχει
1417 2750 1466 2794 δ’
1497 2749 1642 2793 αὐτὸς

107 2824 166 2864 Dz·
258 2825 325 2865 11.
359 2822 444 2866 δύο
476 2822 715 2865 Meinekius
745 2836 825 2877 pro
858 2821 988 2864 ὀκτὼ
1103 2825 1169 2865 15.
1201 2821 1378 2877 ἔγραψε
1397 2823 1458 2863 Di
1572 2823 1639 2863 17.

111 2890 347 2946 Ἀθηναῖοι
384 2894 547 2947 scripsi
585 2907 666 2947 pro
696 2893 817 2947 vulg.
862 2891 1120 2947 Ἀθηναίοις
1294 2894 1362 2936 21.
1395 2889 1640 2944 ἐνεχάρατ-

108 2973 194 3003 τον
225 2964 283 3003 Di
