<?xml version="1.0" encoding="UTF-8"?>
<!DOCTYPE html PUBLIC "-//W3C//DTD XHTML 1.0 Transitional//EN"
    "http://www.w3.org/TR/xhtml1/DTD/xhtml1-transitional.dtd">
<html xmlns="http://www.w3.org/1999/xhtml" xml:lang="en" lang="en">
 <head>
  <title>
</title>
<meta http-equiv="Content-Type" content="text/html;charset=utf-8" />
  <meta name='ocr-system' content='tesseract 3.04.00' />
  <meta name='ocr-capabilities' content='ocr_page ocr_carea ocr_par ocr_line ocrx_word'/>
</head>
<body>
  <div class='ocr_page' id='page_1' title='image "./metrologicorumsc01hultuoft_0137.png"; bbox 0 0 1946 3220; ppageno 0'>
   <div class='ocr_carea' id='block_1_1' title="bbox 525 147 1596 208">
    <p class='ocr_par' dir='ltr' id='par_1_1' title="bbox 525 147 1596 208">
     <span class='ocr_line' id='line_1_1' title="bbox 525 147 1596 208; baseline 0.003 -11"><span class='ocrx_word' id='word_1_1' title='bbox 525 162 855 208; x_wconf 70' lang='lat' dir='ltr'><strong>sempronns</strong></span> <span class='ocrx_word' id='word_1_2' title='bbox 887 163 1150 199; x_wconf 72' lang='lat' dir='ltr'><strong>GRAEcos.</strong></span> <span class='ocrx_word' id='word_1_3' title='bbox 1494 147 1596 200; x_wconf 87' lang='lat'><strong>109</strong></span> 
     </span>
    </p>
   </div>
   <div class='ocr_carea' id='block_1_2' title="bbox 0 275 1595 1396">
    <p class='ocr_par' dir='ltr' id='par_1_2' title="bbox 0 275 1595 971">
     <span class='ocr_line' id='line_1_2' title="bbox 70 275 1594 338; baseline 0.001 -14"><span class='ocrx_word' id='word_1_4' title='bbox 70 275 204 324; x_wconf 87' lang='lat' dir='ltr'><strong>talem</strong></span> <span class='ocrx_word' id='word_1_5' title='bbox 235 275 401 324; x_wconf 89' lang='lat' dir='ltr'><strong>librum</strong></span> <span class='ocrx_word' id='word_1_6' title='bbox 442 276 680 338; x_wconf 86' lang='lat' dir='ltr'><strong>scripsisse</strong></span> <span class='ocrx_word' id='word_1_7' title='bbox 718 276 917 337; x_wconf 90' lang='lat' dir='ltr'><strong>putanda</strong></span> <span class='ocrx_word' id='word_1_8' title='bbox 951 278 1050 324; x_wconf 84' lang='lat' dir='ltr'><strong>est?</strong></span> <span class='ocrx_word' id='word_1_9' title='bbox 1097 276 1229 326; x_wconf 87' lang='lat' dir='ltr'><strong>Nulla</strong></span> <span class='ocrx_word' id='word_1_10' title='bbox 1263 279 1473 324; x_wconf 91' lang='lat' dir='ltr'><strong>omnino:</strong></span> <span class='ocrx_word' id='word_1_11' title='bbox 1513 279 1594 325; x_wconf 89' lang='lat' dir='ltr'><strong>sed</strong></span> 
     </span>
     <span class='ocr_line' id='line_1_3' title="bbox 0 341 1591 409; baseline 0.001 -16"><span class='ocrx_word' id='word_1_12' title='bbox 0 386 5 393; x_wconf 75' lang='grc'><em>,</em></span> <span class='ocrx_word' id='word_1_13' title='bbox 68 349 274 409; x_wconf 88' lang='lat' dir='ltr'><strong>quisquis</strong></span> <span class='ocrx_word' id='word_1_14' title='bbox 306 341 593 407; x_wconf 81' lang='grc' dir='ltr'>Κοεμητικά</span> <span class='ocrx_word' id='word_1_15' title='bbox 616 345 693 392; x_wconf 88' lang='lat' dir='ltr'><strong>illa</strong></span> <span class='ocrx_word' id='word_1_16' title='bbox 719 349 1005 408; x_wconf 84' lang='lat' dir='ltr'><strong>composuit,</strong></span> <span class='ocrx_word' id='word_1_17' title='bbox 1035 363 1126 409; x_wconf 90' lang='lat' dir='ltr'><strong>quo</strong></span> <span class='ocrx_word' id='word_1_18' title='bbox 1153 349 1295 395; x_wconf 90' lang='lat' dir='ltr'><strong>maior</strong></span> <span class='ocrx_word' id='word_1_19' title='bbox 1322 348 1479 394; x_wconf 88' lang='lat' dir='ltr'><strong>libello</strong></span> <span class='ocrx_word' id='word_1_20' title='bbox 1507 364 1591 395; x_wconf 91' lang='lat' dir='ltr'><strong>suo</strong></span> 
     </span>
     <span class='ocr_line' id='line_1_4' title="bbox 65 417 1595 480; baseline 0.001 -16"><span class='ocrx_word' id='word_1_21' title='bbox 65 419 314 465; x_wconf 90' lang='lat' dir='ltr'><strong>auctoritas</strong></span> <span class='ocrx_word' id='word_1_22' title='bbox 335 417 634 475; x_wconf 85' lang='lat' dir='ltr'><strong>tribueretur,</strong></span> <span class='ocrx_word' id='word_1_23' title='bbox 660 418 892 478; x_wconf 85' lang='lat' dir='ltr'><strong>inscripsit</strong></span> <span class='ocrx_word' id='word_1_24' title='bbox 912 433 1014 465; x_wconf 91' lang='lat' dir='ltr'><strong>eum</strong></span> <span class='ocrx_word' id='word_1_25' title='bbox 1035 419 1318 480; x_wconf 81' lang='lat' dir='ltr'><strong>Cleopatrae,</strong></span> <span class='ocrx_word' id='word_1_26' title='bbox 1346 421 1595 480; x_wconf 84' lang='lat' dir='ltr'><strong>Aegyptio·</strong></span> 
     </span>
     <span class='ocr_line' id='line_1_5' title="bbox 0 487 1592 551; baseline 0.001 -17"><span class='ocrx_word' id='word_1_27' title='bbox 0 493 5 546; x_wconf 72' lang='grc' dir='ltr'><strong>ζ’</strong></span> <span class='ocrx_word' id='word_1_28' title='bbox 67 503 167 534; x_wconf 83' lang='lat' dir='ltr'><strong>rum</strong></span> <span class='ocrx_word' id='word_1_29' title='bbox 194 489 406 548; x_wconf 86' lang='lat' dir='ltr'><strong>reginae,</strong></span> <span class='ocrx_word' id='word_1_30' title='bbox 443 489 639 534; x_wconf 90' lang='lat' dir='ltr'><strong>nomine.</strong></span> <span class='ocrx_word' id='word_1_31' title='bbox 694 487 831 534; x_wconf 89' lang='lat' dir='ltr'><strong>Cuius</strong></span> <span class='ocrx_word' id='word_1_32' title='bbox 869 495 921 534; x_wconf 92' lang='lat' dir='ltr'><strong>ut</strong></span> <span class='ocrx_word' id='word_1_33' title='bbox 945 490 1137 550; x_wconf 87' lang='lat' dir='ltr'><strong>insignis</strong></span> <span class='ocrx_word' id='word_1_34' title='bbox 1163 490 1517 551; x_wconf 89' lang='lat' dir='ltr'><strong>pulchritudinis</strong></span> <span class='ocrx_word' id='word_1_35' title='bbox 1545 496 1592 536; x_wconf 92' lang='lat' dir='ltr'><strong>et</strong></span> 
     </span>
     <span class='ocr_line' id='line_1_6' title="bbox 0 558 1594 620; baseline 0.002 -17"><span class='ocrx_word' id='word_1_36' title='bbox 0 592 10 614; x_wconf 37' lang='grc' dir='ltr'><strong>ζ.</strong></span> <span class='ocrx_word' id='word_1_37' title='bbox 66 559 391 620; x_wconf 86' lang='lat' dir='ltr'><strong>elegantissimi</strong></span> <span class='ocrx_word' id='word_1_38' title='bbox 435 558 585 605; x_wconf 88' lang='lat' dir='ltr'><strong>cultus</strong></span> <span class='ocrx_word' id='word_1_39' title='bbox 632 558 748 604; x_wconf 88' lang='lat' dir='ltr'><strong>sama</strong></span> <span class='ocrx_word' id='word_1_40' title='bbox 793 559 911 619; x_wconf 88' lang='lat' dir='ltr'><strong>apud</strong></span> <span class='ocrx_word' id='word_1_41' title='bbox 942 574 1098 606; x_wconf 91' lang='lat' dir='ltr'><strong>omnes</strong></span> <span class='ocrx_word' id='word_1_42' title='bbox 1143 560 1483 619; x_wconf 82' lang='lat' dir='ltr'><strong>celebrabatur,</strong></span> <span class='ocrx_word' id='word_1_43' title='bbox 1530 562 1594 607; x_wconf 91' lang='lat' dir='ltr'><strong>ita</strong></span> 
     </span>
     <span class='ocr_line' id='line_1_7' title="bbox 64 629 1594 691; baseline 0.001 -15"><span class='ocrx_word' id='word_1_44' title='bbox 64 629 299 691; x_wconf 87' lang='lat' dir='ltr'><strong>aptissima</strong></span> <span class='ocrx_word' id='word_1_45' title='bbox 334 631 424 675; x_wconf 91' lang='lat' dir='ltr'><strong>visa</strong></span> <span class='ocrx_word' id='word_1_46' title='bbox 451 636 521 675; x_wconf 92' lang='lat' dir='ltr'><strong>est</strong></span> <span class='ocrx_word' id='word_1_47' title='bbox 555 631 626 676; x_wconf 89' lang='lat' dir='ltr'><strong>cui</strong></span> <span class='ocrx_word' id='word_1_48' title='bbox 653 636 893 690; x_wconf 89' lang='lat' dir='ltr'><strong>praecepta</strong></span> <span class='ocrx_word' id='word_1_49' title='bbox 916 645 1018 676; x_wconf 89' lang='lat' dir='ltr'><strong>cum</strong></span> <span class='ocrx_word' id='word_1_50' title='bbox 1046 631 1101 676; x_wconf 90' lang='lat' dir='ltr'><strong>de</strong></span> <span class='ocrx_word' id='word_1_51' title='bbox 1128 631 1215 676; x_wconf 92' lang='lat' dir='ltr'><strong>alio</strong></span> <span class='ocrx_word' id='word_1_52' title='bbox 1244 631 1594 677; x_wconf 88' lang='lat' dir='ltr'><strong>ornatu-mulie-</strong></span> 
     </span>
     <span class='ocr_line' id='line_1_8' title="bbox 0 699 1591 763; baseline 0.001 -18"><span class='ocrx_word' id='word_1_53' title='bbox 0 702 8 717; x_wconf 72' lang='lat'><em>*</em></span> <span class='ocrx_word' id='word_1_54' title='bbox 66 699 133 746; x_wconf 91' lang='lat' dir='ltr'><strong>bri</strong></span> <span class='ocrx_word' id='word_1_55' title='bbox 166 707 262 746; x_wconf 91' lang='lat' dir='ltr'><strong>tum</strong></span> <span class='ocrx_word' id='word_1_56' title='bbox 285 700 340 746; x_wconf 84' lang='lat' dir='ltr'><strong>(le</strong></span> <span class='ocrx_word' id='word_1_57' title='bbox 366 702 612 760; x_wconf 85' lang='lat' dir='ltr'><strong>unguentis</strong></span> <span class='ocrx_word' id='word_1_58' title='bbox 636 700 846 760; x_wconf 88' lang='lat' dir='ltr'><strong>parandis</strong></span> <span class='ocrx_word' id='word_1_59' title='bbox 876 701 1203 747; x_wconf 87' lang='lat' dir='ltr'><strong>tribuerentur.</strong></span> <span class='ocrx_word' id='word_1_60' title='bbox 1253 702 1410 761; x_wconf 89' lang='lat' dir='ltr'><strong>ltaque</strong></span> <span class='ocrx_word' id='word_1_61' title='bbox 1438 702 1484 747; x_wconf 91' lang='lat' dir='ltr'><strong>in</strong></span> <span class='ocrx_word' id='word_1_62' title='bbox 1511 701 1591 763; x_wconf 83' lang='lat' dir='ltr'><strong>illo</strong></span> 
     </span>
     <span class='ocr_line' id='line_1_9' title="bbox 67 766 1594 832; baseline -0.001 -14"><span class='ocrx_word' id='word_1_63' title='bbox 67 766 400 831; x_wconf 75' lang='grc' dir='ltr'>Κοεμητικῶν</span> <span class='ocrx_word' id='word_1_64' title='bbox 428 770 546 816; x_wconf 88' lang='lat' dir='ltr'><strong>libro</strong></span> <span class='ocrx_word' id='word_1_65' title='bbox 583 772 714 816; x_wconf 85' lang='lat' dir='ltr'><strong>etiam</strong></span> <span class='ocrx_word' id='word_1_66' title='bbox 743 771 799 816; x_wconf 87' lang='lat' dir='ltr'><strong>de</strong></span> <span class='ocrx_word' id='word_1_67' title='bbox 824 771 1103 832; x_wconf 84' lang='lat' dir='ltr'><strong>ponderibus</strong></span> <span class='ocrx_word' id='word_1_68' title='bbox 1130 777 1174 816; x_wconf 93' lang='lat' dir='ltr'><strong>et</strong></span> <span class='ocrx_word' id='word_1_69' title='bbox 1200 774 1426 817; x_wconf 87' lang='lat' dir='ltr'><strong>mensuris</strong></span> <span class='ocrx_word' id='word_1_70' title='bbox 1455 786 1594 832; x_wconf 84' lang='lat' dir='ltr'><strong>expo·</strong></span> 
     </span>
     <span class='ocr_line' id='line_1_10' title="bbox 0 835 1592 903; baseline 0.001 -17"><span class='ocrx_word' id='word_1_71' title='bbox 0 835 3 872; x_wconf 79' lang='grc' dir='ltr'>ἶ</span> <span class='ocrx_word' id='word_1_72' title='bbox 64 841 200 887; x_wconf 91' lang='lat' dir='ltr'><strong>situm</strong></span> <span class='ocrx_word' id='word_1_73' title='bbox 237 848 319 887; x_wconf 88' lang='lat' dir='ltr'><strong>est.</strong></span> <span class='ocrx_word' id='word_1_74' title='bbox 370 841 483 887; x_wconf 89' lang='lat' dir='ltr'><strong>Hinc</strong></span> <span class='ocrx_word' id='word_1_75' title='bbox 519 855 571 887; x_wconf 92' lang='lat' dir='ltr'><strong>ea</strong></span> <span class='ocrx_word' id='word_1_76' title='bbox 598 855 711 901; x_wconf 88' lang='lat' dir='ltr'><strong>quae</strong></span> <span class='ocrx_word' id='word_1_77' title='bbox 740 841 823 887; x_wconf 93' lang='lat' dir='ltr'><strong>sub</strong></span> <span class='ocrx_word' id='word_1_78' title='bbox 861 841 1067 888; x_wconf 86' lang='lat' dir='ltr'><strong>manibus</strong></span> <span class='ocrx_word' id='word_1_79' title='bbox 1105 850 1176 888; x_wconf 90' lang='lat' dir='ltr'><strong>est</strong></span> <span class='ocrx_word' id='word_1_80' title='bbox 1203 841 1354 888; x_wconf 89' lang='lat' dir='ltr'><strong>tabula</strong></span> <span class='ocrx_word' id='word_1_81' title='bbox 1381 849 1592 903; x_wconf 80' lang='lat' dir='ltr'><strong>excerpta</strong></span> 
     </span>
     <span class='ocr_line' id='line_1_11' title="bbox 0 908 376 971; baseline -0.005 -13"><span class='ocrx_word' id='word_1_82' title='bbox 0 966 2 971; x_wconf 27' lang='grc' dir='ltr'>Ι</span> <span class='ocrx_word' id='word_1_83' title='bbox 65 926 167 958; x_wconf 90' lang='lat' dir='ltr'><strong>esse</strong></span> <span class='ocrx_word' id='word_1_84' title='bbox 194 908 376 958; x_wconf 87' lang='lat' dir='ltr'><strong>dicitur.</strong></span> 
     </span>
    </p>

    <p class='ocr_par' dir='ltr' id='par_1_3' title="bbox 0 981 1592 1396">
     <span class='ocr_line' id='line_1_12' title="bbox 3 981 1590 1043; baseline 0.001 -16"><span class='ocrx_word' id='word_1_85' title='bbox 3 1031 5 1034; x_wconf 13' lang='grc' dir='ltr'><em>Α</em></span> <span class='ocrx_word' id='word_1_86' title='bbox 163 982 231 1027; x_wconf 90' lang='lat' dir='ltr'><strong>Ad</strong></span> <span class='ocrx_word' id='word_1_87' title='bbox 255 984 511 1043; x_wconf 85' lang='lat' dir='ltr'><strong>Aegyptum</strong></span> <span class='ocrx_word' id='word_1_88' title='bbox 548 982 772 1041; x_wconf 84' lang='lat' dir='ltr'><strong>originem</strong></span> <span class='ocrx_word' id='word_1_89' title='bbox 805 981 984 1029; x_wconf 90' lang='lat' dir='ltr'><strong>tabulae</strong></span> <span class='ocrx_word' id='word_1_90' title='bbox 1018 983 1331 1042; x_wconf 60' lang='lat' dir='ltr'><strong>revocandam,</strong></span> <span class='ocrx_word' id='word_1_91' title='bbox 1348 996 1448 1028; x_wconf 89' lang='lat' dir='ltr'><strong>esse</strong></span> <span class='ocrx_word' id='word_1_92' title='bbox 1488 984 1590 1043; x_wconf 90' lang='lat' dir='ltr'><strong>ipso</strong></span> 
     </span>
     <span class='ocr_line' id='line_1_13' title="bbox 0 1051 1592 1114; baseline 0 -16"><span class='ocrx_word' id='word_1_93' title='bbox 0 1054 6 1075; x_wconf 59' lang='lat'><em>³</em></span> <span class='ocrx_word' id='word_1_94' title='bbox 62 1052 327 1114; x_wconf 85' lang='lat' dir='ltr'><strong>Cleopatrae</strong></span> <span class='ocrx_word' id='word_1_95' title='bbox 354 1054 536 1099; x_wconf 90' lang='lat' dir='ltr'><strong>nomine</strong></span> <span class='ocrx_word' id='word_1_96' title='bbox 562 1051 858 1114; x_wconf 85' lang='lat' dir='ltr'><strong>significatur.</strong></span> <span class='ocrx_word' id='word_1_97' title='bbox 906 1053 1069 1099; x_wconf 90' lang='lat' dir='ltr'><strong>Verum</strong></span> <span class='ocrx_word' id='word_1_98' title='bbox 1092 1054 1191 1100; x_wconf 89' lang='lat' dir='ltr'><strong>aliis</strong></span> <span class='ocrx_word' id='word_1_99' title='bbox 1219 1056 1356 1100; x_wconf 90' lang='lat' dir='ltr'><strong>etiam</strong></span> <span class='ocrx_word' id='word_1_100' title='bbox 1382 1053 1592 1100; x_wconf 90' lang='lat' dir='ltr'><strong>certiori-</strong></span> 
     </span>
     <span class='ocr_line' id='line_1_14' title="bbox 63 1123 1591 1186; baseline 0 -17"><span class='ocrx_word' id='word_1_101' title='bbox 63 1124 147 1170; x_wconf 91' lang='lat' dir='ltr'><strong>bus</strong></span> <span class='ocrx_word' id='word_1_102' title='bbox 182 1124 387 1184; x_wconf 85' lang='lat' dir='ltr'><strong>vestigiis</strong></span> <span class='ocrx_word' id='word_1_103' title='bbox 422 1123 539 1169; x_wconf 87' lang='lat' dir='ltr'><strong>idem</strong></span> <span class='ocrx_word' id='word_1_104' title='bbox 566 1123 803 1184; x_wconf 85' lang='lat' dir='ltr'><strong>probatur.</strong></span> <span class='ocrx_word' id='word_1_105' title='bbox 850 1125 960 1171; x_wconf 90' lang='lat' dir='ltr'><strong>Nam</strong></span> <span class='ocrx_word' id='word_1_106' title='bbox 995 1132 1040 1170; x_wconf 90' lang='lat' dir='ltr'><strong>et</strong></span> <span class='ocrx_word' id='word_1_107' title='bbox 1072 1125 1119 1170; x_wconf 89' lang='lat' dir='ltr'><strong>in</strong></span> <span class='ocrx_word' id='word_1_108' title='bbox 1152 1124 1433 1186; x_wconf 89' lang='lat' dir='ltr'><strong>ponderibus</strong></span> <span class='ocrx_word' id='word_1_109' title='bbox 1469 1130 1513 1169; x_wconf 90' lang='lat' dir='ltr'><strong>et</strong></span> <span class='ocrx_word' id='word_1_110' title='bbox 1545 1124 1591 1169; x_wconf 88' lang='lat' dir='ltr'><strong>in</strong></span> 
     </span>
     <span class='ocr_line' id='line_1_15' title="bbox 63 1193 1592 1256; baseline 0 -16"><span class='ocrx_word' id='word_1_111' title='bbox 63 1195 287 1241; x_wconf 89' lang='lat' dir='ltr'><strong>mensuris</strong></span> <span class='ocrx_word' id='word_1_112' title='bbox 323 1193 466 1240; x_wconf 90' lang='lat' dir='ltr'><strong>multa</strong></span> <span class='ocrx_word' id='word_1_113' title='bbox 499 1195 553 1240; x_wconf 92' lang='lat' dir='ltr'><strong>ad</strong></span> <span class='ocrx_word' id='word_1_114' title='bbox 576 1194 826 1255; x_wconf 83' lang='lat' dir='ltr'><strong>Aegyptias</strong></span> <span class='ocrx_word' id='word_1_115' title='bbox 861 1195 1063 1241; x_wconf 89' lang='lat' dir='ltr'><strong>rationes</strong></span> <span class='ocrx_word' id='word_1_116' title='bbox 1095 1196 1339 1256; x_wconf 90' lang='lat' dir='ltr'><strong>pertinent.</strong></span> <span class='ocrx_word' id='word_1_117' title='bbox 1387 1193 1592 1256; x_wconf 85' lang='lat' dir='ltr'><strong>Quapro-</strong></span> 
     </span>
     <span class='ocr_line' id='line_1_16' title="bbox 0 1265 1592 1328; baseline 0 -18"><span class='ocrx_word' id='word_1_118' title='bbox 0 1288 6 1328; x_wconf 79' lang='lat'><strong>‚³</strong></span> <span class='ocrx_word' id='word_1_119' title='bbox 62 1272 193 1326; x_wconf 89' lang='lat' dir='ltr'><strong>pter,</strong></span> <span class='ocrx_word' id='word_1_120' title='bbox 229 1266 494 1326; x_wconf 86' lang='lat' dir='ltr'><strong>priusquam</strong></span> <span class='ocrx_word' id='word_1_121' title='bbox 531 1266 631 1326; x_wconf 89' lang='lat' dir='ltr'><strong>ipsa</strong></span> <span class='ocrx_word' id='word_1_122' title='bbox 662 1265 811 1310; x_wconf 91' lang='lat' dir='ltr'><strong>tabula</strong></span> <span class='ocrx_word' id='word_1_123' title='bbox 838 1265 1052 1326; x_wconf 87' lang='lat' dir='ltr'><strong>explicari</strong></span> <span class='ocrx_word' id='word_1_124' title='bbox 1079 1266 1251 1326; x_wconf 89' lang='lat' dir='ltr'><strong>possit,</strong></span> <span class='ocrx_word' id='word_1_125' title='bbox 1289 1265 1507 1312; x_wconf 90' lang='lat' dir='ltr'><strong>nonnulla</strong></span> <span class='ocrx_word' id='word_1_126' title='bbox 1545 1265 1592 1310; x_wconf 88' lang='lat' dir='ltr'><strong>in</strong></span> 
     </span>
     <span class='ocr_line' id='line_1_17' title="bbox 0 1335 1354 1396; baseline 0 -14"><span class='ocrx_word' id='word_1_127' title='bbox 0 1349 8 1369; x_wconf 52' lang='grc' dir='ltr'>ὲ</span> <span class='ocrx_word' id='word_1_128' title='bbox 63 1335 323 1382; x_wconf 88' lang='lat' dir='ltr'><strong>universum</strong></span> <span class='ocrx_word' id='word_1_129' title='bbox 349 1336 404 1381; x_wconf 91' lang='lat' dir='ltr'><strong>de</strong></span> <span class='ocrx_word' id='word_1_130' title='bbox 430 1349 483 1382; x_wconf 91' lang='lat' dir='ltr'><strong>eo</strong></span> <span class='ocrx_word' id='word_1_131' title='bbox 511 1341 780 1396; x_wconf 84' lang='lat' dir='ltr'><strong>argumento</strong></span> <span class='ocrx_word' id='word_1_132' title='bbox 803 1337 1032 1396; x_wconf 88' lang='lat' dir='ltr'><strong>praemitti</strong></span> <span class='ocrx_word' id='word_1_133' title='bbox 1059 1350 1246 1383; x_wconf 90' lang='lat' dir='ltr'><strong>necesse</strong></span> <span class='ocrx_word' id='word_1_134' title='bbox 1271 1343 1354 1382; x_wconf 92' lang='lat' dir='ltr'><strong>est.</strong></span> 
     </span>
    </p>
   </div>
   <div class='ocr_carea' id='block_1_3' title="bbox 188 1486 1463 1595">
    <p class='ocr_par' dir='ltr' id='par_1_4' title="bbox 188 1486 1463 1595">
     <span class='ocr_line' id='line_1_18' title="bbox 188 1486 1463 1541; baseline 0 -14"><span class='ocrx_word' id='word_1_135' title='bbox 188 1487 256 1528; x_wconf 85' lang='lat' dir='ltr'><strong>De</strong></span> <span class='ocrx_word' id='word_1_136' title='bbox 285 1488 575 1541; x_wconf 80' lang='lat' dir='ltr'><strong>antiquissima</strong></span> <span class='ocrx_word' id='word_1_137' title='bbox 604 1491 715 1527; x_wconf 82' lang='lat' dir='ltr'><strong>mina</strong></span> <span class='ocrx_word' id='word_1_138' title='bbox 744 1488 974 1541; x_wconf 65' lang='lat' dir='ltr'><strong>Aegyptia,</strong></span> <span class='ocrx_word' id='word_1_139' title='bbox 1008 1500 1115 1541; x_wconf 80' lang='lat' dir='ltr'><strong>quae</strong></span> <span class='ocrx_word' id='word_1_140' title='bbox 1146 1489 1188 1528; x_wconf 85' lang='lat' dir='ltr'><strong>in</strong></span> <span class='ocrx_word' id='word_1_141' title='bbox 1217 1488 1281 1528; x_wconf 73' lang='lat' dir='ltr'><strong>his</strong></span> <span class='ocrx_word' id='word_1_142' title='bbox 1313 1486 1463 1528; x_wconf 77' lang='lat' dir='ltr'><strong>tabulis</strong></span> 
     </span>
     <span class='ocr_line' id='line_1_19' title="bbox 561 1541 1088 1595; baseline 0 -11"><span class='ocrx_word' id='word_1_143' title='bbox 561 1541 866 1595; x_wconf 83' lang='grc' dir='ltr'>Πτολεμαῖκή</span> <span class='ocrx_word' id='word_1_144' title='bbox 898 1550 1088 1585; x_wconf 80' lang='lat' dir='ltr'><strong>vocatur.</strong></span> 
     </span>
    </p>
   </div>
   <div class='ocr_carea' id='block_1_4' title="bbox 1 1611 1677 2386">
    <p class='ocr_par' dir='ltr' id='par_1_5' title="bbox 1 1611 1677 2386">
     <span class='ocr_line' id='line_1_20' title="bbox 35 1611 1677 1681; baseline -0.003 -17"><span class='ocrx_word' id='word_1_145' title='bbox 35 1670 42 1673; x_wconf 46' lang='lat'><strong>,</strong></span> <span class='ocrx_word' id='word_1_146' title='bbox 168 1618 302 1664; x_wconf 90' lang='lat' dir='ltr'><strong>lnitio</strong></span> <span class='ocrx_word' id='word_1_147' title='bbox 337 1616 514 1663; x_wconf 90' lang='lat' dir='ltr'><strong>tabulae</strong></span> <span class='ocrx_word' id='word_1_148' title='bbox 546 1624 638 1664; x_wconf 91' lang='lat' dir='ltr'><strong>tres</strong></span> <span class='ocrx_word' id='word_1_149' title='bbox 665 1618 811 1664; x_wconf 90' lang='lat' dir='ltr'><strong>minae</strong></span> <span class='ocrx_word' id='word_1_150' title='bbox 836 1617 1182 1676; x_wconf 89' lang='lat' dir='ltr'><strong>describuntur,</strong></span> <span class='ocrx_word' id='word_1_151' title='bbox 1210 1633 1234 1664; x_wconf 90' lang='lat' dir='ltr'><strong>e</strong></span> <span class='ocrx_word' id='word_1_152' title='bbox 1262 1617 1427 1681; x_wconf 64' lang='lat' dir='ltr'><strong>quibus</strong></span> <span class='ocrx_word' id='word_1_153' title='bbox 1455 1619 1589 1663; x_wconf 89' lang='lat' dir='ltr'><strong>tertia</strong></span> <span class='ocrx_word' id='word_1_154' title='bbox 1612 1611 1677 1659; x_wconf 81' lang='lat'><strong>65</strong></span> 
     </span>
     <span class='ocr_line' id='line_1_21' title="bbox 60 1683 1590 1750; baseline -0.004 -12"><span class='ocrx_word' id='word_1_155' title='bbox 60 1683 398 1748; x_wconf 84' lang='grc' dir='ltr'>Πτολεμαϊκή</span> <span class='ocrx_word' id='word_1_156' title='bbox 420 1694 608 1735; x_wconf 89' lang='lat' dir='ltr'><strong>vocatur</strong></span> <span class='ocrx_word' id='word_1_157' title='bbox 628 1690 759 1749; x_wconf 90' lang='lat' dir='ltr'><strong>eique</strong></span> <span class='ocrx_word' id='word_1_158' title='bbox 778 1688 907 1734; x_wconf 90' lang='lat' dir='ltr'><strong>XVlll</strong></span> <span class='ocrx_word' id='word_1_159' title='bbox 926 1690 1085 1734; x_wconf 87' lang='lat' dir='ltr'><strong>unciae</strong></span> <span class='ocrx_word' id='word_1_160' title='bbox 1108 1689 1387 1750; x_wconf 82' lang='lat' dir='ltr'><strong>tribuuntur.</strong></span> <span class='ocrx_word' id='word_1_161' title='bbox 1427 1686 1590 1733; x_wconf 90' lang='lat' dir='ltr'><strong>Eadem</strong></span> 
     </span>
     <span class='ocr_line' id='line_1_22' title="bbox 62 1758 1591 1806; baseline -0.001 0"><span class='ocrx_word' id='word_1_162' title='bbox 62 1759 361 1806; x_wconf 78' lang='lat' dir='ltr'><strong>ptolemaicae</strong></span> <span class='ocrx_word' id='word_1_163' title='bbox 410 1761 556 1805; x_wconf 90' lang='lat' dir='ltr'><strong>minae</strong></span> <span class='ocrx_word' id='word_1_164' title='bbox 590 1758 791 1806; x_wconf 88' lang='lat' dir='ltr'><strong>definitio</strong></span> <span class='ocrx_word' id='word_1_165' title='bbox 829 1759 964 1805; x_wconf 85' lang='lat' dir='ltr'><strong>etiam</strong></span> <span class='ocrx_word' id='word_1_166' title='bbox 998 1759 1044 1804; x_wconf 91' lang='lat' dir='ltr'><strong>in</strong></span> <span class='ocrx_word' id='word_1_167' title='bbox 1076 1759 1250 1806; x_wconf 92' lang='lat' dir='ltr'><strong>duabus</strong></span> <span class='ocrx_word' id='word_1_168' title='bbox 1287 1759 1385 1804; x_wconf 87' lang='lat' dir='ltr'><strong>aliis</strong></span> <span class='ocrx_word' id='word_1_169' title='bbox 1423 1758 1591 1804; x_wconf 89' lang='lat' dir='ltr'><strong>tabulis</strong></span> 
     </span>
     <span class='ocr_line' id='line_1_23' title="bbox 2 1829 1591 1891; baseline 0 -17"><span class='ocrx_word' id='word_1_170' title='bbox 2 1851 8 1856; x_wconf 94' lang='lat'>·</span> <span class='ocrx_word' id='word_1_171' title='bbox 62 1829 171 1889; x_wconf 90' lang='lat' dir='ltr'><strong>(Vll,</strong></span> <span class='ocrx_word' id='word_1_172' title='bbox 201 1832 269 1875; x_wconf 88' lang='lat'><strong>11.</strong></span> <span class='ocrx_word' id='word_1_173' title='bbox 294 1830 367 1887; x_wconf 90' lang='lat' dir='ltr'><strong>XI,</strong></span> <span class='ocrx_word' id='word_1_174' title='bbox 401 1829 442 1888; x_wconf 93' lang='lat'><strong>1)</strong></span> <span class='ocrx_word' id='word_1_175' title='bbox 469 1830 712 1891; x_wconf 90' lang='lat' dir='ltr'><strong>reperitur.</strong></span> <span class='ocrx_word' id='word_1_176' title='bbox 773 1831 862 1875; x_wconf 91' lang='lat' dir='ltr'><strong>lam</strong></span> <span class='ocrx_word' id='word_1_177' title='bbox 893 1830 1154 1890; x_wconf 90' lang='lat' dir='ltr'><strong>quaeritur,</strong></span> <span class='ocrx_word' id='word_1_178' title='bbox 1185 1829 1317 1891; x_wconf 90' lang='lat' dir='ltr'><strong>quale</strong></span> <span class='ocrx_word' id='word_1_179' title='bbox 1342 1829 1385 1874; x_wconf 93' lang='lat' dir='ltr'><strong>id</strong></span> <span class='ocrx_word' id='word_1_180' title='bbox 1410 1829 1591 1890; x_wconf 90' lang='lat' dir='ltr'><strong>pondus</strong></span> 
     </span>
     <span class='ocr_line' id='line_1_24' title="bbox 1 1892 1592 1962; baseline -0.001 -15"><span class='ocrx_word' id='word_1_181' title='bbox 1 1892 6 1899; x_wconf 54' lang='lat'>¹</span> <span class='ocrx_word' id='word_1_182' title='bbox 62 1907 201 1962; x_wconf 88' lang='lat' dir='ltr'><strong>atque</strong></span> <span class='ocrx_word' id='word_1_183' title='bbox 225 1901 342 1947; x_wconf 91' lang='lat' dir='ltr'><strong>unde</strong></span> <span class='ocrx_word' id='word_1_184' title='bbox 370 1907 521 1946; x_wconf 88' lang='lat' dir='ltr'><strong>ortum</strong></span> <span class='ocrx_word' id='word_1_185' title='bbox 547 1914 649 1946; x_wconf 92' lang='lat' dir='ltr'><strong>esse</strong></span> <span class='ocrx_word' id='word_1_186' title='bbox 680 1900 901 1946; x_wconf 88' lang='lat' dir='ltr'><strong>videatur.</strong></span> <span class='ocrx_word' id='word_1_187' title='bbox 955 1900 1009 1946; x_wconf 90' lang='lat' dir='ltr'><strong>Ut</strong></span> <span class='ocrx_word' id='word_1_188' title='bbox 1043 1907 1195 1946; x_wconf 89' lang='lat' dir='ltr'><strong>autem</strong></span> <span class='ocrx_word' id='word_1_189' title='bbox 1222 1916 1246 1946; x_wconf 90' lang='lat' dir='ltr'><strong>a</strong></span> <span class='ocrx_word' id='word_1_190' title='bbox 1275 1900 1414 1946; x_wconf 88' lang='lat' dir='ltr'><strong>certis</strong></span> <span class='ocrx_word' id='word_1_191' title='bbox 1444 1899 1592 1946; x_wconf 72' lang='lat' dir='ltr'><strong>ordia-</strong></span> 
     </span>
     <span class='ocr_line' id='line_1_25' title="bbox 63 1970 1591 2031; baseline -0.001 -14"><span class='ocrx_word' id='word_1_192' title='bbox 63 1987 182 2031; x_wconf 88' lang='lat' dir='ltr'><strong>mur,</strong></span> <span class='ocrx_word' id='word_1_193' title='bbox 210 1986 263 2018; x_wconf 84' lang='lat' dir='ltr'><strong>ex</strong></span> <span class='ocrx_word' id='word_1_194' title='bbox 288 1973 420 2017; x_wconf 88' lang='lat' dir='ltr'><strong>uncia</strong></span> <span class='ocrx_word' id='word_1_195' title='bbox 443 1971 640 2018; x_wconf 86' lang='lat' dir='ltr'><strong>Romana</strong></span> <span class='ocrx_word' id='word_1_196' title='bbox 662 1970 861 2018; x_wconf 89' lang='lat' dir='ltr'><strong>calculos</strong></span> <span class='ocrx_word' id='word_1_197' title='bbox 888 1971 1204 2017; x_wconf 88' lang='lat' dir='ltr'><strong>subducamus.</strong></span> <span class='ocrx_word' id='word_1_198' title='bbox 1257 1970 1463 2017; x_wconf 80' lang='lat' dir='ltr'><strong>Eslicitur</strong></span> <span class='ocrx_word' id='word_1_199' title='bbox 1487 1970 1591 2016; x_wconf 89' lang='lat' dir='ltr'><strong>inde</strong></span> 
     </span>
     <span class='ocr_line' id='line_1_26' title="bbox 63 2041 1592 2103; baseline -0.001 -15"><span class='ocrx_word' id='word_1_200' title='bbox 63 2043 208 2089; x_wconf 86' lang='lat' dir='ltr'><strong>minae</strong></span> <span class='ocrx_word' id='word_1_201' title='bbox 236 2043 443 2103; x_wconf 87' lang='lat' dir='ltr'><strong>pondus,</strong></span> <span class='ocrx_word' id='word_1_202' title='bbox 484 2041 742 2103; x_wconf 12' lang='lat' dir='ltr'><strong>quodlquin</strong></span> <span class='ocrx_word' id='word_1_203' title='bbox 769 2042 979 2102; x_wconf 90' lang='lat' dir='ltr'><strong>antiquae</strong></span> <span class='ocrx_word' id='word_1_204' title='bbox 1004 2043 1218 2103; x_wconf 82' lang='lat' dir='ltr'><strong>Assyriae</strong></span> <span class='ocrx_word' id='word_1_205' title='bbox 1246 2042 1392 2098; x_wconf 87' lang='lat' dir='ltr'><strong>minae</strong></span> <span class='ocrx_word' id='word_1_206' title='bbox 1424 2055 1592 2100; x_wconf 85' lang='lat' dir='ltr'><strong>cogna-</strong></span> 
     </span>
     <span class='ocr_line' id='line_1_27' title="bbox 6 2106 1591 2172; baseline -0.001 -13"><span class='ocrx_word' id='word_1_207' title='bbox 6 2106 8 2108; x_wconf 51' lang='grc'>’</span> <span class='ocrx_word' id='word_1_208' title='bbox 64 2120 161 2160; x_wconf 87' lang='lat' dir='ltr'><strong>tum</strong></span> <span class='ocrx_word' id='word_1_209' title='bbox 196 2113 257 2159; x_wconf 92' lang='lat' dir='ltr'><strong>sit</strong></span> <span class='ocrx_word' id='word_1_210' title='bbox 282 2113 392 2158; x_wconf 90' lang='lat' dir='ltr'><strong>mihi</strong></span> <span class='ocrx_word' id='word_1_211' title='bbox 420 2113 598 2172; x_wconf 86' lang='lat' dir='ltr'><strong>quidem</strong></span> <span class='ocrx_word' id='word_1_212' title='bbox 632 2127 725 2159; x_wconf 90' lang='lat' dir='ltr'><strong>non</strong></span> <span class='ocrx_word' id='word_1_213' title='bbox 752 2112 939 2158; x_wconf 91' lang='lat' dir='ltr'><strong>dubium</strong></span> <span class='ocrx_word' id='word_1_214' title='bbox 966 2112 1142 2158; x_wconf 89' lang='lat' dir='ltr'><strong>videtur</strong></span> <span class='ocrx_word' id='word_1_215' title='bbox 1156 2109 1202 2172; x_wconf 84' lang='lat'><strong>¹).</strong></span> <span class='ocrx_word' id='word_1_216' title='bbox 1252 2112 1334 2158; x_wconf 90' lang='lat' dir='ltr'><strong>Hic</strong></span> <span class='ocrx_word' id='word_1_217' title='bbox 1358 2111 1591 2172; x_wconf 81' lang='lat' dir='ltr'><strong>Assyriam</strong></span> 
     </span>
     <span class='ocr_line' id='line_1_28' title="bbox 63 2182 1590 2244; baseline -0.001 -14"><span class='ocrx_word' id='word_1_218' title='bbox 63 2184 155 2230; x_wconf 85' lang='lat' dir='ltr'><strong>sive</strong></span> <span class='ocrx_word' id='word_1_219' title='bbox 180 2183 473 2244; x_wconf 84' lang='lat' dir='ltr'><strong>Babyloniam</strong></span> <span class='ocrx_word' id='word_1_220' title='bbox 504 2182 624 2228; x_wconf 87' lang='lat' dir='ltr'><strong>illam</strong></span> <span class='ocrx_word' id='word_1_221' title='bbox 654 2184 819 2230; x_wconf 88' lang='lat' dir='ltr'><strong>minam</strong></span> <span class='ocrx_word' id='word_1_222' title='bbox 846 2183 975 2242; x_wconf 89' lang='lat' dir='ltr'><strong>dico,</strong></span> <span class='ocrx_word' id='word_1_223' title='bbox 1012 2184 1142 2230; x_wconf 90' lang='lat' dir='ltr'><strong>cuius</strong></span> <span class='ocrx_word' id='word_1_224' title='bbox 1179 2190 1384 2229; x_wconf 84' lang='lat' dir='ltr'><strong>exactum</strong></span> <span class='ocrx_word' id='word_1_225' title='bbox 1410 2183 1590 2244; x_wconf 89' lang='lat' dir='ltr'><strong>pondus</strong></span> 
     </span>
     <span class='ocr_line' id='line_1_29' title="bbox 60 2253 1590 2315; baseline -0.002 -14"><span class='ocrx_word' id='word_1_226' title='bbox 60 2268 118 2301; x_wconf 79' lang='lat' dir='ltr'><strong>ex</strong></span> <span class='ocrx_word' id='word_1_227' title='bbox 150 2254 301 2301; x_wconf 88' lang='lat' dir='ltr'><strong>aeneis</strong></span> <span class='ocrx_word' id='word_1_228' title='bbox 326 2253 534 2300; x_wconf 89' lang='lat' dir='ltr'><strong>leonibus</strong></span> <span class='ocrx_word' id='word_1_229' title='bbox 569 2256 922 2315; x_wconf 90' lang='lat' dir='ltr'><strong>marmoreisque</strong></span> <span class='ocrx_word' id='word_1_230' title='bbox 949 2254 1157 2300; x_wconf 90' lang='lat' dir='ltr'><strong>anatibus</strong></span> <span class='ocrx_word' id='word_1_231' title='bbox 1183 2253 1285 2300; x_wconf 86' lang='lat' dir='ltr'><strong>Nini</strong></span> <span class='ocrx_word' id='word_1_232' title='bbox 1309 2253 1521 2313; x_wconf 81' lang='lat' dir='ltr'><strong>Assyriae</strong></span> <span class='ocrx_word' id='word_1_233' title='bbox 1545 2255 1590 2298; x_wconf 87' lang='lat' dir='ltr'><strong>in</strong></span> 
     </span>
     <span class='ocr_line' id='line_1_30' title="bbox 65 2322 1590 2386; baseline -0.001 -15"><span class='ocrx_word' id='word_1_234' title='bbox 65 2325 176 2372; x_wconf 89' lang='lat' dir='ltr'><strong>urbe</strong></span> <span class='ocrx_word' id='word_1_235' title='bbox 210 2339 357 2386; x_wconf 89' lang='lat' dir='ltr'><strong>nuper</strong></span> <span class='ocrx_word' id='word_1_236' title='bbox 392 2324 585 2370; x_wconf 90' lang='lat' dir='ltr'><strong>inventis</strong></span> <span class='ocrx_word' id='word_1_237' title='bbox 624 2325 909 2385; x_wconf 81' lang='lat' dir='ltr'><strong>exploratum</strong></span> <span class='ocrx_word' id='word_1_238' title='bbox 945 2322 1076 2384; x_wconf 83' lang='lat' dir='ltr'><strong>est²).</strong></span> <span class='ocrx_word' id='word_1_239' title='bbox 1125 2323 1259 2379; x_wconf 76' lang='grc' dir='ltr'>Ὀιιοά</span> <span class='ocrx_word' id='word_1_240' title='bbox 1295 2324 1452 2385; x_wconf 86' lang='lat' dir='ltr'><strong>quanti</strong></span> <span class='ocrx_word' id='word_1_241' title='bbox 1492 2337 1590 2369; x_wconf 93' lang='lat' dir='ltr'><strong>mo-</strong></span> 
     </span>
    </p>
   </div>
   <div class='ocr_carea' id='block_1_5' title="bbox 57 2510 1590 3022">
    <p class='ocr_par' dir='ltr' id='par_1_6' title="bbox 57 2510 1589 2684">
     <span class='ocr_line' id='line_1_31' title="bbox 62 2510 1587 2571; baseline -0.002 -11"><span class='ocrx_word' id='word_1_242' title='bbox 62 2523 238 2569; x_wconf 83' lang='lat' dir='ltr'><strong>centur,</strong></span> <span class='ocrx_word' id='word_1_243' title='bbox 270 2521 459 2559; x_wconf 83' lang='lat' dir='ltr'><strong>manent</strong></span> <span class='ocrx_word' id='word_1_244' title='bbox 488 2518 750 2570; x_wconf 83' lang='lat' dir='ltr'><strong>gravissimi</strong></span> <span class='ocrx_word' id='word_1_245' title='bbox 780 2518 1018 2571; x_wconf 84' lang='lat' dir='ltr'><strong>scriptoris</strong></span> <span class='ocrx_word' id='word_1_246' title='bbox 1049 2530 1245 2558; x_wconf 86' lang='lat' dir='ltr'><strong>errores:</strong></span> <span class='ocrx_word' id='word_1_247' title='bbox 1278 2515 1304 2558; x_wconf 85' lang='grc' dir='ltr'>ὁ</span> <span class='ocrx_word' id='word_1_248' title='bbox 1325 2517 1437 2567; x_wconf 77' lang='grc' dir='ltr'>χοῦ(</span> <span class='ocrx_word' id='word_1_249' title='bbox 1460 2514 1510 2571; x_wconf 71' lang='grc' dir='ltr'><strong>ξε</strong></span> <span class='ocrx_word' id='word_1_250' title='bbox 1530 2510 1587 2569; x_wconf 85' lang='grc' dir='ltr'><strong>η’,</strong></span> 
     </span>
     <span class='ocr_line' id='line_1_32' title="bbox 62 2568 1589 2627; baseline -0.001 -11"><span class='ocrx_word' id='word_1_251' title='bbox 62 2574 132 2618; x_wconf 81' lang='grc' dir='ltr'><strong>ὡ(</strong></span> <span class='ocrx_word' id='word_1_252' title='bbox 161 2574 285 2627; x_wconf 81' lang='grc' dir='ltr'>ἔχειν</span> <span class='ocrx_word' id='word_1_253' title='bbox 314 2573 403 2615; x_wconf 86' lang='grc' dir='ltr'><strong>τὸν</strong></span> <span class='ocrx_word' id='word_1_254' title='bbox 435 2573 653 2625; x_wconf 78' lang='grc' dir='ltr'>μέδιμνον</span> <span class='ocrx_word' id='word_1_255' title='bbox 681 2596 739 2604; x_wconf 91' lang='lat'><strong>—-</strong></span> <span class='ocrx_word' id='word_1_256' title='bbox 760 2572 808 2625; x_wconf 68' lang='grc' dir='ltr'><strong>ξε</strong></span> <span class='ocrx_word' id='word_1_257' title='bbox 838 2568 965 2627; x_wconf 64' lang='grc' dir='ltr'>ρ[;β’,</span> <span class='ocrx_word' id='word_1_258' title='bbox 998 2579 1044 2614; x_wconf 83' lang='lat' dir='ltr'><strong>et</strong></span> <span class='ocrx_word' id='word_1_259' title='bbox 1075 2573 1101 2615; x_wconf 86' lang='grc' dir='ltr'>ὁ</span> <span class='ocrx_word' id='word_1_260' title='bbox 1131 2572 1182 2614; x_wconf 81' lang='grc' dir='ltr'><strong>δὲ</strong></span> <span class='ocrx_word' id='word_1_261' title='bbox 1210 2573 1354 2625; x_wconf 87' lang='grc' dir='ltr'>χοῖνιξ</span> <span class='ocrx_word' id='word_1_262' title='bbox 1386 2571 1589 2615; x_wconf 75' lang='grc' dir='ltr'>κοτύλας</span> 
     </span>
     <span class='ocr_line' id='line_1_33' title="bbox 57 2626 1290 2684; baseline 0.001 -12"><span class='ocrx_word' id='word_1_263' title='bbox 57 2626 106 2682; x_wconf 72' lang='grc' dir='ltr'><strong>γ’</strong></span> <span class='ocrx_word' id='word_1_264' title='bbox 138 2632 259 2684; x_wconf 90' lang='lat' dir='ltr'><strong>(cum</strong></span> <span class='ocrx_word' id='word_1_265' title='bbox 291 2635 431 2671; x_wconf 85' lang='lat' dir='ltr'><strong>antea</strong></span> <span class='ocrx_word' id='word_1_266' title='bbox 461 2630 647 2683; x_wconf 89' lang='lat' dir='ltr'><strong>duplam</strong></span> <span class='ocrx_word' id='word_1_267' title='bbox 678 2631 944 2671; x_wconf 88' lang='lat' dir='ltr'><strong>choenicem</strong></span> <span class='ocrx_word' id='word_1_268' title='bbox 975 2629 1290 2682; x_wconf 77' lang='lat' dir='ltr'><strong>intellexerit).</strong></span> 
     </span>
    </p>

    <p class='ocr_par' dir='ltr' id='par_1_7' title="bbox 59 2687 1590 2966">
     <span class='ocr_line' id='line_1_34' title="bbox 179 2687 1590 2740; baseline -0.002 -11"><span class='ocrx_word' id='word_1_269' title='bbox 179 2688 224 2740; x_wconf 92' lang='lat'><strong>1)</strong></span> <span class='ocrx_word' id='word_1_270' title='bbox 261 2688 441 2729; x_wconf 88' lang='lat' dir='ltr'><strong>Unciae</strong></span> <span class='ocrx_word' id='word_1_271' title='bbox 491 2687 726 2727; x_wconf 82' lang='lat' dir='ltr'><strong>Romanae</strong></span> <span class='ocrx_word' id='word_1_272' title='bbox 768 2688 820 2728; x_wconf 83' lang='lat'><strong>18</strong></span> <span class='ocrx_word' id='word_1_273' title='bbox 860 2687 1041 2727; x_wconf 83' lang='lat' dir='ltr'><strong>faciunt</strong></span> <span class='ocrx_word' id='word_1_274' title='bbox 1080 2699 1270 2740; x_wconf 87' lang='lat' dir='ltr'><strong>gramm.</strong></span> <span class='ocrx_word' id='word_1_275' title='bbox 1307 2688 1415 2737; x_wconf 88' lang='lat'><strong>491,</strong></span> <span class='ocrx_word' id='word_1_276' title='bbox 1465 2687 1590 2727; x_wconf 85' lang='lat' dir='ltr'><strong>mina</strong></span> 
     </span>
     <span class='ocr_line' id='line_1_35' title="bbox 68 2743 1588 2796; baseline -0.001 -12"><span class='ocrx_word' id='word_1_277' title='bbox 68 2747 219 2784; x_wconf 83' lang='lat' dir='ltr'><strong>autem</strong></span> <span class='ocrx_word' id='word_1_278' title='bbox 262 2743 521 2796; x_wconf 84' lang='lat' dir='ltr'><strong>Babylonia</strong></span> <span class='ocrx_word' id='word_1_279' title='bbox 565 2743 707 2783; x_wconf 85' lang='lat' dir='ltr'><strong>habet</strong></span> <span class='ocrx_word' id='word_1_280' title='bbox 745 2756 932 2795; x_wconf 82' lang='lat' dir='ltr'><strong>gramm.</strong></span> <span class='ocrx_word' id='word_1_281' title='bbox 966 2745 1061 2784; x_wconf 89' lang='lat'>510.</span> <span class='ocrx_word' id='word_1_282' title='bbox 1120 2743 1321 2783; x_wconf 82' lang='lat' dir='ltr'><strong>Interest</strong></span> <span class='ocrx_word' id='word_1_283' title='bbox 1358 2755 1471 2783; x_wconf 88' lang='lat' dir='ltr'><strong>sane</strong></span> <span class='ocrx_word' id='word_1_284' title='bbox 1504 2743 1588 2783; x_wconf 88' lang='lat' dir='ltr'><strong>ali·</strong></span> 
     </span>
     <span class='ocr_line' id='line_1_36' title="bbox 59 2798 1590 2853; baseline -0.001 -13"><span class='ocrx_word' id='word_1_285' title='bbox 59 2800 356 2853; x_wconf 84' lang='lat' dir='ltr'><strong>quantulum,</strong></span> <span class='ocrx_word' id='word_1_286' title='bbox 388 2800 470 2840; x_wconf 84' lang='lat' dir='ltr'><strong>sed</strong></span> <span class='ocrx_word' id='word_1_287' title='bbox 500 2799 709 2853; x_wconf 89' lang='lat' dir='ltr'><strong>plurimis</strong></span> <span class='ocrx_word' id='word_1_288' title='bbox 741 2800 795 2841; x_wconf 89' lang='lat' dir='ltr'><strong>de</strong></span> <span class='ocrx_word' id='word_1_289' title='bbox 829 2800 1030 2851; x_wconf 87' lang='lat' dir='ltr'><strong>caussis,</strong></span> <span class='ocrx_word' id='word_1_290' title='bbox 1063 2812 1175 2852; x_wconf 89' lang='lat' dir='ltr'><strong>quas</strong></span> <span class='ocrx_word' id='word_1_291' title='bbox 1206 2799 1284 2840; x_wconf 89' lang='lat' dir='ltr'><strong>hic</strong></span> <span class='ocrx_word' id='word_1_292' title='bbox 1314 2798 1362 2839; x_wconf 88' lang='lat' dir='ltr'><strong>in</strong></span> <span class='ocrx_word' id='word_1_293' title='bbox 1391 2799 1590 2840; x_wconf 77' lang='lat' dir='ltr'><strong>medium</strong></span> 
     </span>
     <span class='ocr_line' id='line_1_37' title="bbox 67 2856 1589 2910; baseline -0.001 -14"><span class='ocrx_word' id='word_1_294' title='bbox 67 2857 272 2909; x_wconf 84' lang='lat' dir='ltr'><strong>proferre</strong></span> <span class='ocrx_word' id='word_1_295' title='bbox 302 2869 392 2897; x_wconf 91' lang='lat' dir='ltr'><strong>non</strong></span> <span class='ocrx_word' id='word_1_296' title='bbox 421 2869 626 2910; x_wconf 88' lang='lat' dir='ltr'><strong>possum,</strong></span> <span class='ocrx_word' id='word_1_297' title='bbox 657 2856 774 2896; x_wconf 81' lang='lat' dir='ltr'><strong>haec</strong></span> <span class='ocrx_word' id='word_1_298' title='bbox 805 2856 894 2896; x_wconf 88' lang='lat' dir='ltr'><strong>duo</strong></span> <span class='ocrx_word' id='word_1_299' title='bbox 924 2856 1128 2909; x_wconf 83' lang='lat' dir='ltr'><strong>pondera</strong></span> <span class='ocrx_word' id='word_1_300' title='bbox 1157 2858 1277 2896; x_wconf 86' lang='lat' dir='ltr'><strong>inter</strong></span> <span class='ocrx_word' id='word_1_301' title='bbox 1306 2869 1355 2896; x_wconf 86' lang='lat' dir='ltr'><strong>se</strong></span> <span class='ocrx_word' id='word_1_302' title='bbox 1389 2859 1589 2909; x_wconf 76' lang='lat' dir='ltr'><strong>cognata</strong></span> 
     </span>
     <span class='ocr_line' id='line_1_38' title="bbox 64 2912 1586 2966; baseline -0.002 -13"><span class='ocrx_word' id='word_1_303' title='bbox 64 2925 171 2954; x_wconf 77' lang='lat' dir='ltr'><strong>esse</strong></span> <span class='ocrx_word' id='word_1_304' title='bbox 191 2913 425 2966; x_wconf 86' lang='lat' dir='ltr'><strong>probatur.</strong></span> <span class='ocrx_word' id='word_1_305' title='bbox 474 2913 624 2954; x_wconf 89' lang='lat' dir='ltr'><strong>Unum</strong></span> <span class='ocrx_word' id='word_1_306' title='bbox 646 2913 763 2966; x_wconf 89' lang='lat' dir='ltr'><strong>quod</strong></span> <span class='ocrx_word' id='word_1_307' title='bbox 783 2912 872 2953; x_wconf 86' lang='lat' dir='ltr'><strong>huc</strong></span> <span class='ocrx_word' id='word_1_308' title='bbox 894 2914 1129 2966; x_wconf 79' lang='lat' dir='ltr'><strong>pertineat</strong></span> <span class='ocrx_word' id='word_1_309' title='bbox 1149 2913 1280 2966; x_wconf 84' lang='lat' dir='ltr'><strong>leges</strong></span> <span class='ocrx_word' id='word_1_310' title='bbox 1304 2912 1407 2955; x_wconf 85' lang='lat' dir='ltr'><strong>adn.</strong></span> <span class='ocrx_word' id='word_1_311' title='bbox 1423 2914 1451 2952; x_wconf 86' lang='lat'>4</span> <span class='ocrx_word' id='word_1_312' title='bbox 1473 2916 1586 2952; x_wconf 80' lang='lat' dir='ltr'><strong>extr.</strong></span> 
     </span>
    </p>

    <p class='ocr_par' dir='ltr' id='par_1_8' title="bbox 179 2969 1589 3022">
     <span class='ocr_line' id='line_1_39' title="bbox 179 2969 1589 3022; baseline -0.002 -12"><span class='ocrx_word' id='word_1_313' title='bbox 179 2969 224 3021; x_wconf 84' lang='lat'><strong>2)</strong></span> <span class='ocrx_word' id='word_1_314' title='bbox 255 2970 450 3011; x_wconf 85' lang='lat' dir='ltr'><strong>Inventa</strong></span> <span class='ocrx_word' id='word_1_315' title='bbox 480 2973 586 3010; x_wconf 81' lang='lat' dir='ltr'><strong>sunt</strong></span> <span class='ocrx_word' id='word_1_316' title='bbox 613 2969 731 3010; x_wconf 85' lang='lat' dir='ltr'><strong>haec</strong></span> <span class='ocrx_word' id='word_1_317' title='bbox 762 2969 965 3022; x_wconf 84' lang='lat' dir='ltr'><strong>pondera</strong></span> <span class='ocrx_word' id='word_1_318' title='bbox 994 2970 1040 3009; x_wconf 89' lang='lat' dir='ltr'><strong>in</strong></span> <span class='ocrx_word' id='word_1_319' title='bbox 1070 2970 1213 3010; x_wconf 88' lang='lat' dir='ltr'><strong>ruinis</strong></span> <span class='ocrx_word' id='word_1_320' title='bbox 1234 2970 1342 3010; x_wconf 87' lang='lat' dir='ltr'><strong>Nini</strong></span> <span class='ocrx_word' id='word_1_321' title='bbox 1364 2982 1391 3009; x_wconf 85' lang='lat' dir='ltr'><strong>a</strong></span> <span class='ocrx_word' id='word_1_322' title='bbox 1413 2969 1589 3020; x_wconf 86' lang='lat' dir='ltr'><strong>Layar-</strong></span> 
     </span>
    </p>
   </div>
  </div>
 </body>
</html>
