1946 3220
295 145 395 198 138
733 160 1010 195 ExcnRPTA
1043 162 1110 194 nx
1148 161 1384 196 1s1nono.
1575 194 1578 198 .
1684 143 1809 216 [138]
1832 131 1936 206 μ’

292 273 422 324 cellit
468 286 555 336 pes
598 269 836 327 manualis
873 270 1049 335 pedem
1087 270 1385 329 naturalem,
1434 278 1669 335 quantum
1706 272 1812 337 pol-

292 358 370 407 lex
407 359 456 405 in
494 353 851 422 longitudinem
878 354 1104 418 protendi
1131 360 1307 419 potest.
1347 354 1572 405 similiter
1599 363 1647 406 et
1672 356 1810 407 cubi·

292 449 385 492 tus,
462 454 575 489 nam
622 453 748 487 unus
794 437 987 488 cubitus
1025 446 1098 489 est
1135 441 1219 502 qui
1255 438 1543 489 naturaliter
1581 455 1607 489 a
1646 440 1812 490 cubito

293 526 350 575 ad
411 524 674 588 digitorum
731 524 1061 572 summitatem
1118 538 1274 588 usque
1322 524 1592 587 pertendit:
1656 523 1814 589 qualis

232 620 259 658 5
292 615 395 659 erat
432 608 626 658 cubitus
665 622 762 671 quo
801 622 914 656 arca
954 609 1245 664 testamenti,
1287 623 1433 673 quam
1461 608 1652 673 Moyses
1678 610 1812 659 iussu

292 694 369 743 dei
406 693 605 749 fecerat,
646 690 805 740 fuerat
843 698 1141 742 mensurata.
1209 691 1331 742 alius
1370 691 1562 742 cubitus
1601 699 1688 749 est,
1730 694 1811 757 qui

291 786 338 828 et
375 778 531 827 maior
581 776 783 832 dicitur,
837 791 932 839 quo
981 791 1092 825 arca
1142 776 1275 826 Noae
1324 777 1549 826 demetita
1594 792 1702 827 esse
1740 777 1811 826 di-

289 863 523 918 noscitur,
566 861 647 924 qui
684 859 887 908 brachio
927 866 1128 910 extenso
1162 868 1265 910 toto
1304 860 1468 910 cubito
1497 862 1642 926 capiti
1666 877 1810 927 prae-

287 946 384 996 lato
433 961 485 996 se
535 960 642 994 esse
690 945 1007 994 demonstrat.
1084 946 1154 994 sic
1203 947 1347 994 etiam
1388 951 1436 993 et
1471 961 1642 1010 passus
1681 946 1810 1010 apud

204 1040 258 1080 10
289 1032 513 1095 antiquos
561 1027 820 1092 dupliciter
866 1028 1041 1078 haberi
1087 1029 1334 1079 uidentur.
1412 1032 1590 1080 etenim
1638 1045 1810 1095 passus

288 1116 465 1166 dicitur
513 1114 645 1178 quod
695 1113 886 1162 duobus
935 1113 1183 1177 gressibus
1220 1114 1487 1176 gradiendo
1529 1114 1806 1169 conticitum

285 1215 458 1266 passus
508 1201 649 1249 etiam
702 1197 879 1247 dicitur
924 1205 1159 1262 quantum
1199 1197 1437 1248 ambobus
1474 1198 1687 1248 brachiis
1725 1214 1807 1248 ex-

217 1291 220 1295 ’
280 1286 433 1335 tensis
469 1285 599 1334 inter
638 1281 947 1345 longissimos
986 1283 1163 1346 digitos
1203 1288 1287 1332 est.
1353 1288 1503 1332 status
1539 1289 1699 1332 autem
1737 1289 1810 1332 est

285 1372 430 1419 unius
469 1369 704 1431 cuiusque
742 1366 960 1415 altitudo.

200 1475 255 1514 15
394 1466 475 1517 17.
516 1465 641 1515 Illud
683 1467 861 1514 etenim
902 1466 1153 1516 sciendum
1194 1471 1279 1523 est,
1325 1467 1436 1530 quia
1474 1473 1585 1514 sunt
1611 1480 1807 1515 mensu·
1859 1536 1864 1542 1

285 1568 370 1602 rae
410 1567 533 1616 quae
572 1550 631 1599 ad
670 1551 880 1599 viatores
917 1565 1003 1599 seu
1043 1551 1100 1600 ad
1141 1565 1368 1599 cursores
1393 1551 1654 1614 pertinent.
1717 1551 1807 1598 mi-

283 1637 411 1685 nima
459 1650 574 1700 pars
612 1633 818 1684 stadium
858 1639 954 1691 est,
1006 1634 1192 1684 habens
1231 1649 1403 1698 passus
1443 1633 1621 1683 CXXV.
1698 1639 1806 1683 octo

229 1780 239 1787 .
285 1721 436 1770 stadia
463 1718 725 1768 miliarium
751 1718 979 1775 reddunt,
1020 1717 1154 1767 mille
1183 1733 1356 1782 passus
1382 1717 1660 1767 habentem.
1713 1719 1807 1766 mi-

283 1805 452 1853 liarius
491 1808 537 1852 et
575 1803 802 1851 dimidius
840 1802 967 1867 apud
1008 1802 1170 1853 Gallos
1206 1802 1395 1852 leuvam
1433 1804 1576 1859 facit,
1623 1800 1804 1851 haben-

199 1898 253 1936 20
282 1895 380 1939 tem
428 1901 602 1953 passus
648 1885 781 1936 mille
819 1888 1128 1951 quingentos,
1207 1887 1331 1936 duae
1368 1886 1537 1936 leuvae
1575 1888 1675 1935 sive
1713 1887 1805 1935 mi-

282 1972 409 2022 liarii
446 1978 550 2020 tres
588 1971 717 2034 apud
757 1971 1028 2022 Germanos
1066 1987 1212 2021 unam
1253 1978 1432 2021 rastam
1473 1971 1704 2020 efficiunt.

982 2166 1096 2218 138.

786 2267 868 2306 DE
900 2266 1303 2307 PONDERIBUS.

390 2365 434 2416 1.
474 2364 755 2417 Ponderum
793 2380 907 2429 pars
945 2366 1149 2434 minima·
1185 2364 1398 2414 calc-ulus
1437 2370 1523 2421 est,
1564 2366 1647 2429 qui
1685 2379 1803 2414 con-

196 2467 251 2506 25
282 2457 374 2500 stat
413 2467 471 2500 ex
511 2451 676 2514 granis
715 2450 889 2499 ciceris
930 2449 1135 2507 duobus,
1179 2456 1226 2499 et
1263 2450 1390 2514 apud
1429 2450 1664 2514 quosdam
1704 2447 1802 2497 sili·

281 2551 373 2598 qua
423 2539 680 2598 pensante,
730 2549 853 2598 quae
902 2533 1057 2583 tribus
1108 2535 1274 2598 granis
1310 2534 1483 2583 hordei
1522 2533 1802 2583 declaratur

281 2620 329 2666 in
367 2619 602 2681 pondere.

392 2802 432 2842 2.
463 2800 746 2853 longitudine
782 2801 816 2841 G
931 2803 968 2841 7.
1002 2800 1143 2841 archa
1180 2802 1224 2841 V
1312 2813 1397 2841 noe
1435 2779 1513 2841 VG
1627 2801 1664 2840 8.
1698 2811 1799 2852 pre·

279 2868 374 2909 lato
413 2869 490 2909 VG
662 2872 728 2912 15.
762 2870 869 2922 quia
901 2869 1021 2922 sunt]
1058 2872 1265 2922 quiaster
1302 2871 1363 2917 V‚·
1394 2871 1606 2924 leyendum
1636 2870 1801 2910 videtur

281 2939 388 2991 quia.
420 2941 522 2977 sunt
556 2942 602 2978 et
716 2941 786 2980 21.
818 2945 987 2981 restam
1025 2942 1066 2982 V
