1946 3220
317 146 386 198 66
848 156 1232 193 PROLEGOMENA
1259 158 1314 190 m
1840 144 1847 146 ’
1891 0 1946 278 ἒ

317 276 450 322 nibus
477 276 637 321 Atticis
663 280 733 319 est
755 273 871 318 linea
901 277 1019 316 recta
1057 265 1092 327 l,
1120 269 1273 315 eadem
1302 276 1462 329 postea
1491 270 1674 332 oblique
1702 273 1837 319 ducta

318 354 404 404 est,
429 341 450 391 Χ
479 345 551 403 (fr.
579 348 659 401 52,
687 347 728 386 4,
768 345 850 399 56,
878 344 962 384 14.·
984 342 1066 396 66,
1093 339 1152 398 8).
1214 339 1287 385 Sic
1317 341 1448 385 etiam
1481 342 1567 387 hoc
1595 342 1698 388 loco
1725 345 1838 390 scri·

317 416 509 462 bendum
542 428 642 460 esse
668 413 870 468 videtur,
905 410 1127 470 siquidem
1153 409 1196 455 id
1222 410 1343 470 quod
1370 410 1713 458 Montsauconus
1742 414 1835 459 edi·
1927 419 1946 474 35

316 487 396 542 dit,
423 511 508 540 —,
541 497 590 527 ea
616 496 706 528 non
734 488 804 526 est
827 476 1032 540 γραμμή
1059 491 1135 527 τις
1161 474 1374 538 πλαγία,
1406 488 1457 526 ut
1481 484 1680 543 scriptor
1706 483 1835 530 tabu·

313 556 381 600 lae
408 552 635 614 expressis
661 551 810 598 verbis
838 552 960 596 dicit.
1019 552 1130 597 Tum
1160 546 1259 597 δύο
1287 545 1634 611 ἀπερίετικτοι
1658 556 1833 600 correxi

311 639 393 685 pro
420 618 731 684 περίετικτοι
761 621 940 667 collatis
965 621 1132 666 tabulis
1158 621 1363 666 Galeneis
1390 623 1502 683 (cap.
1524 623 1575 680 ΙΙ,
1593 628 1634 668 4.
1658 624 1723 681 Vl,
1747 621 1832 686 14).

310 696 452 740 Porro
481 689 728 754 ἀνδρεῖοί
753 687 975 750 καθετήρ
1003 691 1110 752 quid
1137 693 1221 749 sit,
1264 691 1611 739 Montsauconus
1638 694 1708 739 his
1736 709 1834 740 ver·

311 765 380 810 bis
413 763 626 825 explicat:
662 763 850 810 ‘dicitur
874 764 1223 807 instrumentum
1251 763 1559 823 chirurgicum
1587 778 1832 810 concavum

311 843 356 881 et
382 835 535 881 altera.
561 840 690 895 parte
727 846 992 890 recurvum,
1026 846 1116 893 quo
1145 834 1272 878 urina
1300 834 1345 878 in
1374 835 1517 880 vesica
1545 834 1722 880 detenta
1752 835 1833 881 eli·

310 906 428 951 citur
455 911 500 950 et
527 906 698 951 vesicae
724 904 828 950 vitia
854 903 1137 964 probantur,
1167 903 1286 963 quod
1313 903 1509 949 litteram
1536 904 1565 949 S
1593 905 1688 951 fere
1714 906 1832 952 refe-

308 975 472 1022 rebat'.
530 977 678 1036 Atque
728 975 825 1035 ipse
873 973 1085 1018 Galenus:
1134 968 1272 1020 ἔοικε
1319 970 1378 1021 δὲ
1413 970 1444 1021 ὁ
1483 972 1707 1036 καθετὴρ
1753 976 1831 1041 τῷ

310 1042 584 1109 Ῥωμαϊκῷ
614 1045 659 1103 S,
698 1059 788 1106 quo
818 1044 920 1090 loco
957 1045 1091 1089 etiam
1122 1044 1358 1090 adhibendi
1387 1046 1484 1090 eius
1515 1048 1632 1092 ratio
1661 1047 1835 1093 deseri-

312 1117 435 1162 bitur
455 1112 504 1175 4).

466 1240 531 1279 De
558 1238 821 1291 ponderibus
853 1251 958 1291 quae
989 1239 1208 1293 inreadem
1238 1237 1381 1277 tabula
1411 1240 1666 1292 afferuntur.

219 1337 273 1383 41
403 1327 461 1372 De
489 1326 678 1386 reliquis
704 1339 818 1386 quae
847 1326 892 1370 in
920 1325 1072 1370 eadem
1098 1323 1251 1370 tabula
1277 1324 1494 1385 leguntur
1517 1342 1602 1387 pro
1631 1329 1697 1373 rei
1726 1342 1830 1388 gra-

306 1399 442 1443 vitate
475 1397 629 1458 paullo
652 1395 838 1441 uberius
868 1395 1180 1441 disserendum
1211 1401 1294 1441 est.
1348 1399 1464 1443 Ante
1496 1399 1643 1444 omnia
1678 1405 1826 1444 autem

306 1469 391 1513 hoc
417 1467 858 1513 commemorandum
887 1466 1089 1523 videtur,
1127 1467 1397 1526 scriptorem
1427 1467 1607 1514 tabulae
1640 1470 1776 1515 variis
1803 1484 1827 1515 e

305 1538 435 1582 libris
475 1551 526 1583 ea
562 1550 676 1597 quae
704 1537 757 1582 de
790 1536 1068 1597 ponderibus
1095 1543 1140 1581 et
1167 1538 1392 1582 mensuris
1428 1539 1829 1592 memorabiliavi-

303 1609 519 1654 derentur
546 1609 823 1667 excerpsisse
860 1613 995 1666 atque
1026 1608 1070 1651 in
1105 1622 1185 1652 sua
1212 1609 1495 1667 expositione
1521 1611 1823 1656 coniunxisse.

304 1678 591 1738 Quapropter
621 1691 713 1722 non
740 1677 990 1722 mirandum
1019 1683 1088 1722 est
1113 1678 1292 1723 easdem
1326 1692 1559 1725 mensuras
1587 1680 1640 1726 ab
1667 1681 1823 1727 eodem

303 1750 438 1794 variis
466 1748 720 1794 rationibus
747 1747 936 1792 definiri.

406 1819 603 1864 Primum
643 1817 751 1878 quid
798 1817 933 1863 tradit
975 1817 1030 1862 de
1073 1818 1380 1878 ponderibus?
1435 1820 1618 1866 Initium
1657 1820 1764 1867 facit
1799 1837 1823 1867 a

301 1891 419 1934 mina
446 1891 577 1950 eique
604 1889 634 1934 C
665 1889 926 1945 drachmas,
969 1888 1206 1933 drachmae
1245 1889 1296 1934 VI
1334 1889 1521 1949 obolos,
1559 1891 1695 1937 obolo
1735 1891 1823 1936 Vlll

300 1959 479 2005 chalcos
514 1954 738 2017 tribuit¹).
807 1958 924 2004 Haec
961 1960 1143 2004 omnino
1180 1966 1249 2004 est
1282 1961 1536 2006 Atticorum
1570 1963 1822 2022 ponderum

299 2029 434 2074 ratio.
497 2028 685 2075 Chalcus
719 2035 867 2074 autem
913 2030 998 2074 iste
1035 2043 1125 2075 non
1161 2036 1231 2074 est
1275 2043 1439 2076 aeneus
1477 2033 1819 2091 Atheniensium

300 2113 533 2157 nummus,
580 2100 656 2144 sed
693 2106 846 2145 octava
890 2101 1094 2159 argentei
1141 2099 1264 2144 oboli
1299 2115 1431 2160 pars,
1467 2102 1818 2149 minutissimum

299 2170 569 2215 Graecorum
603 2170 796 2229 pondus.
856 2170 1092 2215 Praeterea
1127 2171 1274 2216 Attica
1309 2172 1509 2231 pondera
1545 2175 1825 2233 comparavit.

298 2254 395 2285 eum
421 2240 648 2285 Romanis.
690 2239 933 2285 Romanam
959 2239 1118 2284 libram
1147 2241 1281 2287 Attici
1308 2240 1464 2287 talenti
1491 2249 1665 2303 partem
1693 2251 1819 2290 octo·

297 2311 511 2370 gesimam
539 2310 680 2355 fuisse
705 2323 789 2370 pro
815 2316 940 2355 certo
967 2317 1247 2370 compertum
1275 2311 1490 2358 habemus
1503 2308 1559 2372 2);
1586 2315 1703 2359 mina
1732 2316 1821 2374 igi-

299 2388 371 2425 tur
407 2382 578 2437 Attica,
631 2393 745 2440 quae
793 2386 862 2425 est
904 2379 1062 2426 talenti
1108 2395 1212 2440 pars
1259 2384 1556 2442 sexagesima,
1599 2385 1818 2445 aequabat

296 2450 453 2494 libram
479 2451 720 2496 Romanam
759 2463 858 2496 cum
888 2451 1077 2504 triente3
1113 2465 1254 2511 porro
1283 2453 1434 2498 eadem
1468 2455 1642 2500 ratione
1676 2455 1816 2501 effici·

297 2526 398 2575 tur,
427 2527 476 2563 ut
505 2522 635 2566 uncia
663 2533 776 2580 quae
803 2526 872 2565 est
899 2519 1039 2566 librae
1065 2535 1170 2582 pars
1200 2522 1481 2583 duodecima,
1509 2524 1672 2570 babeat
1698 2525 1817 2570 Atti·

406 2681 450 2733 4)
486 2682 650 2723 Galeni
681 2698 752 2736 op.
786 2686 855 2729 ed.
887 2686 1023 2726 Kiihn
1053 2691 1160 2728 tom.
1192 2687 1298 2727 XIV
1327 2701 1371 2741 p.
1406 2689 1499 2729 788.

410 2739 450 2786 1)
482 2738 569 2778 Pro
601 2752 784 2780 numero
818 2741 1049 2782 obolorum
1084 2757 1109 2783 a
1139 2744 1468 2784 Montfaucono
1502 2745 1670 2786 editum
1701 2757 1716 2786 1
1745 2745 1823 2787 lea

294 2793 486 2842 gendum
520 2806 619 2834 esse
651 2789 693 2845 η’
726 2809 777 2834 ex
808 2797 864 2836 iis
896 2800 1151 2840 rationibus
1183 2812 1300 2852 quae
1331 2805 1495 2852 postea
1528 2814 1555 2841 a
1587 2803 1818 2855 scriptore-

290 2849 478 2889 tabulae
512 2850 819 2889 subducuntur
851 2860 1057 2905 apparet.
1107 2857 1161 2896 V.
1185 2857 1389 2896 Boeckh.
1411 2871 1452 2910 p.
1477 2859 1531 2897 24
1563 2861 1608 2897 et
1638 2858 1808 2899 Christ.

290 2918 334 2957 p.
366 2906 417 2944 61
451 2917 483 2946 s,
520 2906 616 2945 eius
649 2910 962 2948 commentarii
994 2912 1069 2962 qui
1098 2911 1222 2952 infra
1252 2913 1299 2952 in
1332 2913 1435 2953 adn.
1458 2914 1484 2954 5
1517 2914 1751 2956 citabitur.

403 2960 446 3010 2)
476 2961 530 3004 V.
559 2960 740 3003 Metrol.
772 2974 817 3014 p.
851 2964 930 3002 146
963 2976 1019 3007 ss,
