1946 3220
294 152 354 190 IV
898 124 1212 184 PRAEFATIO.

259 298 277 309 x
295 270 348 316 11
371 268 509 314 Abala.
540 270 669 312 1854
694 264 846 326 (quem
871 263 1036 311 librum
1063 263 1309 324 significavi
1335 269 1445 310 nota
1475 263 1604 325 Spe).
1651 265 1742 314 Nee
1765 266 1807 315 a
1800 269 1859 308 tar

295 341 445 386 locum
471 338 525 382 de
550 337 647 395 agri
678 335 904 381 mensuris
932 334 1062 381 omisi
1089 348 1142 380 ea
1169 347 1285 399 quae
1310 333 1652 382 Lachmannus
1639 349 1684 381 1n
1703 328 1839 383 Muss
1845 383 1850 390 ,

295 411 433 455 Rhen.
452 408 486 452 ll
508 422 555 466 p.
586 405 686 452 356
716 420 775 451 ss.
806 401 906 465 (La)
938 406 1164 486 exposuit.
1221 405 1418 465 Denique
1445 405 1652 451 adnotavi
1677 405 1855 454 varias?
1940 448 1942 450 ,

296 480 546 538 scripturas
573 490 689 536 quae
713 475 831 536 apud
846 474 1158 521 Priscianum
1145 489 1189 520 1n
1218 475 1335 521 libro
1357 476 1410 521 de
1432 475 1591 535 figuris
1610 469 1875 539 numeroe-,g-

295 562 396 594 rum
421 544 465 606 (S
484 545 547 592 15
562 545 616 605 s.)
640 545 1075 605 inveniunturffri),
1099 545 1175 591 ubi
1202 560 1311 591 usus
1333 561 1431 592 sum
1459 546 1656 592 editione
1673 539 1875 603 Keiliiiffssfj‘
1943 546 1946 587 3

296 619 387 664 Nec
415 624 561 662 tamen
589 616 862 676 persuadere
888 615 997 661 mihi
1023 616 1155 676 potui
1191 617 1336 662 omnia
1366 629 1676 677 quaecumque
1703 615 1883 677 ἔφηᾶ-ἒ·-
1944 617 1946 661 2

299 689 542 733 Varronem
578 687 797 746 leguntur
834 686 999 732 omissa
1026 699 1048 730 a
1075 685 1307 732 Prisciano
1336 687 1392 732 ob
1419 701 1515 732 eam
1552 687 1695 747 ipsam
1718 690 1877 743 cau-,f
1913 679 1933 730 J

297 772 391 804 sam
419 757 606 802 Varroni
645 756 939 802 abiudieanda
974 770 1089 802 esse.
1152 757 1260 802 Nam
1287 763 1483 803 extrema
1511 757 1690 817 quidem
1715 753 1838 803 Var?
1944 762 1946 804 i

296 828 422 874 ronis
457 827 589 873 verba
625 824 669 885 (S
697 825 797 872 174
825 827 952 886 quod
978 827 1148 873 libram
1177 824 1280 890 cet.)
1316 827 1480 873 iniuria
1514 828 1605 873 sive
1634 827 1824 873 Priscia-
1865 826 1886 893 ’ξ

296 913 382 944 nus
420 898 573 943 omisit
609 898 701 942 sive
738 896 911 942 librarii
950 897 1073 955 eius,
1128 912 1261 958 quam
1309 898 1642 958 neglegentiam
1688 898 1823 943 etiam
1867 897 1879 942 f·

296 969 397 1014 aliis
425 968 538 1013 locis
567 969 851 1013 commissam
878 981 979 1013 esse
1007 974 1359 1014 consentaneum
1389 969 1582 1014 videtur.
1633 968 1688 1013 Et
1712 967 1823 1014 alio·
1871 1027 1877 1031 θ

298 1040 406 1099 quin
435 1037 651 1084 nonnulla
682 1044 830 1083 errata
856 1045 963 1083 sunt
990 1038 1105 1098 apud
1133 1039 1411 1085 priscianum
1452 1052 1566 1098 quae
1596 1044 1719 1084 recte
1746 1039 1824 1084 ha·
1937 1086 1939 1090 ,

297 1109 407 1154 bent
434 1108 647 1154 Varronis
689 1107 808 1152 libri.
850 1133 912 1140 —-
954 1109 1002 1153 In
1037 1109 1091 1154 fr.
1123 1108 1220 1155 109
1258 1123 1302 1169 p.
1331 1108 1423 1166 51,
1454 1107 1517 1153 12
1555 1111 1691 1154 certa*
1714 1122 1824 1154 eon·
1869 1103 1879 1162 ζ’

297 1179 471 1223 iectura
499 1179 674 1223 correxi
701 1191 802 1223 esse
822 1194 870 1237 p.
899 1179 943 1224 id
971 1185 1042 1225 est
1067 1179 1215 1237 pedes
1246 1194 1299 1224 ex
1318 1178 1569 1224 Florentini
1597 1179 1824 1238 scriptura

298 1256 431 1294 esset.
494 1249 552 1294 De
586 1249 854 1309 compendio
879 1264 928 1308 p.
959 1249 1079 1294 conf.
1107 1264 1152 1310 p.
1181 1248 1272 1306 54,
1305 1249 1384 1296 10.
1424 1247 1517 1306 55,
1547 1247 1611 1293 14
1642 1263 1702 1293 ss.
1737 1247 1823 1307 58,

297 1319 378 1365 27.
422 1318 516 1376 59,
545 1319 638 1376 23,
695 1319 889 1380 denique
929 1319 1073 1379 legem
1109 1319 1271 1380 parieti
1311 1319 1522 1365 faciundo
1561 1317 1607 1363 in
1642 1317 1688 1363 C.
1717 1318 1747 1364 Ι.
1773 1317 1823 1365 L.
1884 1334 1922 1363 A

295 1389 382 1434 vol.
408 1390 424 1434 Ι
452 1404 495 1449 p.
521 1390 640 1436 577.
1871 1398 1904 1404 ”

406 1461 520 1506 110.
563 1459 776 1506 Varronis
801 1460 950 1507 locum
979 1461 1033 1506 de
1059 1460 1319 1522 agrestibus
1346 1461 1570 1504 mensuris
1598 1458 1676 1519 qui
1711 1458 1824 1518 legi·

298 1538 373 1576 tur
399 1531 444 1574 in
471 1530 587 1575 libro
617 1531 669 1576 de
695 1544 744 1575 re
767 1537 883 1576 rust.
911 1531 928 1575 1
956 1530 1070 1591 (cap.
1103 1529 1184 1592 10)
1223 1529 1430 1589 vulgatae
1456 1529 1667 1575 lectionis
1698 1543 1823 1575 erro·
1880 1531 1909 1537 ”

297 1600 422 1645 ribus
452 1607 697 1660 purgatum
726 1601 858 1646 edere
883 1616 972 1646 non
1003 1603 1273 1661 potuissem,
1307 1600 1393 1645 nisi
1422 1599 1589 1659 insigni
1620 1599 1824 1646 humani·
1854 1619 1862 1657 j
1884 1604 1887 1622 ³

299 1677 390 1716 tate
415 1670 466 1714 H.
494 1670 664 1723 Keilius
697 1671 908 1730 precibus
942 1673 1052 1717 meis
1081 1671 1362 1716 satisfaciens
1389 1684 1441 1715 ex
1472 1669 1702 1715 uberrimo
1739 1683 1823 1716 suo
1927 1694 1930 1696 v

298 1748 518 1800 apparatu
548 1741 824 1786 Varroniano
858 1741 1056 1787 misisset
1092 1741 1199 1786 mihi
1237 1742 1378 1786 varias
1416 1740 1666 1799 scripturas
1701 1739 1826 1786 codi-

297 1825 398 1856 eum
423 1810 712 1856 Laurentiani
739 1812 817 1869 LI,
846 1811 878 1856 4
905 1810 975 1871 (L)
1010 1810 1177 1857 saeculi
1204 1810 1277 1855 XV
1302 1817 1347 1856 et
1374 1809 1629 1856 Caesenatis
1661 1810 1824 1856 biblio-

298 1881 454 1927 thecae
488 1880 823 1928 Malatestianae
857 1881 940 1941 (M)
977 1881 1143 1928 saeculi
1178 1881 1267 1939 XV,
1313 1894 1504 1941 quorum
1548 1880 1602 1926 de
1646 1880 1896 1940 origine-'f

297 1958 431 2011 atque
472 1954 744 1998 auctoritate
781 1952 1038 1998 luculenter
1074 1953 1284 2013 exposuit
1320 1953 1364 1997 in
1401 1950 1825 1997 observationibus

297 2025 492 2067 criticis
533 2027 584 2067 in
621 2022 819 2068 Catonis
858 2029 902 2067 et
952 2023 1184 2068 Varronis
1228 2023 1287 2074 de
1329 2035 1384 2066 re
1423 2025 1613 2067 rustica
1656 2022 1823 2078 libros,
1879 2023 1882 2026 ’

205 2153 211 2158 0
292 2105 410 2152 quae
450 2092 721 2151 prodierunt
751 2092 870 2138 Halis
898 2107 935 2138 a.
966 2093 1116 2139 1849.
1180 2092 1416 2137 Praeterea
1437 2092 1568 2136 -idem
1600 2098 1722 2137 recte
1753 2104 1824 2137 nie
1887 2079 1915 2141 ᾧ

295 2162 500 2219 monuit,
541 2176 597 2207 ne
624 2165 882 2209 omitterem
909 2165 1073 2223 variam
1101 2162 1369 2222 scripturam
1402 2161 1571 2207 codicis
1605 2162 1824 2221 antiquis·
1858 2154 1887 2220 ,ζ
1925 2167 1929 2170 ’

292 2232 398 2277 simi
419 2231 671 2277 Florentini
700 2247 819 2278 nunc
840 2233 1024 2294 perditi,
1053 2232 1169 2277 unde
1192 2246 1351 2278 omnes
1375 2231 1539 2291 reliqui
1561 2231 1663 2277 libri
1691 2245 1824 2292 manu
1883 2251 1916 2284 χ

296 2302 457 2362 scripti
495 2302 682 2348 derivati
720 2310 842 2348 sunt.
916 2301 1055 2357 Quam
1084 2302 1355 2363 scripturam
1393 2301 1498 2348 olim
1534 2302 1826 2347 adnotaverat
1861 2315 1901 2369 g·

296 2371 546 2418 Politianus
588 2373 639 2418 ad
680 2375 928 2431 marginem
962 2373 1167 2423 Venetae.
1195 2372 1404 2418 editionis
1440 2372 1716 2432 scriptorum
1756 2371 1824 2418 rei
1886 2379 1887 2382 ’
1927 2376 1929 2378 ’

297 2442 495 2489 rusticae
535 2443 756 2504 principis
780 2439 837 2502 ¹);
882 2444 1186 2503 descripserat
1237 2443 1341 2488 inde
1386 2443 1435 2488 H.
1472 2442 1824 2500 Brencmannus,
1875 2440 1885 2482 f

300 2527 390 2571 quo
418 2520 638 2573 apparatu
665 2521 756 2559 tum
773 2513 994 2559 Gesnerus
1021 2528 1132 2559 usus
1159 2520 1227 2558 est
1253 2511 1308 2571 (v.
1338 2512 1537 2558 eiusdem
1565 2512 1727 2573 Seript.
1757 2511 1825 2558 rei
1932 2542 1934 2544 v

300 2588 415 2627 rust.
443 2582 618 2643 Lipsiae
646 2584 780 2630 1735
809 2599 852 2644 p.
874 2583 979 2641 XX).
1026 2583 1111 2629 Sed
1139 2597 1284 2643 nuper
1308 2582 1480 2628 Keilius
1509 2608 1572 2614 —
1601 2582 1824 2643 siquidem
1923 2607 1928 2612 ⁴

415 2718 455 2770 1)
489 2721 609 2760 Usus
641 2734 739 2762 sum
762 2720 969 2774 exemplo
994 2721 1091 2761 eius
1116 2719 1328 2761 editionis
1348 2719 1623 2770 Dresdensi‚
1655 2719 1703 2758 in
1735 2731 1822 2772 quo
1867 2723 1895 2770 ξ

304 2773 467 2813 desunt
495 2776 582 2815 XII
612 2778 759 2828 prima
793 2781 839 2817 et
869 2778 914 2817 II
946 2777 1105 2817 ultima
1138 2776 1276 2827 folia,
1317 2775 1397 2815 sed
1434 2775 1558 2816 haec
1592 2775 1678 2815 duo
1716 2788 1823 2828 sup·
1879 2774 1885 2778 ’

303 2829 431 2882 pieta
462 2835 565 2870 sunt
596 2845 753 2872 manus
786 2834 1026 2886 scriptura.
1073 2833 1312 2885 Leguntur
1342 2833 1390 2871 in
1420 2830 1508 2871 fine
1539 2830 1822 2884 singularum
1870 2836 1875 2853 ἱ

302 2886 516 2938 partium,
539 2885 743 2938 Catonis,
761 2889 980 2929 Varronis
1003 2892 1114 2929 ceta
1148 2898 1297 2930 OPERA
1327 2899 1386 2927 ΕΤ
1416 2898 1619 2927 ιΜΡΕΝΒΑ
1651 2897 1821 2928 mnsou
1886 2910 1888 2914 ·

302 2963 356 2969 —
387 2954 607 2983 vnnnrus
640 2965 692 2970 —
723 2944 782 2983 M.
791 2943 956 2987 CCCC.
963 2945 1150 2985 LXXII.
