1946 3220
263 133 351 172 XII
873 132 1184 168 PRAEFATIO.

183 262 196 274 ²
267 259 439 311 quater
465 251 762 306 adsumptus.
794 271 855 279 -—
885 247 967 293 71.
988 249 1198 292 sextarii
1217 245 1513 292 Endlicherus
1538 246 1677 294 edidit
1701 262 1784 308 pro
1822 256 1839 297 ’ἶ
1914 274 1917 275 ⁷

265 322 449 381 vulgato
476 327 607 364 antea
635 320 844 374 sextari,
882 319 959 377 qui
985 331 1086 362 cum
1113 316 1212 363 aliis
1241 316 1355 362 locis
1379 315 1553 376 ubique
1577 313 1784 383 vulgatae
1837 310 1852 334 ““’

268 393 518 450 scripturae
544 389 805 432 varietatem
825 387 1000 445 afferat,
1019 387 1094 432 hic
1118 393 1266 432 autem
1292 386 1406 431 nihil
1433 386 1565 446 plane
1585 386 1785 446 adnotet,
1827 378 1853 387 ”
1915 425 1918 433 .

267 460 422 504 dubito
451 471 558 502 num
584 461 800 502 sextarii
823 457 986 502 habeat
1003 458 1056 514 A,
1080 463 1200 502 certe
1227 456 1273 502 id
1298 470 1390 502 non
1417 470 1441 501 a
1468 458 1614 517 prima
1637 470 1786 504 manu.
1813 456 1817 458 ’

267 530 374 573 Utut
410 535 506 582 est,
543 529 640 573 sine
677 527 814 573 dubio
853 532 1044 573 sea-tart
1081 526 1393 583 scribendum,
1441 527 1654 586 quoniam
1695 541 1788 588 quo

268 598 547 643 emendatior
566 599 777 644 carminis
798 598 941 643 for-ma
962 598 1147 658 prodiit,
1169 611 1222 642 eo
1249 598 1394 657 magis
1419 596 1693 642 declaratum
1719 604 1791 643 est

268 670 535 728 scriptorem
578 669 644 713 rei
677 669 891 716 metricae
933 667 1048 713 hene
1083 681 1272 728 gnarum
1315 667 1460 712 fuisse
1496 680 1581 711 nec
1626 667 1788 727 longas
1919 707 1927 723 Ἰ

265 738 519 797 brevesque
545 737 740 798 syllabas
769 737 888 783 inter
915 753 963 783 se
990 738 1264 784 confudisse.
1314 736 1397 792 Qui
1425 750 1525 781 cuin
1545 741 1790 783 sea-tarius
1843 743 1877 794 ‘3

267 823 331 853 vs.
370 808 433 854 65
476 809 522 852 in
561 808 755 853 secunda
800 808 969 868 syllaba
1010 814 1135 853 recte
1178 807 1466 867 produxerit,
1508 809 1609 866 quis
1652 814 1790 868 neget
1878 861 1883 868 ,
1938 799 1939 802 ¹

270 879 378 938 quin
403 877 540 938 paulo
572 885 678 938 post
707 883 918 924 sextarii
947 878 1158 924 librarius
1193 879 1346 937 potius
1384 878 1621 936 scripserit
1655 891 1788 938 quam
1864 926 1867 927 γ
1941 866 1946 925 J

269 949 483 1006 antiquus
517 948 682 1007 poeta?
743 948 929 994 Accedit
968 949 1089 1008 quod
1126 949 1245 993 idem
1275 950 1466 991 sextari
1494 946 1791 1006 probabiliter
1862 949 1888 978 -’
1939 962 1943 976 ·

268 1018 450 1062 restitui
478 1032 539 1062 vs.
559 1018 643 1075 80,
672 1018 749 1063 ubi
779 1033 879 1064 cum
905 1019 1041 1078 vulgo
1070 1033 1123 1063 ex
1148 1017 1436 1076 interpolatis
1462 1017 1591 1062 libris
1620 1017 1789 1062 editum
1852 1014 1873 1046 ‘³-
1933 1074 1936 1078 ι

270 1089 330 1133 sit
357 1093 622 1144 sea-turios
642 1090 687 1132 in
713 1089 748 1132 A
776 1096 925 1134 autem
953 1090 1207 1134 inveniatur
1233 1092 1278 1132 si
1303 1091 1571 1144 sea-carim,
1605 1093 1791 1147 apparet
1856 1105 1875 1122 ὲ
1944 1086 1946 1102 ²

271 1172 322 1202 ex
350 1158 432 1203 hac
460 1165 673 1217 corrupta
703 1160 927 1218 scriptura
958 1159 1114 1204 eodem
1146 1160 1244 1204 iure
1278 1161 1471 1202 sextari
1505 1156 1606 1202 elici
1634 1171 1789 1217 posse,

270 1228 390 1286 quod
417 1243 557 1272 unum
588 1235 847 1273 structurae
874 1229 1009 1274 huius
1035 1228 1124 1274 loci
1161 1229 1411 1274 conveniat.
1469 1227 1527 1271 De
1555 1234 1786 1273 contracta
1884 1266 1887 1267 γ

270 1299 466 1357 genetivi
510 1299 655 1343 forma
692 1298 808 1343 conf.
839 1314 898 1345 vs.
928 1298 1042 1345 127.
1079 1324 1135 1331 —
1167 1299 1246 1344 72.
1278 1301 1454 1355 recipit
1485 1299 1536 1353 A,
1571 1302 1736 1355 capiat
1759 1297 1791 1342 B
1834 1305 1838 1308 ·

271 1367 421 1427 vulgo.
452 1393 514 1399 —
549 1368 628 1414 73.
659 1375 825 1426 cyatos
850 1382 901 1414 ex
926 1371 961 1413 A
989 1375 1033 1414 et
1060 1370 1125 1414 sic
1150 1375 1268 1429 pert
1293 1368 1481 1428 reliquis
1508 1367 1621 1413 locis
1648 1369 1791 1428 scrip·
1851 1399 1865 1406 -

269 1439 446 1494 sissem,
479 1438 567 1483 nisi
599 1453 660 1482 vs.
685 1439 754 1485 80
783 1441 981 1497 cyathus
1008 1442 1051 1484 in
1079 1435 1133 1484 A¹
1162 1433 1252 1499 legi
1283 1438 1574 1484 Endlicherus
1607 1438 1792 1483 doceret
1883 1479 1923 1496 b.

270 1507 324 1551 ad
354 1522 416 1552 vs.
450 1507 528 1553 75.
586 1507 672 1552 Sed
700 1522 753 1553 eo
780 1509 879 1568 ipso
906 1509 1007 1554 loco
1037 1509 1125 1555 duo
1155 1508 1556 1568 deprehenduntur
1585 1508 1792 1567 typotlie·
1872 1523 1875 1525 ’

201 1582 207 1589 ’
270 1584 341 1621 tae
378 1591 559 1622 errores
589 1576 803 1635 (clcyatos
849 1579 1038 1624 alterum
1077 1593 1162 1639 pro
1205 1579 1402 1637 chyam,
1451 1585 1495 1622 et
1533 1582 1675 1636 σμασι·
1706 1591 1789 1637 pro
1885 1575 1888 1583 ⁴

273 1646 445 1705 cycni),
489 1662 600 1707 quae
629 1648 816 1693 editoris
843 1648 1132 1708 neglegentia
1162 1651 1294 1694 etiam
1317 1649 1488 1693 codicis
1520 1648 1791 1707 scripturam

270 1731 333 1761 vs.
364 1718 431 1763 80
458 1718 636 1762 dubiam
662 1718 823 1763 reddit.
850 1744 920 1753 -—
952 1719 1031 1765 78.
1062 1721 1309 1764 coclearia
1337 1718 1453 1763 edidi
1480 1731 1532 1762 ex
1562 1717 1627 1762 BC
1654 1717 1792 1762 idem-

272 1801 359 1845 que
395 1788 554 1852 suadet
587 1790 648 1841 A;
703 1789 982 1833 cochlearia
1019 1789 1169 1848 vulgo.
1237 1790 1346 1834 Item
1383 1803 1446 1833 vs.
1485 1787 1565 1834 83.
1603 1805 1674 1820 ·—
1708 1787 1790 1834 83.

269 1851 564 1916 scripulique
599 1858 686 1904 hoc
720 1859 822 1904 loco
851 1862 886 1903 A
913 1874 1014 1905 cum
1051 1859 1139 1912 BC;
1178 1858 1311 1919 vulgo
1340 1859 1629 1916 scriptique,
1665 1864 1716 1902 ut
1750 1859 1784 1902 A

272 1927 402 1972 habet
428 1927 616 1987 reliquis
643 1928 772 1974 locis,
790 1953 857 1961 —-
881 1929 962 1975 89.
990 1937 1208 1988 superest
1226 1927 1279 1974 A¹
1298 1930 1567 1985 rectissime,
1593 1933 1792 1986 superat

270 1997 421 2057 vulgo.
437 2022 502 2029 —
521 1997 601 2043 93.
624 1999 900 2054 addz'tABC3
928 2007 1097 2045 temere
1123 2001 1258 2060 vulgo
1280 2000 1449 2044 addet:
1484 1999 1602 2045 cons.
1623 2013 1688 2043 vs.
1706 1997 1787 2043 95.

269 2091 338 2098 --
360 2068 438 2112 95.
467 2068 623 2113 olivae
642 2083 732 2114 non
754 2069 951 2114 dubitavi
974 2072 1176 2130 recipere
1197 2085 1248 2114 cx
1268 2065 1321 2114 Α1
1342 2084 1425 2129 pro
1447 2069 1628 2126 vulgato
1650 2069 1791 2122 olt‘vi;

213 2160 218 2164 -
270 2151 371 2182 nam
410 2138 464 2182 ad
501 2140 675 2183 olivum
713 2141 971 2199 appositum
1011 2141 1246 2200 epitheton
1282 2140 1446 2183 labens
1479 2138 1698 2190 abundat3
1747 2144 1791 2182 at

271 2209 398 2252 oliva
427 2204 591 2252 labens
618 2207 717 2264 (die
741 2210 980 2269 ylez'tende
1007 2209 1273 2268 Oelfrucht)
1305 2216 1374 2254 est
1405 2208 1517 2253 oliva
1545 2207 1789 2267 premendo

270 2280 315 2322 in
341 2277 559 2337 liquidum
587 2278 735 2323 oleum
762 2285 959 2336 mutata,
993 2295 1106 2339 quae
1133 2280 1305 2326 locutio
1332 2280 1418 2323 etsi
1446 2280 1703 2324 contortior
1730 2278 1790 2322 vi-

271 2348 457 2405 deatur,
501 2356 648 2393 tamen
675 2350 857 2393 minime
886 2349 1102 2395 abhorret
1128 2350 1182 2395 ab
1206 2349 1329 2394 illius
1355 2348 1522 2394 saeculi
1553 2355 1789 2408 poetarum

269 2432 370 2462 usu.
406 2443 477 2449 —
523 2419 636 2464 103.
679 2426 880 2478 arqento
931 2420 1047 2465 edidi
1087 2435 1138 2465 cx
1175 2416 1281 2464 'ABG
1336 2419 1545 2478 idemque
1589 2419 1791 2464 restituit

271 2486 587 2542 Schenkclius;
628 2490 760 2547 vulgo
784 2495 988 2549 aryerztz'.
1015 2516 1071 2521 —
1107 2489 1221 2536 104.
1245 2490 1468 2535 harundo
1489 2488 1576 2548 AC,
1599 2488 1790 2533 arundo

270 2556 421 2615 vulgo.
449 2582 518 2591 —
546 2559 659 2605 108.
703 2558 817 2605 bene
859 2559 1152 2605 Endliclierus
1200 2574 1355 2618 aequa
1395 2575 1447 2604 ex
1480 2561 1513 2603 A
1562 2559 1790 2610 restituit;
1855 2579 1860 2586 x
1907 2611 1916 2623 .

273 2625 350 2669 sed
408 2628 676 2674 indicativus
726 2639 923 2676 secatur
973 2632 1166 2689 requirit
1214 2630 1441 2675 relativam
1499 2630 1789 2674 sententiam:

271 2696 431 2754 scripsi
460 2698 598 2755 igitur
636 2708 702 2744 tot
738 2714 861 2759 quae
887 2714 1043 2759 aequa
1081 2704 1131 2744 in
1154 2700 1311 2756 frusta
1341 2706 1552 2743 secatur.
1576 2724 1649 2734 --
1677 2698 1792 2744 112.
1879 2740 1882 2742 .

271 2768 314 2807 si
337 2762 414 2817 A¹;
442 2768 559 2810 cons.
590 2782 651 2812 vs.
682 2770 807 2825 1143
845 2776 920 2816 sm
948 2771 1097 2830 vulgo.
1127 2796 1196 2804 —-
1221 2785 1308 2814 vSS.
1340 2769 1616 2815 113—115
1645 2769 1790 2813 alieno
1856 2784 1862 2794 ν’

270 2833 373 2879 loco
419 2836 629 2880 inculcati
675 2847 719 2883 et
756 2847 862 2898 post
900 2855 962 2886 vs.
1004 2840 1101 2886 118
1146 2840 1393 2900 reponendi
1440 2853 1539 2883 csse
1581 2839 1792 2883 videntur

271 2903 465 2950 Christio
495 2905 538 2949 in
565 2905 675 2951 Mus.
701 2907 839 2954 Rhen.
867 2910 939 2954 XX
965 2925 1007 2969 p.
1033 2909 1111 2955 72.
1139 2935 1208 2943 —-
1236 2909 1351 2955 113.
1382 2910 1508 2968 quod
1533 2913 1578 2954 si
1600 2916 1646 2954 et
1667 2907 1783 2952 116.
1818 2955 1821 2957 ,
