1946 3220
26 0 262 128 5

41 337 43 341 Α
230 278 262 324 l.
292 273 427 338 Περὶ
455 272 647 338 κόρου,
677 272 740 325 ὃς
765 273 848 325 καὶ
873 273 974 339 χὸρ
999 272 1207 336 λέγεται
1231 285 1316 325 etc.
1344 277 1420 337 (fr.
1443 278 1532 337 85).
1570 279 1655 327 Hic

34 381 38 386 ,
124 347 209 394 sub
235 349 436 409 quinque
472 348 620 396 titulis
655 348 854 408 primum
890 349 945 395 de
977 350 1227 407 mensuris,
1266 355 1360 395 tum
1397 348 1452 395 de
1482 349 1652 396 talento

28 409 46 477 ‘f
125 420 314 479 eiusque
339 418 549 479 partibus
575 419 742 478 agitur.
784 417 945 466 Omnia
971 433 1023 465 ex
1047 419 1287 481 Epiphanii
1312 419 1433 465 libro
1459 420 1653 480 repetita

124 501 224 534 esse
255 495 471 550 apparet,
499 489 579 535 sed
604 494 754 535 tamen
779 489 914 535 verba
940 488 1073 536 aliter
1100 491 1355 551 composita
1383 497 1491 536 sunt
1519 503 1654 548 quam

27 545 37 560 ”
123 560 169 604 in
196 557 388 618 reliquis
419 561 517 605 eius
543 564 767 606 tractatus
795 558 970 605 formis.
1339 551 1344 556 ’

42 621 50 690 J
224 628 274 674 Π.
302 625 412 677 Τοῦ
433 623 588 686 ἁγίου
611 623 853 689 Μαξίμου
874 626 1105 690 περὶτῆς
1129 628 1276 689 τιμῆς
1302 628 1412 679 τῶν
1434 624 1479 677 λ’
1493 625 1653 691 ἀργυ-

24 723 29 746 ι
120 693 253 759 ρίων
277 693 355 748 ὧν
385 694 577 760 ἔλαβεν
603 694 802 748 Ἰούδας
827 694 962 762 ὑπὲρ
986 695 1275 760 προδοείαε
1299 698 1397 748 τοῦ
1414 696 1650 760 Χριετοῦ.

27 768 37 802 ’-
119 769 179 815 De
204 769 276 815 his
303 770 402 815 vide
431 770 547 815 infra
582 766 629 831 (S
659 769 774 828 100).

21 887 27 891 ,
224 839 294 886 111.
330 835 441 888 Τοῦ
477 835 632 898 ἁγίου
668 835 984 900 Ἐπιφανίου
1023 836 1238 901 Κύπρου
1266 840 1343 900 (fr.
1368 839 1456 899 86).
1506 840 1653 888 Pauca

20 945 34 978 ἦ.
120 910 196 957 hic
221 909 361 956 habes
392 917 603 972 excerpta
632 911 687 957 de
714 912 910 957 nummis
946 917 991 956 et
1027 913 1251 958 mensuris
1288 925 1341 958 ex
1380 910 1651 972 Epiphanio,

0 990 2 1000 ’
121 982 199 1041 qui
225 980 408 1027 disertis
446 981 593 1027 verbis
624 983 814 1038 citatur;
853 976 928 1029 ὡς
958 975 1317 1042 παραδίδωειν
1343 976 1654 1042 Ἐπιφάνιο(

121 1046 153 1099 ὁ
183 1045 414 1111 Κύπρου.
462 1050 633 1107 Quibus
669 1051 820 1098 addita
854 1059 962 1098 sunt
999 1053 1216 1113 quaedam
1251 1053 1424 1111 aliena,
1452 1058 1505 1098 ut
1534 1052 1653 1097 vide·

124 1128 226 1181 tur,
257 1121 311 1168 ab
337 1121 576 1183 Epiphanii
604 1122 740 1168 libro.

226 1191 468 1239 Praeterea
518 1194 565 1238 in
614 1193 772 1239 eodem
822 1193 978 1240 codice
1042 1194 1183 1240 altera
1243 1192 1455 1240 collectio
1507 1198 1655 1239 exstat

122 1261 220 1319 (fol.
248 1262 366 1322 114),
397 1277 485 1324 qua
513 1264 810 1310 continentur

297 1333 494 1393 primum
520 1329 654 1393 Περὶ
680 1329 1031 1394 πηλικότητοε
1056 1329 1265 1394 μέτρων
1296 1329 1367 1395 (fr.
1395 1332 1484 1391 15),

303 1410 396 1448 tum
421 1398 556 1463 Περὶ
583 1402 695 1452 τῶν
722 1399 1092 1465 ὑποκειμένων
1123 1402 1366 1463 (ταθμῶν
1397 1398 1652 1463 Ἑβραίων

376 1473 450 1532 (fr.
471 1473 563 1533 87),
590 1489 682 1535 quo
704 1489 728 1520 e
754 1476 1010 1536 fragmento
1037 1489 1178 1521 unum
1203 1475 1356 1521 locum
1386 1474 1538 1519 laudat
1558 1472 1652 1519 Sal·

378 1541 611 1604 masius³).

226 1613 345 1661 Haec
373 1621 481 1661 sunt
506 1617 625 1661 varia
652 1630 704 1662 ex
728 1616 980 1677 Epiphanio
1008 1622 1246 1676 excerpta,
1274 1629 1391 1675 quae
1417 1615 1463 1659 in
1489 1620 1651 1660 nostro

118 1683 239 1731 libro
268 1684 504 1731 edidimus.
548 1685 686 1733 Multa
712 1693 946 1747 praeterea
971 1686 1172 1732 eiusdem
1191 1684 1654 1746 generisfragmenta

120 1754 194 1800 his
224 1755 324 1801 addi
349 1769 489 1815 posse
516 1770 654 1816 supra
681 1755 1060 1816 significavimus:
1097 1770 1147 1802 ac
1181 1755 1401 1802 nonnulla
1427 1757 1562 1800 etiam
1589 1756 1652 1800 ci-

31 1850 36 1855 ·
124 1830 278 1870 tantur
306 1840 330 1870 a
358 1824 605 1882 Salmasio,
643 1839 758 1886 quae
786 1827 904 1872 infra
934 1827 1054 1871 inter
1090 1826 1342 1886 fragmenta
1366 1825 1420 1870 de
1455 1827 1650 1870 nummis

120 1896 377 1956 recepimus
413 1894 462 1954 (S
498 1895 615 1956 101).
680 1896 872 1943 Omnino
909 1903 1059 1942 autem
1095 1897 1329 1942 materiam
1367 1895 1498 1955 quasi
1539 1896 1650 1940 satis

122 1978 351 2026 superque
378 1980 402 2011 a
426 1966 561 2012 nobis
585 1973 850 2027 congestam
877 1980 978 2013 esse
1002 1966 1291 2025 arbitramur,
1315 1980 1402 2026 qua
1421 1965 1497 2011 alii
1519 1970 1651 2011 utan'-

122 2041 198 2081 tur
232 2036 288 2081 atl
324 2036 594 2084 illustranda
629 2051 681 2083 ea
717 2050 1014 2098 quaecunque
1043 2037 1089 2082 in
1124 2038 1194 2083 his
1220 2036 1541 2098 Epiphanianis
1571 2034 1651 2082 ob-

121 2119 255 2152 scura
286 2113 409 2152 sunt.

581 163 902 201 sommus
937 157 1194 200 enancos
1551 147 1654 202 149

611 2245 677 2284 De
707 2244 861 2286 tabulis
891 2244 1162 2287 Eusebianis.

223 2331 498 2391 Appendicis
535 2331 638 2378 loco
676 2332 729 2377 ad
761 2332 940 2379 tabulas
975 2331 1308 2393 Epiphanianas
1347 2330 1549 2376 habenda
1582 2337 1652 2375 est
1671 2330 1736 2380 92

18 2444 44 2459 ,Α
122 2414 175 2446 ea
202 2399 413 2447 collectio
445 2416 559 2461 quae
585 2396 831 2462 Gt'scessiou
864 2401 964 2450 τοῦ
990 2396 1281 2462 Παμφίλου
1307 2396 1500 2459 ἐκλογὴ
1530 2411 1650 2448 cuv·
1725 2414 1729 2416 ’

120 2465 401 2530 τομωτέρα
427 2467 548 2530 περὶ
574 2467 783 2532 μέτρων
806 2469 891 2520 καὶ
918 2471 1159 2532 εταθμῶν
1189 2471 1454 2517 inscribitur
1475 2470 1547 2530 (fr.
1561 2469 1650 2530 88).

121 2539 257 2587 Cuius
283 2543 458 2601 primus
486 2543 764 2588 mentionem
793 2543 901 2588 fecit
922 2541 1168 2588 Salmasius
1183 2537 1230 2600 ¹),
1262 2548 1368 2602 post
1394 2540 1515 2587 hunc
1541 2541 1654 2587 Gro-

237 2747 302 2813 3)
313 2748 415 2789 Res.
442 2761 494 2814 Ρ.
524 2750 601 2790 33:
653 2754 803 2790 auctor
833 2750 1020 2789 incertus
1049 2746 1158 2799 περὶ
1189 2747 1317 2790 σταθ
1351 2746 1432 2790 ὧν.
1492 2741 1652 2801 Δηνά-

124 2815 231 2856 ριον
268 2792 332 2857 ἦν
371 2796 607 2856 ἕξηκοντα
645 2799 854 2856 ἀσσάρια
892 2795 924 2845 α’
963 2803 1044 2847 καὶ
1084 2799 1228 2846 λεπτὰ
1273 2805 1298 2846 λ
1326 2817 1481 2858 γεται,
1535 2817 1654 2856 quae

122 2858 246 2912 legis
280 2860 402 2913 apud
432 2872 513 2901 nos
543 2861 599 2901 fr.
631 2862 700 2914 87,
734 2863 800 2903 11.

240 2917 282 2968 1)
312 2917 542 2958 Eusebius
572 2917 841 2971 Pamphilus
874 2915 979 2970 (sic)
1012 2918 1059 2958 in
1088 2917 1266 2971 Ecloge
1298 2917 1404 2969 περὶ
1435 2916 1652 2967 (ταθμῶν

125 2972 298 3013 citatur
330 2986 357 3014 a
389 2972 614 3015 Salmasio
646 2975 694 3014 in
724 2973 881 3017 Refut.
912 2987 957 3027 p.
987 2975 1058 3018 43.
1088 2975 1158 3016 57.
1190 2974 1259 3027 81,
1290 2974 1370 3014 ubi
1402 2972 1657 3014 afferuntur
