1946 3220
14 86 28 160 λ,
117 73 385 165 siduno]
443 106 476 146 Β
498 112 763 151 vmoms
785 97 965 149 nunus
982 113 1056 148 nn
1077 112 1412 167 mausum.
1582 96 1649 150 51

131 199 324 276 libellae
362 223 633 282 dimidium,
672 224 804 289 quod
841 224 989 274 semis
1025 224 1171 296 assis,
1235 225 1489 275 teruncius
1513 239 1542 275 a
1566 226 1653 275 tri-

34 294 85 381 ᾎ’
131 308 226 360 hus
272 309 450 367 unciiS,
498 309 628 374 quod
674 306 867 360 libellae
914 314 968 359 ut
1013 309 1135 359 haec
1181 314 1352 375 quarta
1390 322 1532 375 pam,
1581 310 1652 359 sic

132 394 378 460 quadrans
416 395 536 443 assis
574 393 761 444 eadem.

20 539 66 637 *f
131 574 247 628 109.
330 574 419 625 Ex
471 575 648 626 eodem
709 574 844 626 libro
901 575 1047 626 locus
1103 576 1167 625 de
1228 576 1347 642 aqri
1397 575 1653 626 mensuris

728 660 796 724 (V.
835 658 918 710 34.
957 658 1026 711 35
1046 699 1059 711 .
1679 677 1706 716 5

234 762 362 823 Ager
389 760 546 809 dictus
570 760 622 808 in
648 774 794 823 quam
822 764 1004 808 terram
1027 662 1150 824 >quid
1176 759 1409 823 agebant,
1451 766 1497 808 et
1522 759 1651 809 unde
1672 771 1716 804 34

129 837 242 909 quid
270 843 479 908 agebant
503 844 693 893 fruetus
720 858 893 892 causa:
921 842 1026 900 alii,
1054 843 1187 909 quod
1212 844 1260 893 id
1284 845 1459 894 Graeci
1485 843 1652 893 dicunt

127 926 309 991 ἀγρόν.
383 934 435 977 ut
472 942 589 991 ager
627 943 723 992 quo
763 929 840 991 agi
877 934 1092 992 poterat,
1139 929 1208 978 sic
1248 943 1341 993 qua
1379 928 1457 992 agi
1495 934 1648 977 actus,

128 1015 230 1064 eius
278 1013 388 1062 finis
434 1013 663 1062 minimus
710 1013 1003 1062 constitutus
1050 1014 1099 1061 in
1144 1011 1452 1062 latitudinem
1498 1012 1651 1076 pedes

0 1131 1 1134 =
37 1147 41 1151 .
126 1103 356 1163 quattuor
381 1127 449 1133 ——
474 1098 681 1147 fortasse
719 1112 780 1146 au
819 1095 878 1145 ab
914 1112 973 1147 eo
1000 1102 1254 1160 quattuor,
1292 1097 1424 1163 quod
1451 1113 1508 1147 ea
1534 1111 1651 1161 qua·
1684 1107 1736 1147 10

36 1173 46 1183 ”
126 1183 310 1248 drupes
357 1184 517 1246 agitur
558 1211 620 1217 ——
659 1183 710 1230 in
758 1181 1112 1244 longitudinem
1158 1182 1545 1245 pedescentum
1585 1182 1651 1230 vi-

126 1268 270 1332 ginti:
313 1266 410 1334 [iu]
439 1266 732 1332 quadratum
772 1273 933 1316 actum
973 1273 1020 1315 et
1057 1266 1210 1316 latum
1243 1272 1291 1315 et
1315 1265 1519 1329 longum
1546 1281 1652 1316 esse

127 1368 174 1418 p.
204 1358 402 1401 centum
429 1352 610 1416 viginti.
686 1349 838 1400 multa
876 1352 1063 1414 antiqui
1101 1350 1404 1400 duodenario
1443 1365 1651 1400 numero

124 1437 386 1496 finierunt,
427 1442 479 1484 ut
517 1435 773 1484 duodecim
813 1434 1025 1485 decuriis
1063 1441 1240 1484 actum.
1315 1437 1542 1499 iugerum
1580 1434 1648 1484 di·
1673 1449 1716 1483 35

125 1527 257 1570 ctum
283 1521 462 1569 iunctis
488 1519 679 1568 duobus
706 1519 897 1569 actibus
925 1520 1189 1583 quadratis,
1243 1521 1465 1569 centuria
1491 1520 1651 1584 primo
1684 1525 1736 1564 15

124 1621 151 1655 a
191 1611 388 1655 centum
426 1603 676 1667 iugeribus
714 1604 840 1653 dicta
880 1610 977 1660 est,
1023 1611 1134 1668 post
1172 1602 1414 1668 duplicata
1452 1603 1653 1654 retinuit

125 1704 330 1745 nomen,
381 1696 433 1738 ut
470 1688 627 1738 tribus
665 1704 691 1737 a
727 1688 884 1738 tribus
922 1687 1270 1753 multiplicatae
1317 1688 1446 1738 idem
1483 1693 1652 1738 tenent

125 1788 321 1824 nomen.

198 1926 315 1978 110.
391 1926 481 1976 Ex
519 1927 744 1976 eiusdem
783 1926 918 1976 libro
958 1927 1023 1976 de
1060 1943 1118 1976 re
1154 1926 1357 1977 rustica
1394 1924 1425 1974 Ι
1461 1925 1577 1993 (10).

229 2042 402 2093 Modos
450 2039 628 2106 quibus
667 2041 958 2090 metirentur
996 2055 1113 2090 rura
1152 2040 1273 2090 alius
1312 2039 1433 2091 alios
1471 2042 1650 2090 consti·
1680 2056 1735 2096 20

124 2129 232 2178 tuit.
307 2142 422 2176 nam
459 2127 510 2175 in
547 2125 780 2189 Hispania
819 2124 1052 2174 ulteriore
1091 2126 1361 2174 metiuntur
1398 2126 1550 2189 iugis,
1601 2127 1651 2174 in

241 2341 279 2381 1.
312 2338 570 2378 terruncius
601 2337 642 2376 N
759 2339 799 2378 2.
831 2337 950 2389 quod
979 2350 1058 2381 om.
1088 2336 1190 2378 BIu'e

240 2411 280 2449 7.
313 2408 396 2448 alii
427 2407 546 2461 quod
575 2406 679 2460 Spe,
713 2406 901 2459 aliquod
932 2406 984 2460 F,
1017 2419 1076 2447 an
1109 2406 1227 2460 quod
1258 2406 1342 2457 La,
1376 2407 1448 2460 qui
1474 2407 1578 2446 llaec
1607 2413 1652 2447 et

126 2485 272 2520 cetera
303 2491 431 2532 usque
461 2479 520 2519 ad
547 2476 695 2530 ἀγρόν
727 2479 845 2518 uncis
875 2478 1111 2518 interclusit
1226 2478 1265 2517 8.
1301 2487 1410 2528 arpo
1439 2477 1482 2516 F
1563 2490 1649 2531 quo

130 2549 369 2602 Turnebus,
403 2548 523 2602 quod
552 2549 593 2588 F
704 2550 769 2588 11.
796 2552 843 2588 et
868 2550 932 2591 13.
966 2550 1149 2587 centum
1179 2547 1349 2599 viginti
1370 2547 1493 2600 FLa,
1526 2546 1646 2588 CXX

123 2622 242 2674 vulyo
370 2621 437 2660 12.
480 2620 528 2660 in
564 2620 719 2660 seclusi
757 2620 849 2659 coll.
891 2619 943 2658 de
973 2631 1010 2656 r.
1043 2631 1080 2657 r.
1115 2617 1182 2659 lib.
1216 2618 1265 2665 1,
1299 2621 1374 2666 10,
1415 2617 1522 2659 hine
1560 2618 1648 2672 Spe

213 2694 323 2731 'esse
354 2687 418 2744 p.]
456 2688 479 2730 ὂ
509 2689 546 2730 &
576 2690 624 2738 F,
659 2701 759 2730 esse
789 2689 909 2741 vulyo
1026 2689 1096 2727 14.
1126 2687 1367 2728 duodecim
1396 2688 1526 2736 FLa,
1557 2689 1647 2730 XII

124 2763 243 2814 vulgo
360 2757 530 2813 aetum]
565 2756 692 2800 actiis
723 2759 775 2810 F,
813 2760 941 2799 voluit
977 2759 1104 2811 igitur
1145 2758 1344 2799 librarius
1375 2762 1525 2800 actum
1555 2772 1649 2800 cor-

125 2832 267 2884 rigere
300 2830 427 2884 (Spe)
556 2833 622 2871 15.
656 2829 799 2883 primo
833 2826 879 2881 a]
912 2828 1058 2882 prima.
1087 2829 1130 2868 F
1251 2831 1316 2870 16.
1350 2833 1421 2871 est
1448 2830 1499 2880 F,
1528 2832 1647 2884 vulqo

24 2931 39 2954 ·,
126 2907 221 2945 om..
320 2903 386 2942 17.
421 2915 448 2942 a
478 2900 625 2942 tribus
660 2900 744 2952 La,
777 2899 958 2940 actibus
987 2899 1040 2951 F,
1072 2902 1191 2953 vulyo
1222 2913 1298 2941 om.

1319 2955 1394 3005 4*
