1946 3220
35 291 64 347 τε

19 339 57 378 ³³<

30 379 55 405 ff

0 819 1 826 3
23 860 32 864 ’
118 844 220 912 ψκ’.

117 134 220 206 [60]
256 144 281 180 τε
558 150 711 186 oAVIS
749 149 815 185 Ao
851 149 1198 186 PONDERIBUS.
1538 132 1643 185 233

191 259 270 312 13.
308 259 368 312 ‘O
398 259 458 312 δὲ
487 261 655 324 χοῖνιξ
683 259 910 312 κοτύλας
938 257 1006 323 η’,
1036 257 1091 323 ξε
1118 256 1163 311 δ’
1188 258 1380 327 [χοῖνιξ
1414 252 1644 366 κοτύλας
1668 273 1731 307 766

115 342 181 408 γ’,
216 345 396 408 ξέςτην
423 341 471 395 α’
494 343 566 413 5].
665 366 671 370 ·

192 427 271 479 14.
310 427 370 480 Ο
396 428 455 480 δὲ
484 427 663 491 ξέςτης
688 427 915 479 κοτύλας
943 426 1005 492 β’,
1036 428 1267 481 κυάθους
1292 426 1368 493 ιβ’.

191 511 270 564 15.
313 512 405 563 Καὶ
430 511 516 563 διὰ
538 511 748 563 τούτων
777 511 828 562 οἱ
852 513 1088 564 πλεῖςτοι
1112 516 1223 566 τῶν
1254 512 1524 577 Ἑλλήνων
1559 529 1645 577 με-

15 590 46 620 3
116 597 309 659 τροῦςι.
362 586 508 659 παρὰ
543 596 603 648 δὲ
637 597 751 648 τοῖς
795 596 1061 649 Ἰταλικοῖς
1110 596 1394 661 εὑρίςκεται
1439 596 1470 649 ὁ
1515 600 1647 661 χοῦς
1678 612 1703 651 5

0 688 30 747 ῃ,
116 679 289 748 μέτρῳ
326 681 421 743 μὲν
459 679 602 743 ἔχων
641 680 821 733 ξέςτας
858 678 920 743 ς’,
964 679 1189 732 κοτύλας
1222 679 1302 745 ιβ’,
1344 686 1552 749 ςταθμῷ
1589 683 1648 734 δὲ

117 762 314 816 ὕδατος
340 762 588 828 ὀμβρίου,
626 762 762 828 ὅπερ
787 764 922 817 ἐςτὶν
953 763 1376 829 ἀψευδέςτατον,
1411 766 1648 829 δραχμὰς

192 916 272 968 16.
310 917 370 969 Ὁ
407 918 466 970 δὲ
498 918 666 981 χοῖνιξ
701 916 808 982 ἔχει
832 918 861 982 ξ
886 917 952 981 γ’,
989 918 1217 970 κοτύλας
1255 917 1314 976 ς’.
1370 918 1454 971 καὶ
1489 918 1648 972 οὗτος

13 1003 29 1059 i
118 1002 177 1053 δὲ
204 1002 349 1066 παρὰ
374 1003 486 1053 τοῖς
517 1001 766 1054 Ἀττικοῖς
790 1002 1053 1067 τρυβλίον·
1066 1002 1394 1068 ὀνομάζεται.
1681 1018 1734 1056 10

194 1085 272 1136 17.
312 1085 388 1138 Τὸ
414 1086 474 1137 δὲ
500 1085 779 1151 ὀξύβαφον
801 1087 1056 1151 τέταρτόν
1085 1086 1190 1139 ἑςτι
1215 1091 1309 1151 τῆς
1337 1086 1576 1152 κοτύλης.

193 1168 272 1220 18.
310 1170 451 1233 Ἔχει
479 1171 537 1222 δὲ
564 1169 595 1221 ὁ
623 1170 801 1235 ξέςτης
829 1175 1036 1240 ςταθμῷ
1064 1172 1300 1236 δραχμὰς
1328 1169 1415 1236 ρκ’.

192 1252 272 1304 19.
309 1253 476 1305 Ἰδίως
501 1254 560 1305 δὲ
585 1254 853 1318 Ἑλληνικὴ
879 1254 1075 1319 κοτύλη
1095 1255 1128 1318 ἡ
1149 1254 1330 1308 ἐλαίου
1356 1256 1493 1307 ἕλκει
1516 1255 1564 1307 λῑ
1584 1254 1650 1318 α’,

121 1338 151 1390 ὁ
189 1338 248 1390 δὲ
283 1337 461 1401 ξέςτης
495 1337 542 1387 λι
579 1334 703 1402 β’,·ὁ
734 1339 794 1391 δὲ
821 1338 1072 1391 ’Ἰταλικὸς
1099 1339 1147 1390 λι
1174 1336 1223 1391 α’
1251 1339 1480 1407 [ἐλαίου]
1517 1341 1558 1394 13·
1584 1337 1650 1403 η’,

118 1424 216 1475 τοῦ
243 1422 303 1473 οὲ
330 1420 484 1474 οἴνου
511 1421 552 1474 [3
579 1419 635 1472 θ’.
1684 1437 1736 1476 15

191 1504 276 1556 20.
317 1505 520 1558 Εἰοέναι
551 1506 610 1557 δὲ
635 1507 715 1557 δεῖ
746 1505 822 1557 ὡς
853 1505 919 1557 τὰ
952 1506 1114 1570 μέτρα
1138 1507 1270 1581 κατὰ
1298 1507 1394 1561 τὸν
1421 1507 1652 1570 ςταθμὸν

122 1590 187 1642 ού
209 1589 433 1654 μετρίως
454 1589 820 1643 ἐξαλλάςςεται
839 1589 971 1642 κατὰ
989 1592 1086 1655 τὴν
1106 1593 1198 1654 τῆς
1219 1590 1348 1655 ὕλης
1368 1590 1652 1656 διαφοράν.

405 1742 487 1794 60.
540 1743 857 1808 Cleopatrae
887 1744 1070 1795 tabula
1101 1745 1244 1813 (cap.
1276 1742 1366 1810 X).

605 1841 738 1893 (Vide
770 1843 882 1896 prol.
914 1844 938 1893 ξ
969 1843 1172 1896 64-77,)

123 1926 206 1979 Εκ
242 1928 351 1979 τῶν
393 1925 732 1990 Κλεοπάτρας
767 1928 1093 1991 κοςμητικῶν
1137 1926 1258 1991 περὶ
1294 1928 1536 2022 ςταθμῷν
1571 1927 1696 1979 καὶ.

778 2010 1000 2075 μέτρων.

232 2108 275 2159 1.
313 2108 371 2160 Η
401 2109 504 2172 μνᾶ
529 2106 703 2172 ὄνομα
729 2110 956 2173 ςταθμοῦ
988 2107 1096 2173 ἔχει
1123 2107 1339 2171 οὐγγίας
1364 2107 1446 2171 ις’,
1470 2108 1504 2176 <
1526 2106 1638 2174 ρκη’
1641 2149 1654 2171 ,

123 2192 401 2257 γράμματα
423 2188 556 2254 τπδ’,
596 2190 829 2256 ὀβολοὺς
856 2190 995 2256 ψξη’,
1027 2192 1255 2257 θέρμους
1284 2191 1467 2266 Ιαρνβ’,
1502 2193 1655 2257 κερά-

124 2292 208 2328 τια
235 2271 373 2349 ’βτδᾏ
408 2277 643 2339 χαλκοῦς
671 2271 846 2344 ,ςρμδῖ
884 2277 917 2340 ἡ
945 2277 1142 2340 Ἀττικὴ
1167 2279 1272 2341 μνᾶ
1302 2276 1410 2341 ἔχει
1436 2275 1655 2338 οὐγγίας

126 2357 241 2423 ιβ’β,
265 2359 299 2426 <
332 2357 393 2423 ρ’,
428 2359 706 2422 γράμματα
729 2358 791 2422 τ’,
826 2359 1059 2426 ὀβολοὺς
1087 2359 1153 2425 χ’,
1188 2361 1414 2424 θέρμους
1449 2357 1544 2424 λ’,
1572 2375 1654 2412 κε·
1685 2373 1740 2413 25

1683 1911 1739 1996 260

241 2517 277 2554 1.
314 2515 458 2565 χοῖνιξ
488 2526 630 2566 usque
664 2513 722 2553 ad
752 2506 789 2553 δ’
821 2527 906 2555 om.
939 2515 991 2555 St
1105 2517 1145 2555 6.
1179 2512 1225 2564 ξε
1267 2515 1325 2554 Cle
1449 2514 1656 2566 ςταθμὸν

131 2583 187 2624 Ch
303 2585 343 2625 9.
376 2580 423 2632 ξε
450 2583 530 2635 Gk,
571 2583 782 2635 idemque
821 2583 946 2623 infra
985 2585 1171 2636 saepius
1288 2586 1356 2625 13.
1388 2581 1432 2631 λι
1469 2583 1550 2635 Cle,
1590 2585 1655 2626 sie

131 2654 271 2694 etiam
301 2653 425 2693 infra
543 2653 610 2693 14.
644 2649 799 2693 ἐλαίου
831 2665 917 2694 om.
949 2652 1000 2692 Sc

243 2720 310 2764 18.
344 2720 606 2774 Κεφάλαιον
637 2716 664 2762 ι’
699 2723 756 2762 Ch
841 2723 910 2763 22.
941 2720 1035 2772 ἔχει
1065 2722 1268 2773 ςταθμοῡ
1299 2721 1393 2774 ἔχει
1423 2723 1489 2764 Ne
1584 2725 1654 2765 23.

129 2790 394 2844 γράμματα]
426 2802 486 2843 γρ
515 2790 589 2832 Νε
686 2789 902 2843 ὀβολοὺς]
946 2812 996 2832 υ,
1036 2791 1103 2831 Ne
1196 2786 1357 2849 ἀρνβΊ
1393 2786 1503 2850 ,ανβ’
1534 2793 1655 2833 NeSt

129 2862 198 2904 24.
222 2859 255 2905 [ἲ
278 2859 396 2901 NeSc
513 2863 580 2904 25.
602 2871 661 2912 γρ
683 2861 761 2909 Ne,
795 2862 995 2913 itemque
1027 2861 1151 2902 infra
1238 2860 1455 2915 ὀβολοὺς]
1490 2883 1541 2904 υ,
1573 2862 1655 2913 Ne,

130 2930 329 2982 itemque
359 2930 484 2971 infra
