1946 3220
30 0 147 54 *w

36 39 57 52 ,,

45 59 81 95 ’.ὦ

122 115 213 186 ’[8]
548 130 838 166 Ponssncms
877 130 945 165 m·
985 130 1302 172 QUADRATIS.
1561 85 1662 166 18'7

139 240 244 294 ἀνὰ
269 237 350 305 ιβ’,
376 237 616 301 γίνονται
641 237 805 291 πόδες
833 237 922 304 ςμ’.
972 238 1211 292 πλάτους
1233 239 1292 293 δὲ
1319 238 1427 306 ἔχει
1451 239 1662 293 δώδεκα

137 322 382 387 ἀκαίνας,
408 321 648 386 γίνονται
674 322 837 376 πόδες
863 320 962 387 ρκ’·
1002 322 1097 377 ἐὰν
1123 324 1183 376 δὲ
1207 323 1270 376 τὸ
1298 325 1460 389 μῆκος
1484 324 1505 367 ἴ
1513 323 1572 376 πὶ
1596 322 1660 376 τὸ

136 406 366 470 πλάτος,
399 406 641 470 γίνονται
674 406 838 459 πόδες
865 410 894 471 β
919 405 1043 475 ,ηω’.

241 490 290 544 2.
328 491 388 544 Ἡ
423 490 613 544 ἄκαινα
644 489 817 543 πόδας
852 489 959 555 ἔχει
995 489 1075 556 ιβ’,
1108 491 1348 553 γίνονται
1382 496 1487 544 παλ
1500 491 1663 564 „prod

135 573 232 640 μηῖ
1347 573 1350 576 ’
1693 577 1719 616 5

239 658 288 711 3.
324 659 384 711 ‘O
411 658 549 711 ποὺς
575 658 683 724 ἔχει
708 659 995 711 παλαιςτὰς
1021 656 1083 719 δ’,
1112 659 1404 711 δακτύλους
1431 658 1521 718 ις’.’

240 741 290 794 4.
327 742 388 794 Ὁ
415 746 588 807 πῆχυς
618 742 650 795 6
686 742 1056 806 εὐθυμετρικὸς
1088 741 1198 807 ἔχει
1230 741 1375 794 πόδα
1403 743 1499 796 ἕνα
1525 743 1582 796 C·
1629 743 1660 796 6

135 828 308 891 πῆχυς
333 825 365 878 6
391 827 585 878 λιθικὸς
612 826 720 891 ἔχει
746 825 946 889 ὁμοίως
967 825 1111 878 πόδα
1130 823 1232 887 αἘ,
1257 826 1549 879 δακτύλους
1570 824 1660 879 κδ’.

221 909 291 978 [5.
329 910 451 963 Ἐὰν
475 910 538 962 τὸ
564 910 768 962 πλάτος
792 908 920 961 τοὺς
943 906 1020 961 κδ’
1041 909 1126 961 ἐπὶ
1152 909 1278 961 τοὺς
1303 908 1398 971 κδ’,
1421 909 1661 972 γίνονται

135 995 384 1047 δάκτυλοι
411 992 538 1060 φος’
550 1009 562 1022 ·
602 993 829 1046 τούτους
865 993 951 1045 ἐπὶ
985 993 1048 1046 τὸ
1074 993 1249 1058 πάχος
1273 993 1512 1056 γίνονται
1538 993 1660 1055 ἀγε-
1692 1010 1746 1050 10

136 1079 276 1131 λαῖοι
305 1077 554 1138 δάκτυλοι
578 1082 613 1131 ἃ
635 1076 847 1147 ,γωκδ’.]

524 1244 569 1298 8.
628 1245 831 1296 Tabula
866 1244 1176 1296 Heroniana
1219 1245 1275 1295 V.

609 1343 742 1396 (Vide
774 1343 888 1398 prol.
920 1344 945 1394 5
977 1343 1180 1398 24—27.)

244 1428 287 1479 1.
323 1426 401 1480 Τὰ
417 1426 476 1479 δὲ
491 1426 653 1491 μέτρα
679 1426 985 1491 ἑξεύρηνται
1007 1426 1062 1481 ἐξ
1087 1427 1445 1492 ἀνθρωπίνων
1465 1428 1661 1492 μελῶν,

135 1510 422 1576 δακτύλου,
450 1509 788 1579 [κονδύλου,]
815 1511 1132 1574 παλαιςτοῦ,
1162 1513 1442 1576 ςπιθαμῆς,
1473 1510 1661 1574 ποδός,
1694 1527 1747 1566 15

135 1595 375 1661 πήχεως,
405 1595 659 1660 βήματος,
687 1593 904 1658 ὀργυιᾶς
936 1594 1020 1646 καὶ
1046 1596 1269 1649 λοιπῶν.

240 1677 288 1730 2.
323 1678 557 1732 Πάντων
601 1678 661 1730 δὲ
701 1677 1100 1744 ἑλαχιςτότερός
1148 1679 1285 1734 ἐςτιν
1317 1678 1348 1732 6
1385 1679 1661 1741 δάκτυλος,

134 1761 276 1815 ὅςτις
301 1763 384 1814 καὶ
414 1761 582 1828 μονὰς
615 1763 873 1814 καλεῖται·
908 1764 1178 1828 διαιρεῖται
1212 1764 1271 1815 δὲ
1303 1762 1415 1816 ἔςθ’
1440 1762 1531 1815 ὅτε
1567 1763 1662 1827 μὲν

135 1846 220 1899 καὶ
249 1846 321 1898 εἰς
343 1846 495 1910 ἥμιςυ
519 1845 604 1897 καὶ
629 1845 809 1910 τρίτον
836 1846 921 1897 καὶ
944 1846 1108 1898 λοιπὰ
1133 1846 1304 1911 μόρια.

241 1930 287 1982 3.
329 1930 478 1982 Μετὰ
516 1929 575 1982 δὲ
606 1928 702 1982 τὸν
736 1929 1023 1992 δάκτυλον,
1060 1928 1122 1983 ὅς
1155 1930 1259 1982 ἑςτι
1293 1930 1453 1994 μέρος
1488 1928 1662 1993 ἐλάχι-
1694 1944 1748 1984 20

136 2029 262 2067 ςτον
286 2012 535 2078 πάντων,
571 2012 707 2066 ἕςτιν
735 2011 790 2080 [6
818 2012 1106 2078 κόνδυλος,
1137 2014 1198 2066 ὃς
1235 2014 1342 2079 ἔχει
1368 2012 1663 2066 δακτύλους

135 2098 249 2151 δύο.
741 2106 743 2108 ’

251 2283 288 2323 1.
319 2278 481 2333 πόδες]
515 2291 578 2322 πο
607 2281 687 2332 P0,
721 2293 806 2322 om.
839 2281 903 2321 Le
1019 2279 1221 2335 δώδεκα]
1254 2280 1298 2323 Δ
1327 2282 1391 2323 P⁰
1506 2283 1547 2324 3.
1578 2279 1662 2339 ,βῶ

135 2352 208 2403 P0,
242 2364 357 2392 corr.
387 2351 453 2391 Le
567 2351 609 2391 4.
640 2347 853 2401 γίνονται
891 2349 1138 2392 παλαιςταὶ
1167 2352 1244 2403 P0,
1284 2349 1464 2401 γίνεται
1500 2349 1663 2391 παλαι-

135 2418 246 2462 ςτὰς
279 2421 342 2461 Le
458 2420 498 2462 5.
532 2412 625 2471 μη’]
659 2421 691 2471 ἰῑ
719 2420 775 2461 P⁰
893 2421 933 2461 7.
965 2419 1108 2473 πόδα]
1142 2419 1233 2462 ποδ
1263 2421 1319 2461 Pc
1399 2417 1500 2472 ἕνα]
1535 2419 1565 2461 ἇ
1593 2421 1661 2462 Le

139 2493 205 2533 10.
237 2483 364 2543 φος’]
399 2482 506 2541 φοβ’
534 2490 607 2530 P0.

249 2560 317 2602 14.
356 2557 475 2611 Περὶ
515 2557 701 2611 μέτρων
739 2560 1009 2613 inscriptum
1046 2559 1189 2600 habet
1224 2559 1265 2601 V
1379 2557 1663 2613 ἑξηύρηνται

135 2629 195 2672 P‘¹
226 2644 253 2672 a
282 2643 350 2684 pr.
381 2643 440 2670 m.
559 2630 624 2670 15.
664 2627 896 2670 κονδύλου
927 2643 1013 2672 om,
1048 2629 1082 2670 C
1198 2629 1455 2671 παλαιςτοῠ
1487 2643 1571 2672 om.
1601 2627 1663 2671 Ρῡι

137 2702 205 2741 16.
237 2698 414 2752 πήχεος
443 2700 484 2740 V
600 2699 666 2739 17.
710 2697 1060 2751 ἑλαχιςτότερος
1090 2696 1172 2751 Ρᾱ,
1213 2696 1576 2750 ἐλαχιςτότατον
1604 2700 1661 2753 V,

134 2768 504 2821 ἑλαχιςτώτερον
534 2769 591 2809 pe
679 2767 705 2810 6
738 2781 822 2810 om.
847 2769 888 2809 V
1005 2770 1071 2810 18.
1105 2766 1188 2820 μὲν
1218 2769 1293 2810 καὶ
1324 2782 1410 2811 om.
1442 2769 1483 2809 V
1591 2771 1659 2811 19.

134 2837 286 2891 ἡμίςει
313 2839 370 2880 P⁰
466 2836 628 2891 τρίτον
659 2838 734 2880 καὶ
766 2837 906 2880 λοιπὰ
938 2836 1094 2891 μόρια]
1129 2836 1194 2880 εἰς
1223 2837 1386 2891 τρίτον
1417 2838 1493 2880 καὶ
1523 2837 1588 2881 εἰς
1610 2832 1663 2879 δ”

135 2908 213 2952 καὶ
234 2906 299 2951 εἰς
322 2907 462 2950 λοιπὰ
484 2907 619 2962 μόρια
629 2909 685 2951 ΡΘ
772 2910 841 2950 21.
866 2907 891 2951 6
914 2907 1139 2951 κόνδυλος
1159 2921 1303 2963 usque
1326 2906 1505 2951 αᾶΕἶτα
1527 2905 1660 2951 om.C
