1946 3220
305 171 412 225 320
901 180 1222 216 FRAGMENTA
1702 145 1831 232 [104]
1891 169 1894 172 ’
1901 167 1941 229 4²³

418 295 626 355 Κίνςος,
655 283 803 344 εἶδος
827 288 1173 354 νομίςματος,
1202 287 1602 354 ἐπικεφάλαιον.

418 375 658 442 Κίςυρος]
687 392 711 426 4<
735 373 964 438 κόφινος
989 374 1033 441 ᾧ
1059 374 1157 427 τὸν
1185 375 1330 426 εἶτον
1364 371 1755 438 ἀναβάλλουςιν
1783 370 1835 425 οἱ

309 459 567 518 ναυτικοί
594 459 627 523 ἢ
653 458 847 524 μέτρον
874 474 935 510 τι.
1902 490 1946 528 .÷.

416 542 759 609 Κοβελίςκον
779 541 1051 608 τρυβλίον.

253 637 278 677 5
417 627 650 691 Κόγχας,
679 626 765 679 καὶ
792 626 989 692 χήμας,
1020 625 1105 679 καὶ
1130 624 1194 679 τὸ
1218 625 1428 691 μέτρον.
1914 694 1916 698 ,

415 711 749 777 Κοδράντης,
783 711 847 764 τὸ
882 713 1017 774 πᾶν,
1051 711 1085 775 ἢ
1110 710 1174 763 τὸ
1198 709 1454 776 τέταρτον
1481 711 1575 773 τῆς
1601 706 1839 774 φόλεως,
1915 706 1917 708 ’

309 796 341 861 ἢ
362 796 529 849 λεπτὰ
553 796 668 848 δύο.
698 795 762 848 τὸ
782 795 842 848 δὲ
868 795 1067 848 λεπτὸν
1095 793 1534 860 ἑξακιςχιλιοςτὸν
1553 790 1839 855 ταλάντου,

311 878 342 931 ὅ
381 880 485 932 ἐςτι
518 880 741 945 νόμιςμα
777 880 836 933 ἓν
874 879 907 944 ἢ
943 878 1229 943 κοδράνται
1263 895 1323 948 [γ.
1375 878 1438 931 τὸ
1474 879 1533 930 δὲ
1571 876 1840 930 τάλαντον
1919 898 1922 902 ·

311 963 479 1028 λίτραι
505 964 695 1020 ἑκατὸν
723 963 885 1018 εἴκοςι
908 963 1084 1018 πέντε.
1134 963 1164 1016 ὁ
1191 963 1251 1016 δὲ
1275 962 1571 1027 κοδράντης
1594 960 1839 1026 νομίςμα-

228 1065 280 1104 10
309 1064 402 1100 τος
441 1046 532 1121 5⁸.
594 1049 625 1102 ὁ
663 1050 726 1103 δὲ
760 1048 981 1114 ἕςχατος
1015 1047 1311 1112 κοδράντης
1346 1047 1410 1101 τὸ
1449 1046 1706 1111 τέταρτον
1746 1049 1840 1108 τῆς
1922 1063 1923 1066 ’

311 1132 542 1198 φόλεως.
1793 1155 1795 1158 ·

419 1230 748 1295 Κοδράντης,
774 1231 837 1283 τὸ
863 1232 971 1285 πᾶν
996 1231 1029 1296 ἢ
1054 1229 1223 1284 λεπτὰ
1247 1228 1363 1283 δύο.
1410 1228 1473 1282 τὸ
1501 1227 1701 1282 λεπτὸν
1728 1226 1841 1281 ἑξα-

309 1315 656 1379 κιςχιλιοςτὸν
681 1314 965 1370 ταλάντου.

419 1412 606 1480 Κολία]
634 1434 659 1466 ,ιι
691 1413 776 1466 καὶ
802 1414 998 1479 μέτρον
1024 1429 1095 1466 τι·
1125 1413 1209 1466 καὶ
1231 1413 1293 1466 τὸ
1319 1411 1609 1478 ἡμικόλιον.

229 1521 280 1560 15
421 1510 799 1576 Κολλυβιςτής,
849 1511 1164 1576 τραπεζίτης
1213 1511 1497 1577 (κόλλυβος
1541 1509 1644 1574 γὰρ
1696 1507 1844 1562 εἶδος
1931 1540 1946 1578 3

313 1593 666 1661 νομίςματος).
716 1595 800 1647 καὶ
826 1595 856 1648 ὁ
884 1595 943 1649 ἐν
967 1600 1043 1663 τῷ
1070 1597 1250 1664 χαλκῷ
1277 1593 1671 1659 κεχαραγμένος
1699 1596 1842 1659 βοῦς.
1922 1605 1944 1614 ”

421 1692 602 1757 Κόμμα
626 1693 812 1747 καινὸν
839 1693 905 1746 οὐ
931 1694 1101 1758 μόνον
1130 1693 1217 1746 ἐπὶ
1238 1696 1335 1746 τοῦ
1357 1692 1692 1759 νομίςματος,
1720 1692 1844 1745 ἀλλ’

311 1774 410 1840 ἤδη
435 1776 519 1828 καὶ
544 1776 631 1829 ἐπὶ
656 1780 768 1831 τῶν
793 1781 994 1831 καινῶν
1021 1779 1275 1831 πολιτῶν.

424 1873 616 1943 Κόρος]
644 1895 669 1927 *
698 1876 782 1928 καὶ
813 1876 1007 1942 μέτρον
1034 1893 1082 1929 τι
1106 1875 1311 1930 ςιτικόν.

228 1967 283 2005 20
422 1958 671 2024 Κόρςιον,
701 1959 817 2024 ῥίζα
846 1977 945 2014 τις·
981 1961 1014 2026 ἢ
1040 1960 1264 2026 νόμιςμα
1297 1959 1432 2025 παρ’
1455 1958 1754 2022 Αἰγυπτίοις
1778 1958 1841 2011 τὸ

313 2045 556 2106 κερςαῑον
581 2043 891 2109 λεγόμενον.

371 2168 374 2173 .
421 2125 654 2191 Κοτύλη,
683 2127 829 2181 εἶδος
855 2129 1068 2194 μέτρου.

424 2210 687 2277 Κόφινος,
715 2211 928 2277 μέτρον,
956 2215 1174 2277 χωροῦν
1204 2212 1336 2278 χοᾶς
1361 2212 1516 2276 τρεῖς.

422 2295 795 2360 Κραπαταλός,
826 2297 973 2361 παρὰ
998 2298 1225 2350 πολλοῖς
1250 2295 1281 2349 ὃ
1315 2296 1522 2362 μωρός,
1547 2296 1580 2361 ἢ
1607 2293 1842 2361 νόμιςμα.

230 2386 285 2426 25
424 2379 681 2443 Κροίςειοι
705 2383 980 2446 ςτατῆρες,
1013 2381 1131 2435 τινὰ
1155 2380 1197 2433 .†.

425 2463 653 2528 Κύαθος,
680 2465 915 2528 ςταγών,
942 2465 1128 2530 μικρὸν
1155 2464 1363 2530 μέτρον.
1417 2465 1450 2529 ἢ
1478 2463 1840 2530 ἀντλητήριον.

431 2689 600 2730 6—11.
632 2690 739 2732 vide
770 2691 883 2744 prol.
915 2692 940 2742 ἓ
972 2693 1053 2734 103
1226 2692 1293 2735 15.
1325 2691 1391 2732 16.
1423 2690 1566 2733 verba
1596 2690 1665 2731 sic
1695 2689 1842 2731 inter-

319 2756 485 2808 punxi,
525 2762 575 2797 ut
614 2760 690 2800 καὶ
722 2758 747 2801 ὁ
781 2765 872 2806 cet.
912 2761 971 2802 ad
1009 2758 1333 2813 κολλυβιςτής,
1373 2773 1465 2802 non
1503 2759 1562 2801 ad
1599 2757 1840 2813 κόλλυβος,
1912 2807 1914 2810 y

317 2827 548 2878 pertinere
589 2834 813 2881 appareat
928 2833 997 2873 20.
1029 2829 1268 2884 κορςίπιον
1300 2830 1417 2883 cod„
1465 2843 1550 2873 em.
1580 2829 1786 2871 Bodaeus
1814 2843 1841 2871 a
1915 2837 1919 2839 ’

318 2894 469 2947 Stapel
562 2897 629 2936 24.
663 2898 988 2949 κραπάταλλος
1011 2902 1112 2945 cod.
1227 2901 1298 2943 25.
1321 2898 1556 2953 Κρειΐεειοι
1587 2900 1683 2943 cod.
1771 2901 1840 2943 26.

317 2965 501 3016 ςταγῶν
533 2965 648 3018 eod„
678 2965 874 3020 ςκάφιον
905 2972 1022 3016 coni.
1053 2971 1244 3015 Meinelc.
1537 2984 1544 2986 ⁷
