1946 3220
739 188 1048 224 ruant-Amo,
1065 168 1070 179 “
1551 189 1653 226 xlx

9 300 11 302 ’
114 297 263 358 Ergo·
275 305 357 343 aut
381 297 455 344 illa
482 313 599 360 quae
625 300 714 345 dixi
744 300 1016 362 interpolata
1036 310 1159 360 sunt,
1184 311 1260 349 aut
1282 304 1437 351 lsidori
1459 309 1654 365 genuina

87 368 282 419 soratio
319 368 497 414 turbata
533 377 604 416 est
639 384 694 415 eo
732 371 863 430 loco,
896 367 974 417 ubi
1000 371 1133 418 dicta
1160 373 1374 419 dicitur
1364 390 1407 420 ιιι
1434 379 1467 420 Α
1495 390 1651 437 suspe-

135 445 257 484 ctum
293 445 363 484 est
401 438 581 485 collatis
619 441 808 501 reliquis
854 441 1102 488 codicibus.
1180 443 1346 499 Quodsi
1391 459 1474 506 pro
1518 447 1653 493 dicta

22 526 28 531 ·
63 520 75 566 ‘4
135 509 398 586 interponas
424 508 637 556 Graecum
666 505 863 569 ὤατον,
891 513 1011 573 quod
1037 513 1304 560 vocabulum
1332 523 1557 562 servatum
1584 525 1654 562 est

47 574 74 637 j
136 578 180 623 in
205 571 473 625 Heronianis
498 580 702 641 reliquiis
736 580 870 640 (Ster.
898 583 947 627 ll.
973 582 1020 629 3.
1049 580 1161 644 25),
1196 585 1306 630 nihil
1334 587 1420 631 iam
1451 589 1650 647 suspecti

63 671 66 673 Δ
134 649 222 695 hoc
255 648 359 696 loco
393 649 682 711 relinquitur.
715 677 773 684 —
801 653 847 699 P.
878 652 1004 710 123,
1034 654 1063 700 7
1099 661 1251 700 notam
1290 656 1446 701 talenti
1473 650 1568 713 ΤΛ,
1607 660 1652 703 in

78 767 80 770 ,
135 719 342 766 omnibus
375 720 505 766 libris
540 729 829 783 corruptam,
865 724 1056 769 servavit
1091 725 1311 784 integram
1348 726 1485 772 codex
1521 727 1651 773 Muti-

6 860 8 862 Ὺ
38 823 58 846 s
135 791 290 836 nensis
315 790 371 835 rr.
398 791 516 849 136,
546 791 628 836 22.
667 835 670 838 .

240 859 355 907 128.
394 861 503 907 Vide
529 861 726 908 Gromat.
754 863 821 908 ed.
848 863 1116 909 Lachmann.
1143 880 1187 925 p.
1219 865 1301 921 95,
1326 866 1549 925 11—96,
1571 867 1650 913 ⁶20.

241 930 355 977 129.
395 931 442 976 V.
478 932 641 978 ibidem
680 949 723 994 p.
762 932 881 991 245,
913 933 1137 992 5-246,
1171 936 1215 984 6.
1267 936 1332 980 Ad
1372 936 1487 982 hanc
1527 936 1651 982 tabu-

132 1001 220 1046 lam
263 1015 440 1048 omnem
482 1003 649 1049 codicis
691 1005 924 1050 Arceriani
965 1004 1040 1064 (A)
1076 1006 1241 1051 variam
1286 1008 1555 1111 scripturam
1601 1022 1651 1051 ex

132 1070 403 1118 Lachmanni
430 1074 628 1119 editione
653 1076 857 1135 repetivi.

241 1143 354 1190 130.
387 1143 501 1190 131.
541 1144 591 1189 V.
618 1145 851 1206 ibidemp.
882 1144 1011 1203 354,-
1031 1145 1205 1193 2-10
1232 1153 1345 1206 etp.
1374 1147 1491 1203 359,
1526 1149 1605 1192 11.

241 1212 357 1260 132.
397 1214 611 1260 Tabulam
638 1215 808 1261 codicis
835 1215 1070 1262 Bobiensis
1099 1218 1288 1276 repetivi
1321 1231 1373 1262 ex
1399 1216 1650 1263 Endlicheri

132 1282 273 1328 libro:
299 1283 397 1329 vide
423 1285 540 1345 prol.
569 1285 598 1343 S
630 1285 728 1330 122
755 1287 854 1332 adn.
885 1287 928 1331 1.

242 1353 366 1401 133.
400 1355 612 1401 Tabulam
639 1357 891 1417 ponderum
918 1371 970 1402 ac
996 1371 1307 1402 mensurarum
1332 1370 1355 1401 e
1375 1357 1530 1402 codice
1550 1358 1652 1402 Ber-

131 1424 263 1470 nensi
299 1425 365 1471 83
402 1439 518 1472 saec.
545 1426 600 1471 lX
634 1434 679 1472 et
713 1427 749 1471 X
785 1425 881 1486 (sol.
908 1421 1022 1484 84¹³)
1060 1427 1334 1487 descriptam
1372 1429 1561 1472 comiter
1598 1428 1651 1471 ad

132 1508 203 1539 me
242 1496 366 1540 misit
389 1494 486 1540 Car.
513 1497 748 1542 Halmius..
786 1497 864 1543 Hie
898 1497 1091 1557 primum
1128 1497 1314 1542 offendit
1352 1499 1651 1556 ingratissima

134 1565 208 1610 illa
233 1564 494 1623 difficultaS,
521 1581 636 1627 quae
657 1567 710 1613 ad
731 1568 931 1627 proxima
961 1581 1144 1627 quoque
1165 1567 1414 1626 fragmenta
1436 1569 1652 1627 pertinet,

115 1642 183 1680 vut
218 1642 354 1681 notae
378 1637 632 1696 ponderum
669 1652 721 1683 ac
758 1651 1071 1683 mensurarum
1107 1645 1210 1697 apte
1249 1645 1293 1682 et
1333 1638 1568 1683 commode
1601 1652 1651 1682 ex

131 1705 363 1752 codicibus
399 1721 533 1752 manu
572 1709 754 1768 scriptis
789 1711 833 1753 in
875 1709 994 1754 hunc
1027 1708 1191 1753 librum
1232 1710 1349 1767 typis
1389 1722 1652 1767 expressum

0 1762 49 1830 ῘῬ·
132 1775 506 1823 transferrentur.
556 1778 755 1823 Primum
789 1779 936 1835 enim,
971 1785 1022 1823 ut
1055 1778 1142 1823 iam
1175 1779 1219 1821 in
1246 1779 1399 1837 priore
1426 1777 1652 1822 volumine

0 1878 1 1885 κ
42 1854 51 1885 -’
133 1845 406 1906 significavi,
443 1863 533 1894 non
560 1848 689 1894 licuit
719 1849 1017 1904 contendere,
1054 1855 1104 1893 ut
1129 1848 1240 1893 tanti
1271 1855 1479 1907 sumptus
1507 1849 1550 1892 in
1579 1862 1651 1892 ex-

132 1917 357 1963 cudendas
390 1932 529 1964 novas
556 1919 726 1964 formas
752 1919 936 1974 fierent3
976 1926 1068 1963 tum
1106 1932 1211 1964 vero
1249 1931 1304 1962 ue
1334 1918 1442 1962 utile
1473 1917 1650 1977 quidem

132 2000 232 2033 esse
268 1987 371 2032 duxi
406 1989 673 2050 depravatos
710 1990 913 2035 codicum
951 1989 1113 2035 ductus
1153 1990 1274 2048 typis
1304 1995 1524 2048 repetere.
1590 1988 1651 2031 lta

0 2055 59 2103 ’ῗ
132 2071 235 2104 cum
269 2058 346 2104 diu
381 2058 670 2106 fluctuassem
710 2059 902 2117 iudicio,
940 2073 1028 2119 quo
1064 2059 1196 2104 modo
1235 2073 1286 2103 ex
1323 2059 1392 2103 his
1428 2060 1650 2117 angustiis

132 2127 252 2174 salva
290 2128 375 2174 fide
413 2144 528 2190 quae
563 2133 770 2177 criticum
797 2131 925 2176 decet
954 2144 1022 2174 ine
1050 2130 1303 2190 expedirem
1321 2163 1334 2184 ,
1374 2129 1488 2173 hanc
1512 2128 1651 2174 ratio-

51 2251 54 2254 ,
132 2212 234 2244 nem
261 2201 535 2260 sequendam
569 2214 668 2247 esse
693 2202 962 2247 existimavi:
995 2201 1213 2260 primum,
1239 2199 1497 2258 ubicunque
1521 2205 1651 2242 notas

131 2283 264 2315 manu
301 2273 492 2332 scriptas
531 2273 792 2332 depravatas
829 2285 928 2317 esse
967 2277 1206 2332 appareret
1235 2284 1286 2315 ex
1318 2267 1651 2329 antiquioribus

42 2335 53 2369 5
133 2346 178 2384 et
213 2339 429 2400 integriS,
466 2343 544 2388 lias
579 2343 694 2388 infra
729 2342 875 2398 edidi,
916 2341 1016 2387 illas
1044 2340 1193 2387 autem
1220 2341 1479 2400 depravatas
1505 2338 1579 2382 hic
1606 2338 1649 2381 in

124 2409 414 2470 >praefatione
453 2419 532 2458 aut
568 2413 715 2458 verbis
749 2412 965 2472 descripsi
1003 2419 1077 2457 aut
1112 2413 1237 2455 novis
1272 2411 1388 2470 typis
1423 2409 1650 2468 expressi;

47 2471 66 2514 Γ·
131 2480 316 2538 deinde,
362 2482 505 2528 sicubi
543 2491 650 2529 nota
686 2497 818 2529 manu
855 2484 1021 2542 scripta
1068 2495 1156 2525 non
1199 2479 1448 2539 comparari
1496 2487 1651 2537 posset

127 2561 232 2597 ‘cum
269 2551 525 2613 antiquiore
562 2554 679 2612 ulla,
719 2552 841 2598 illam
862 2554 1002 2612 ipsam
1030 2551 1145 2596 infra
1171 2549 1311 2601 edidi;
1359 2549 1552 2608 denique
1578 2561 1651 2592 ex·

63 2614 66 2616 ’
133 2628 274 2669 trema
306 2623 389 2668 hac
422 2624 701 2684 praefatione
727 2629 1018 2683 conspectum
1051 2621 1269 2681 quendam
1297 2619 1497 2664 omnium
1522 2625 1650 2664 nota·

133 2706 232 2738 rum
259 2694 449 2740 confeci.
478 2721 548 2727 —
579 2695 666 2740 lam
696 2701 746 2739 ut
770 2693 822 2739 ad
850 2692 1135 2752 propositum
1160 2690 1430 2750 perveniam,
1454 2689 1648 2750 primum

39 2802 42 2803 γ
131 2763 417 2823 explicandae
461 2772 568 2811 sunt
603 2771 736 2810 notae
776 2762 942 2823 quibus
977 2762 1090 2807 assis
1131 2767 1284 2821 partes
1322 2767 1368 2806 et
1401 2762 1445 2806 in
1475 2759 1559 2805 hac
1588 2767 1650 2803 ta·

39 2834 62 2866 ἓ
130 2832 237 2879 bula
272 2840 318 2879 et
343 2836 390 2880 in
414 2836 632 2896 proximis
662 2834 831 2879 librarii
857 2839 1053 2878 veterum
1079 2831 1283 2878 codicum
1311 2836 1648 2891 expresserunt.

131 2902 431 2951 Sextantis
463 2907 555 2951 sive
580 2906 770 2950 duarum
797 2902 1029 2950 unciarum
1055 2909 1159 2948 nota
1187 2903 1229 2947 in
1257 2901 1411 2947 codice
1438 2900 1648 2946 Bernensi

47 2973 58 3000 ·'
133 2980 203 3022 est
238 2971 313 3034 ³5,
352 2976 514 3021 similis
540 2976 634 3021 sere
660 2976 702 3020 in
730 2973 946 3030 Gudiano,
979 2987 1109 3033 quain
1139 2973 1234 3018 vide
1264 2972 1380 3032 apud
1405 2971 1648 3017 Lachman-

53 3049 60 3056 .
1325 3052 1394 3100 b*
