1946 3220
1671 4 1699 13 ,
1774 6 1821 22 ,-,
1839 0 1878 38 φ

287 151 394 205 286
895 165 1208 200 FRAGMENTA
1715 131 1815 220 [92]
1945 191 1946 219 3

287 277 414 331 τοὺς
442 276 495 330 ἓξ
509 262 751 340 χαλκοῦς
776 271 1112 338 τριτημόριον
1145 271 1452 339 ὠνόμαζον,
1479 274 1614 329 ἔςτιν
1639 274 1815 342 εὑρεῖν
1905 294 1908 298 ‘

289 361 347 416 ἐν
377 363 452 428 τῷ
489 359 788 422 Φιλήμονος
816 356 1044 424 (αρδίιμ
1886 363 1906 369 ”

429 444 661 508 χαλκοῦς
687 440 924 507 ὀφείλεις
947 440 1107 494 πέντε
1132 456 1240 506 μοι·
1265 441 1509 507 μέμνης’;
1542 443 1649 506 ἐγώ

428 526 508 580 ςοὶ
538 526 698 579 πέντε
722 526 982 591 χαλκοῦς,
1011 525 1070 578 ςὺ
1097 525 1156 578 δέ
1181 526 1242 589 γ’
1268 526 1384 591 ἐμοὶ
1407 527 1742 593 τριτήμορον.

231 627 255 667 5
427 611 555 663 τοὺς
584 611 638 663 ἓξ
666 609 906 662 ἀποδοὺς
932 609 1058 662 τοὺς
1084 609 1246 664 πέντε
1272 613 1502 676 χαλκοῦς
1532 611 1785 679 ἀπόλαβε.

222 723 262 756 66
284 694 367 748 καὶ
395 693 469 749 ἔτι
496 697 682 760 ςαφῶς
710 694 768 747 ἐν
793 698 869 762 τῷ
895 694 1408 764 Πιττοκοπουμένῳ·

426 779 544 832 ἰδοὺ
569 778 842 844 πάρεςτιν,
873 778 948 831 ὡς
974 778 1121 847 ὁρᾷς.
1174 779 1491 845 τριτημόρου

429 864 644 917 ἕκαςτος
669 863 820 928 ὑμῶν
844 863 1028 927 ἦλθεν·
1059 863 1132 916 εἰς
1157 865 1284 917 τοὺς
1309 864 1560 930 τέτταρας

428 947 648 1014 εἴληφεν
671 947 793 1014 ἡμῖν
820 947 999 1000 οὑτοςὶ
1025 948 1341 1014 τριώβολον.

202 1054 254 1092 10
284 1033 552 1098 τεττάρων
582 1033 685 1097 γὰρ
715 1032 798 1085 καὶ
825 1032 986 1086 εἴκοςι
1014 1034 1230 1097 χαλκῶν
1258 1031 1436 1087 ὄντων
1463 1033 1522 1087 ἐν
1555 1037 1633 1102 τῷ
1659 1050 1813 1099 τριω-

286 1117 458 1186 βόλῳ,
504 1117 558 1172 ἓξ
595 1117 795 1185 ἑκάςτῳ
826 1117 1064 1179 γίνονται
1107 1119 1296 1182 χαλκοῖ
1336 1117 1605 1182 τέτταρςιν
1649 1117 1813 1181 οὗςιν,

284 1202 380 1255 οῦς
424 1200 631 1267 εἴρηκεν
672 1200 1022 1266 τριτημόριον.
1097 1200 1228 1255 ὅταν
1273 1202 1455 1267 μέντοι
1488 1202 1814 1267 Θουκυδίδης

284 1284 404 1355 εἴπῃ
443 1285 808 1351 ετριτημόριον
845 1286 904 1338 δὲ
939 1285 1160 1350 μάλιςτα
1190 1286 1468 1349 ἱππικόν’,
1508 1287 1604 1352 τὴν
1635 1285 1813 1352 τρίτην

282 1371 474 1435 μοῖραν
509 1368 730 1436 εἴρηκεν.
798 1369 829 1422 ὁ
861 1371 919 1423 δὲ
943 1369 1234 1434 Ἡρόδοτος
1260 1371 1609 1436 τριτημορίδα.
1661 1371 1723 1424 τὸ
1754 1371 1814 1426 δὲ

200 1473 252 1512 15
283 1454 429 1518 παρὰ
485 1454 742 1519 Φιλήμονι
796 1454 1114 1519 τριτήμορον
1172 1455 1607 1520 τριταρτημόριον
1666 1457 1816 1508 καλεῖ

219 1567 258 1601 57
283 1537 455 1592 ἐνίοτε
480 1538 728 1592 Πλάτων.
786 1537 866 1591 ὅτι
905 1538 964 1591 δὲ
998 1537 1049 1590 οἱ
1082 1538 1326 1604 τέτταρες
1361 1541 1553 1605 χαλκοῖ
1584 1539 1812 1606 ἡμιωβό,

283 1621 399 1676 λιόν
428 1621 579 1686 εἰςιν,
607 1621 666 1676 ἐν
691 1627 767 1691 τῷ
794 1620 938 1691 αὐτῷ
966 1621 1187 1687 δράματι
1212 1623 1513 1688 Φιλήμονος
1537 1623 1697 1677 έςτιν·

693 1720 894 1787 ὀβολοῦ
919 1721 981 1774 τὸ
1007 1723 1228 1786 πρῶτον
1255 1722 1376 1786 ἡμῖν
1403 1721 1633 1787 ἐνέχεεν,

426 1805 510 1857 καὶ
534 1805 803 1870 τεττάρων
831 1807 1045 1871 χαλκῶν
1073 1806 1202 1870 μετὰ
1225 1808 1404 1859 ταῦτα.
1451 1805 1535 1858 καὶ
1559 1805 1699 1871 μάλα

198 1907 252 1948 20
425 1888 532 1955 τρί’
558 1888 838 1955 ἡμιωβόλι’
865 1889 993 1942 ἐςτί·
1024 1892 1226 1956 χαλκοῦ
1254 1890 1449 1956 θερμὸν
1477 1889 1556 1955 ἦν.

381 1987 465 2042 Ἐν
491 1988 666 2054 τούτῳ
692 1988 775 2040 καὶ
805 1990 1013 2053 πολλὴν
1038 1989 1269 2054 ἀπορίαν
1292 2007 1368 2043 τις
1403 1990 1469 2043 ἂν
1489 1988 1809 2052 έπιλύςαιτο,

283 2070 418 2136 ὑπὲρ
452 2071 516 2136 ἧς
550 2071 674 2125 οἶδα
712 2072 968 2126 πολλάκις
1002 2072 1418 2138 ἀμφιςβητήςας,
1455 2072 1498 2126 εἰ
1531 2073 1676 2139 παρά
1709 2091 1811 2127 τινι

204 2153 210 2158 ’
282 2158 392 2210 τῶν
430 2155 666 2222 ἀρχαίων
703 2161 879 2225 Θερμῷ
914 2157 1224 2222 χρωμένους
1268 2157 1354 2210 ἐπὶ
1388 2162 1464 2226 τῷ
1499 2159 1638 2211 πιεῖν
1673 2157 1809 2211 ἕςτιν

284 2239 472 2306 εὑρεῖν.
545 2240 631 2292 καὶ
664 2240 730 2293 τὰ
773 2241 868 2305 μὲν
902 2241 1037 2306 παρ’
1071 2241 1283 2309 Ὁμήρῳ
1318 2241 1525 2305 πολλὴν
1561 2240 1672 2307 εἶχε
1711 2242 1807 2305 τὴν

198 2309 258 2395 2⁶}
284 2324 558 2390 ἀςάφειαν.
609 2323 694 2378 καὶ
717 2324 820 2391 γὰρ
845 2322 892 2378 εἴ
912 2341 988 2378 τις
1012 2324 1137 2379 τοὺς
1159 2324 1392 2379 αἴθωνας
1418 2325 1638 2390 λέβητας
1664 2326 1811 2391 παρὰ

395 2539 436 2578 4.
468 2536 517 2578 δέ
548 2549 622 2588 μοι
651 2539 710 2578 Di
850 2537 892 2578 8.
925 2536 1039 2579 τοὺς
1070 2551 1156 2579 om.
1188 2539 1248 2579 Di
1279 2536 1399 2589 (add.
1436 2535 1643 2589 Clericus)
1766 2540 1807 2581 9.

281 2603 391 2655 ὑμῖν
428 2607 669 2648 Hemsterlz.
708 2607 777 2648 Be
923 2605 1096 2650 οὑτωςὶ
1140 2608 1249 2649 libri
1286 2609 1344 2648 Di
1382 2605 1512 2659 (corr.
1555 2606 1805 2660 Salmasius)

285 2675 351 2715 13.
386 2673 506 2716 εἴποι
536 2678 595 2717 Di
717 2679 783 2718 15.
815 2676 1210 2731 τριταρτημόριον
1239 2677 1416 2718 Boeclclz
1445 2678 1676 2718 Archaeol.
1710 2677 1804 2728 Zty.

285 2744 394 2784 1847
425 2757 467 2796 p.
499 2746 578 2798 44,
609 2746 984 2800 τεταρτημόριον
1013 2748 1153 2801 vulgo
1327 2749 1394 2788 17.
1426 2744 1672 2799 εἰρημένον
1700 2750 1806 2800 post

285 2811 408 2853 ἔςτιν
441 2812 543 2854 add.
575 2815 633 2855 Di
774 2818 840 2858 18.
874 2815 1062 2871 ἐνεχθὲν
1091 2819 1171 2870 Di,
1207 2829 1321 2859 corr.
1352 2816 1593 2858 Meinekius
1737 2818 1804 2858 19.

285 2882 359 2922 καὶ
391 2887 496 2923 ante
531 2882 645 2932 μετὰ
678 2885 777 2928 add.
809 2887 868 2927 Di
981 2889 1050 2929 20.
1082 2884 1452 2940 τριημιωβολίαι’
1481 2887 1539 2927 Di
1565 2917 1568 2920 .
1622 2886 1691 2928 24.
1723 2884 1802 2938 τὰ]

284 2952 435 2993 ταῦτα
464 2953 521 2991 Di
