1946 3220
5 1775 14 1816 '⁴⁶¹'
4 1725 19 1756 ¹2*
6 1580 25 1715 Μ-ξτπε
8 1536 21 1570 tv·
6 1464 21 1518 ’,τὴν

57 151 75 186 J
163 167 295 237 [105]
634 187 665 220 Ε
704 186 897 222 Pno‘mo
936 173 1227 222 Excn'RP'rA.
1587 169 1689 224 331

160 294 249 347 καὶ
285 294 620 360 πεντέμηνον
658 296 743 348 καὶ
784 296 960 350 πάντα
998 296 1063 350 τὰ
1099 295 1256 360 ὅμοια
1298 295 1443 350 οὕτω
1479 296 1690 359 λέγουςι

164 378 253 431 διὰ
275 380 373 431 τοῦ
402 395 442 432 ε.

270 475 516 542 Πλέθρα,
549 476 711 543 μέτρα
737 481 834 543 γῆς
860 479 1029 544 ἤγουν
1063 479 1303 545 ἄρουραι.
1357 480 1388 544 ἢ
1426 479 1553 533 τοὺς
1583 479 1692 533 διύ-

161 577 330 627 γρους
370 561 574 615 τόπους
608 562 694 615 καὶ
730 564 1067 628 βοτανώδεις.
1116 564 1225 629 ἔχει
1266 564 1325 618 δὲ
1356 564 1418 617 τὸ
1454 565 1690 630 πλέθρον

163 646 348 712 πήχεις
376 645 450 706 ξς’
476 645 730 712 δίμοιρον.
1721 660 1749 702 5

268 745 545 810 Πλέθρον,
571 745 634 799 τὸ
661 748 758 798 τοῦ
787 745 998 799 ςταδίου
1025 746 1180 799 ἕκτον
1209 746 1395 811 μέρος,
1426 746 1561 812 ὅπερ
1587 747 1693 800 ἐςτὶ

163 831 354 894 πηχῶν
387 829 462 889 ξς’
489 828 592 882 ur'''
635 829 768 884 ὅλον
810 830 913 896 γὰρ
951 830 1012 883 τὸ
1054 830 1263 885 ςτάδιόν
1303 830 1406 883 ἐςτι
1444 847 1691 896 τετρακο-

162 913 304 967 ςίων.

270 997 526 1063 Πρόχους
539 1040 552 1063 ,
579 999 757 1072 ξέςτῃς
770 1040 782 1062 ,
810 998 872 1052 τὸ
885 997 1111 1064 μέτρον.

249 1082 485 1151 [(ἶίκλος,
512 1081 702 1149 ὀβολοὶ
727 1082 924 1152 εἴκοςι]
1723 1096 1775 1139 10

268 1167 450 1221 (ίκλος
494 1168 578 1220 καὶ
616 1168 678 1220 τὸ
726 1167 951 1222 ἐνώτιον
991 1168 1073 1220 καὶ
1114 1167 1338 1232 ςταθμὸς
1376 1168 1690 1233 βαρβαρικὸς

160 1251 461 1318 δυνάμενος
486 1251 628 1305 ὀκτὼ
655 1251 900 1317 ὀβολούς.
940 1252 1115 1305 οὕτως
1144 1252 1436 1317 (Σοφοκλῆς.

268 1349 527 1415 Επιθαμή,
565 1351 628 1403 τὸ
660 1351 770 1404 ἀπὸ
795 1353 892 1403 τοῦ
918 1350 1152 1415 μεγάλου
1186 1350 1450 1404 δακτύλου
1482 1349 1569 1404 ἐπὶ
1593 1349 1690 1404 τὸν

160 1434 361 1500 μικρόν.
411 1434 473 1487 τὸ
499 1435 558 1488 δὲ
585 1434 695 1487 ἀπὸ
721 1438 817 1487 τοῦ
847 1436 1070 1500 λιχανοῦ
1099 1434 1262 1500 λιχάς.
1300 1434 1397 1499 τὴν
1425 1435 1485 1488 δὲ
1513 1439 1690 1488 ςπιθα-

164 1519 266 1584 μήν
291 1535 430 1573 τινες
458 1519 543 1572 καὶ
568 1519 772 1583 δόχμην
805 1521 1070 1572 καλοῦςιν.
1110 1518 1284 1572 οὕτως
1312 1518 1583 1583 Κρατῖνος.
1723 1528 1776 1569 15

156 1610 169 1615 ”
271 1618 525 1683 (τάδιον,
554 1616 586 1671 ὁ
623 1616 793 1672 τόπος
823 1620 920 1671 τοῦ
948 1617 1189 1682 ἀγῶνος,
1222 1617 1306 1670 καὶ
1334 1616 1495 1682 μέρος
1520 1633 1567 1670 τι
1592 1617 1689 1669 τοῦ

160 1701 459 1766 λεγομένου
502 1701 690 1767 μιλίου.
740 1701 874 1754 ἑπτὰ
912 1701 1024 1766 γὰρ
1059 1700 1209 1766 ἥμιςυ
1254 1701 1435 1755 ςτάδια
1462 1700 1691 1755 ’ποιοῡςι

158 1786 346 1852 μίλιον.

267 1885 493 1949 Ετατήρ,
531 1884 929 1949 τετράδραχμον
955 1882 1206 1949 νόμιςμα,
1243 1882 1327 1936 καὶ
1357 1881 1420 1936 τὸ
1455 1881 1686 1944 ἑξάγιον,

157 1969 244 2024 καὶ
265 1970 328 2023 τὸ
357 1969 555 2033 ζύγιον.
1431 2004 1436 2011 -
1721 1978 1775 2019 20

268 2054 507 2119 (ζτατῆρα
541 2053 624 2107 καὶ
659 2054 746 2107 ἐπὶ
780 2054 873 2117 τῆς
907 2051 1068 2117 ὁλκῆς
1101 2051 1313 2115 λέγουςι
1338 2050 1422 2104 καὶ
1448 2050 1545 2105 τὸν
1574 2065 1688 2103 ςτα-

162 2138 296 2204 θμὸν
323 2139 526 2193 ἁπλῶς.

267 2224 480 2291 (Στατήρ.
530 2221 802 2289 βάρβαρον
831 2220 1038 2277 οἴονταί
1070 2236 1210 2276 τινες
1245 2218 1469 2274 εἶναιτὸ
1498 2218 1685 2282 ὄνομα.

162 2309 225 2361 τὸ
252 2309 311 2363 δὲ
338 2309 635 2374 τέτραχμον
661 2308 746 2362 καὶ
770 2307 1169 2373 τετράδραχμον
1200 2302 1430 2359 Ἀττικοί

269 2392 538 2459 ξύμβολα,
566 2393 775 2458 ςημεῖα,
802 2391 977 2457 μέτρα.
1719 2397 1773 2438 25

268 2476 573 2543 (χοίνιςμα,
602 2477 800 2543 μέτρου
828 2475 1017 2542 μέρος,
1050 2471 1349 2539 κληρουχία.

274 2705 314 2746 3.
345 2701 496 2757 ἠγοῡν
527 2704 709 2746 Por-son.
818 2704 857 2743 7.
889 2692 954 2743 ξς’
975 2692 1064 2750 υἷ’]
1100 2691 1167 2749 ἔνι’
1198 2697 1239 2737 Ρ
1333 2698 1398 2738 10.
1431 2695 1548 2736 haec
1581 2694 1690 2735 seri-

161 2776 243 2826 pta
274 2773 449 2815 codicis
479 2775 528 2814 in
557 2773 642 2815 inf.
674 2784 816 2825 marg.
851 2783 877 2810 a
908 2782 966 2810 m.
998 2768 1140 2820 antiq.
1260 2768 1326 2810 11.
1356 2764 1557 2808 ἐνώτιον
1589 2766 1691 2805 Diu-

162 2843 279 2894 dors'.
311 2842 447 2898 Soph.
479 2843 535 2885 fr.
568 2844 652 2885 944
797 2842 863 2880 12.
897 2834 1162 2890 (οφοκλῆς]
1197 2834 1431 2888 Ξενοφῶν
1462 2835 1691 2885 mnam-ft,-

163 2913 284 2953 conf.
316 2912 520 2966 Hesych.
667 2912 735 2954 16.
763 2906 810 2950 τί
840 2909 881 2948 I'
1022 2908 1088 2950 19.
1120 2903 1492 2959 τετράδραχμον]
1527 2901 1690 2954 τετρά-

162 2991 375 3035 γραμμον
406 2984 447 3025 Ρ
559 2983 628 3025 23.
658 2977 780 3024 τινὲς
811 2979 853 3020 P
965 2979 1036 3023 24.
1069 2974 1256 3041 ’Afrum
1285 2978 1327 3017 P
