1946 3220
7 1306 31 1701 =·1v·w.w·m¹fio*75as⁶
7 1282 14 1295 ··
8 1243 26 1263 -ῑ
11 1221 15 1224 <
5 1180 13 1186 s
11 1155 17 1166 ¹·
4 969 23 1094 ·‘··2⁴³‘>r⁴·
3 920 26 946 fi

15 2127 33 2354 .7.;nzufvm‘
15 2049 34 2114 ‘qt-³⁴⁹·
15 1980 26 2034 ,ηιμ
15 1930 31 1964 'V
15 1881 26 1915 ,,..«
18 1843 26 1868 ,..,.
12 1775 23 1818 ,⁹2:-
11 1716 25 1767 «ν’»

24 2876 35 2887 .“
25 2808 41 2855 ἠ,Α
22 2690 43 2794 ΨΑ(-
19 2368 44 2677 ’.ιζῖῐἮἏἯῖ-ΕᾞἉΝΤ

25 2923 41 2952 1.

27 3035 42 3049 ι

28 3052 43 3095 ὲ

30 3102 45 3120 ³⁷

28 3129 51 3220 Ξ

34 196 45 209 ,
79 128 232 219 1106]
599 166 632 200 E
673 165 831 202 sunu
867 163 1163 203 EXOERP‘TA.
1528 149 1632 205 335

97 272 398 339 Ἀθηναίων
423 272 646 340 νόμιςμα
673 276 806 341 βοῦν
827 273 968 341 ἔχειν
989 274 1468 342 ἐγκεχαραγμένον,
1496 276 1631 342 ὅπερ

0 359 29 411 ῬΤ
99 352 320 413 ἐκτίνειν
346 357 453 413 ἔδει
477 358 606 412 τοὺς
629 360 1167 425 παρρηςιαῑομένους.

212 443 244 496 Γ
247 442 381 497 λαὺξ
405 441 631 511 Ῐίπταται.
683 442 716 508 ἡ
751 447 934 508 πτῆςις
970 446 1063 509 τῆς
1095 444 1326 508 γλαυκὸς
1370 443 1442 498 εἰς
1485 445 1631 511 νίκης

19 531 51 597 J,
101 526 369 594 ςύμβολον
396 526 681 591 ἐλογίζετο.
739 528 823 581 καὶ
865 528 1020 593 ἑτέρα
1054 529 1335 594 παροιμία·
1388 531 1631 592 ’γλαῦκες

23 600 37 639 ⁴³
99 611 495 678 Λαυριωτικαί,’
536 611 624 665 ἐπὶ
674 613 785 666 τῶν
838 613 1018 666 πολλὰ
1067 613 1308 678 χρήματα
1361 614 1628 679 ἐχόντων·
1661 627 1687 668 5

42 727 57 735 κ
99 695 343 761 παρόςον
379 695 439 749 ἐν
476 694 718 765 Λαυρείῳ
751 698 843 761 τῆς
878 697 1110 763 Ἀττικῆς
1148 697 1387 761 γίνονται
1418 699 1632 764 χρύςεια

99 780 345 847 μέταλλα.
397 779 769 846 ἐνεχάραττον·
802 782 860 835 δὲ
899 784 1134 844 γλαῦκας
1170 782 1230 836 ἐν
1268 784 1380 836 τοῖς
1417 785 1631 848 χρυςοῖς

99 863 385 931 νομίςμαςι.

210 950 243 1002 Γ
247 949 410 1015 ομόρ,
440 947 585 1003 εἶδος
609 948 806 1015 μέτρου
833 949 1124 1016 Ἑβραῖκοῦ.

206 1032 447 1098 Δανάκη.
491 1035 655 1087 τοῦτο
689 1033 1006 1099 νομίςματός
1042 1035 1179 1090 ἐςτιν
1216 1034 1416 1100 ὄνομα,
1454 1035 1485 1088 ὃ
1519 1036 1632 1089 τοῖς
1665 1049 1716 1090 10

98 1120 310 1185 νεκροῖς
345 1117 591 1173 ἑδίδοςαν
619 1117 785 1171 πάλαι
811 1120 1249 1184 ςυγκηδεύοντες·
1288 1120 1457 1173 ’νεὼς
1487 1119 1631 1184 Ἀχε-

98 1202 663 1270 ρουςίαςρπίβαθρονῖ
702 1203 1010 1269 Ἀχερουςία
1042 1205 1101 1258 δέ
1130 1204 1235 1258 ἐςτι
1261 1204 1412 1270 λίμνη
1441 1203 1499 1258 ἐν
1524 1205 1631 1256 ’Ἀι-

97 1290 228 1352 δου,
262 1287 328 1353 ἣν
356 1287 839 1353 διαπορθμεύονται
867 1287 918 1340 οἱ
941 1290 1321 1353 τελευτῶντες,
1358 1289 1421 1342 τό
1452 1305 1632 1353 προει·

58 1411 63 1414 >
98 1372 332 1438 ρημένον
359 1372 582 1437 νόμιςμα
606 1376 682 1440 τῷ
711 1374 939 1437 πορθμεῖ
967 1368 1219 1427 διδόντες.

206 1454 474 1521 Δαρεικός
500 1455 726 1521 νόμιςμὰ
751 1471 800 1508 τι
824 1455 890 1520 ἦν
926 1460 1186 1521 χρυςοῦν,
1225 1457 1360 1523 ὅπερ
1394 1458 1632 1521 Δαρεῖος
1664 1471 1716 1511 15

98 1532 317 1607 πρῶτος
352 1540 656 1606 ἐπενόηςεν.
700 1570 759 1578 -
799 1540 918 1593 Ὅτι
947 1540 1150 1607 Ξέρξης
1189 1541 1264 1595 ὡς
1303 1540 1468 1596 αὐτὸν
1506 1556 1633 1606 πρε-

99 1623 456 1691 ςβευςαμένου
497 1623 813 1690 Ἀριςτείδου
854 1624 940 1688 καὶ
984 1624 1297 1691 τριςχιλίους
1333 1625 1634 1691 Δαρεικοὺς

51 1735 63 1740 ·
99 1708 247 1777 αὐτῷ
274 1707 520 1761 διδόντος
542 1707 703 1762 οὐδὲν
726 1708 1128 1774 ἑπιςτρέφεςθαι
1142 1709 1247 1776 ἔφη
1261 1711 1358 1763 τοῦ
1369 1709 1632 1774 Περςικοῦ

99 1792 344 1847 πλούτου
370 1791 587 1861 τοιαύτῃ
612 1792 894 1857 χρώμενος
920 1792 1102 1861 διαίτῃ.
1136 1793 1290 1858 ἔτυχε
1316 1794 1374 1847 δὲ
1400 1793 1498 1846 οὐκ
1522 1793 1632 1847 ἐπι·

99 1879 231 1943 μελῆ
256 1876 355 1931 τὸν
384 1875 550 1941 ἄρτον
579 1876 1036 1942 προςφερόμενος.
1662 1891 1717 1931 20

102 1987 169 2026 Q
210 1960 527 2026 Δαρεικούς.
558 1960 649 2014 εἰςὶ
674 1961 770 2026 μὲν
796 1963 982 2026 χρυςοῑ
1008 1964 1257 2027 ςτατῆρες
1280 1962 1330 2016 οἱ
1354 1959 1634 2026 Δαρεικοί·

101 2045 340 2110 ἠδύνατο
384 2046 444 2099 δὲ
486 2045 703 2099 ἕκαςτος
747 2044 927 2099 αὐτῶν
974 2045 1109 2111 ὅπερ
1151 2046 1235 2100 καὶ
1275 2046 1305 2100 ὁ
1341 2046 1487 2110 παρὰ
1520 2046 1634 2098 τοῖς

100 2129 351 2185 Ἀττικοῖς
391 2129 794 2195 ὀνομαζόμενος
829 2133 1072 2195 χρυςοῦς.
1122 2130 1221 2183 οὐκ
1257 2129 1365 2184 ἀπὸ
1394 2129 1633 2193 Δαρείου

106 2217 204 2270 τοῦ
233 2215 440 2280 Ξέρξου
470 2212 700 2279 πατρός,
738 2213 866 2265 ἀλλ’
891 2213 994 2280 ἀφ’
1020 2214 1206 2279 ἑτέρου
1231 2214 1376 2268 τινὸς
1410 2214 1632 2267 παλαιο-

63 2369 65 2371 ,
100 2299 261 2365 τέρου
301 2298 557 2365 βαςιλέως
593 2296 988 2364 ὠνομάςθηςαν.
1031 2298 1243 2363 λέγουςι
1277 2299 1336 2352 δέ
1370 2312 1507 2351 τινες
1542 2294 1631 2349 δύ·
1662 2310 1717 2352 25

103 2388 290 2438 ναςθαι
313 2383 410 2437 τὸν
437 2381 709 2448 Δαρεικόν
748 2382 984 2448 δραχμὰς
1029 2382 1285 2448 ἀργυρίου
1330 2381 1511 2435 εἴκοςι·
1557 2378 1632 2434 ὡς

104 2469 233 2522 τοὺς
260 2468 420 2522 πέντε
449 2466 749 2534 Δαρεικοὺς
777 2467 1040 2520 δύναςθαι-
1053 2469 1189 2531 μνᾶν
1219 2465 1486 2531 ἀργυρίου.

219 2681 260 2721 6.
298 2679 509 2732 Λαυρείῳ
551 2680 715 2733 scripsi
756 2692 809 2719 ex
847 2678 886 2718 A
925 2677 1048 2730 (cod.
1087 2678 1234 2720 Paris.
1266 2678 1398 2729 2625,
1438 2678 1631 2731 optimo)

108 2748 304 2804 aliisque
329 2749 471 2801 (conf.
493 2747 697 2801 Hesych.
719 2746 957 2799 Λαύρεια),
979 2745 1163 2799 Λαυρίῳ
1186 2747 1325 2801 vulgo
1441 2749 1481 2789 9.
1512 2747 1631 2788 haec

107 2819 273 2861 desunt
292 2821 340 2861 in
360 2820 400 2861 A
517 2822 582 2861 16.
615 2816 790 2870 Ξέρξου
822 2816 886 2858 ὡς
922 2815 1203 2870 Ἀριςτείδην
1234 2815 1632 2869 πρεςβευςαμένου

27 2887 43 2906 ”
108 2890 227 2934 coni.
257 2890 433 2933 Kuster.
609 2891 679 2930 23.
709 2885 875 2939 χρυςός
905 2886 944 2927 A
977 2886 1147 2941 aliique
1187 2887 1417 2941 plerique,
1456 2886 1635 2939 recepit

112 2959 332 3011 Gaisford.
506 2961 574 3004 26.
616 2955 821 3011 δραγμὰς
850 2957 890 2999 A
922 2955 956 2999 C
989 2955 1328 3011 (Oxoniensis),
1372 2957 1532 3009 Gaisf.;
1585 2958 1633 2997 at
