1946 3220
303 183 404 238 152
779 199 1031 233 ADDENDA
1067 200 1137 233 AD
1162 200 1282 234 vo1..
1309 201 1343 234 1.

367 316 416 360 11.
454 315 551 361 cod.
581 313 718 360 2720
746 326 860 359 saec.
888 314 984 358 XV:
1036 308 1225 374 φόλλις
1267 307 1349 360 καὶ
1389 310 1672 374 βαλάντιον
1709 311 1819 375 ἔχει

302 380 568 446 ἀργυροῦς
599 379 696 430 δύο
727 379 876 442 ἥμιςυ
903 378 1120 443 δενάρια
1149 379 1384 431 διακόςια
1410 380 1752 443 πεντήκοντα.

370 456 436 499 ΠΙ.
470 455 569 500 eod.
599 454 736 500 2830
768 468 881 499 saec.
910 454 1024 498 XVI:
1064 450 1236 514 φόλης
1270 450 1351 501 καὶ
1387 450 1670 514 βαλάντιον
1710 451 1822 516 ἔχει

299 521 565 585 ἀργυροῦς
610 519 708 571 δύο
755 518 903 583 ἥμιςυ
951 520 1168 584 δενάρια
1210 520 1442 572 διακόςια
1489 521 1823 585 πεντήκοντα
1944 514 1946 562 ἒ

298 591 476 655 λίτραι.

369 665 432 710 IV.
462 665 561 711 eod.
591 664 724 711 2731
755 679 871 710 saec.
900 664 1015 709 XVI:
1069 659 1241 726 φόλης
1274 661 1358 712 καὶ
1396 661 1679 725 βαλάντιον
1710 662 1819 727 ἔχει

298 731 564 796 ἀργυροῦς
590 731 688 782 δύο
716 729 864 794 ἥμιςυ
891 729 1106 794 δενάρια
1132 730 1364 782 διακόςια
1397 731 1587 795 λίτρας.

367 807 414 851 V.
449 806 547 852 eod.
573 806 673 853 835
701 805 946 851 saec.XVI:
981 800 1171 866 φόλλις
1197 802 1227 852 ὃ
1252 802 1535 866 βαλάντιον
1563 804 1821 855 καλεῖται’

297 874 519 925 διπλοῦν
556 872 615 923 δέ
650 872 785 923 ἐςτιν
822 870 928 922 ὑπὸ
973 871 1070 922 δύο
1107 870 1358 936 ἀργύρων
1396 872 1733 936 ςυγκείμενον
1765 873 1818 925 οἳ

303 941 541 1005 γίνονταί
567 958 646 993 ςοι
672 938 748 1005 κ’Ί)
777 941 1000 1005 δηνάρια
1025 942 1107 993 καὶ
1133 942 1322 1007 φόλλις
1353 942 1450 994 δύο
1479 943 1662 996 λέπτοι
1685 943 1817 996 κατὰ

301 1014 397 1066 τὸν
425 1012 739 1077 δεναριςμὸν
766 1012 892 1063 ἀλλ’
921 1012 984 1064 οὐ
1015 1013 1146 1064 κατὰ
1171 1013 1266 1064 τὸν
1294 1012 1624 1078 ἀργυριςμόν.

403 1088 502 1134 267
533 1103 596 1133 vs.
625 1087 672 1133 5.
719 1088 779 1132 De
803 1087 970 1133 Petavii
1001 1089 1227 1148 scriptura
1255 1081 1345 1147 (η’,
1388 1103 1500 1148 quae
1535 1089 1689 1134 debuit
1719 1103 1823 1134 esse

298 1151 388 1216 (ν’,
419 1160 505 1203 iam
539 1159 638 1203 vide
674 1158 719 1202 in
756 1159 839 1203 hac
873 1158 969 1218 ipsa
1007 1159 1168 1218 pagina
1199 1159 1297 1203 adn.
1329 1159 1373 1205 6.
1407 1184 1470 1191 -·
1510 1159 1618 1204 Ibid.
1654 1174 1719 1204 VS.
1753 1152 1821 1206 15

297 1236 404 1290 post
432 1223 647 1289 ἀεςάρια
674 1228 784 1273 adde
810 1235 963 1274 notam
994 1228 1179 1274 lacunae
1206 1235 1249 1274 et
1274 1235 1381 1289 puta
1410 1243 1458 1274 ea
1488 1229 1532 1274 in
1563 1230 1716 1276 codice
1745 1243 1822 1275 ex-

297 1300 458 1346 cidisse
495 1314 607 1359 quae
642 1314 687 1359 p.
720 1298 818 1345 143
847 1306 957 1344 extr.
998 1298 1165 1359 scripta
1209 1306 1328 1344 sunt.
1394 1299 1466 1345 Sic
1505 1300 1648 1360 igitur
1692 1300 1822 1346 locus

297 1370 517 1430 legendus
551 1377 642 1415 est:
686 1361 727 1419 ξ’
752 1366 809 1416 δὲ
846 1363 1063 1428 ἀςςάρια
1089 1364 1334 1432 (ὑπάρχει
1359 1365 1420 1417 τὸ
1445 1365 1711 1430 δηνάριον.
1775 1383 1807 1430 ρ
1834 1399 1844 1402 -

296 1437 354 1487 δὲ
383 1434 675 1502 δηναρίων)
707 1435 944 1499 ὑπῆρχεν
976 1435 1005 1486 ὁ
1035 1434 1314 1499 ἀργυροῦς.

407 1510 510 1556 274
535 1526 599 1556 vs.
628 1511 655 1557 7
691 1525 773 1571 pro
802 1506 929 1557 δέκα
958 1506 1185 1569 νουμμία
1212 1511 1312 1569 lege
1339 1505 1691 1570 δεκανουμμία
1716 1511 1821 1557 coll.

299 1596 362 1626 vs.
394 1581 474 1627 23.

405 1650 505 1697 278
535 1667 594 1696 vs.
626 1645 730 1696 15¹³.
775 1645 1025 1709 Κεράτιον
1058 1645 1277 1711 φόλλειε
1302 1643 1365 1709 η’,
1401 1651 1671 1711 scripturam
1697 1651 1822 1696 codi-

297 1723 361 1768 cis
391 1721 648 1780 Leidensis⁷
675 1721 875 1781 praefert
899 1720 1121 1766 Christius
1150 1717 1432 1782 (Sitzunysb.
1463 1722 1507 1766 d.
1527 1722 1823 1768 Mu'nclcener

296 1792 449 1837 Akad.
480 1791 628 1838 1865.
658 1793 674 1836 I
699 1806 742 1851 p.
771 1786 903 1851 158).

402 1862 502 1909 313
530 1877 596 1907 vs.
626 1862 706 1908 20.
743 1861 846 1906 Dele
874 1861 1071 1921 glossam
1097 1856 1297 1921 ἀεαρθά
1322 1869 1435 1917 eto.;
1474 1877 1574 1907 nam
1600 1863 1685 1908 Iao.
1714 1862 1823 1907 Ber-

298 1935 481 1994 naysius
515 1946 661 1993 nuper
696 1933 742 1977 in
769 1931 879 1977 Mus.
907 1932 1050 1977 Rhen.
1076 1932 1167 1977 XlX
1194 1947 1236 1992 p.
1264 1932 1363 1978 471
1398 1948 1456 1977 ss.
1495 1933 1823 1979 demonstravit

299 2003 466 2049 codicis
494 2003 761 2063 scripturam
790 2000 821 2050 ἦ
850 2001 1084 2062 legendam
1114 2017 1212 2048 esse
1240 1999 1562 2062 πεντηκοετή
1593 2003 1700 2062 (non
1726 1998 1822 2050 νό-

298 2072 466 2133 μιεμα)
508 2072 610 2118 coll.
639 2072 831 2133 Iosepho
871 2075 915 2118 in
953 2073 1104 2133 Antiq.
1138 2073 1185 2130 3,
1217 2073 1308 2129 10,
1344 2074 1399 2126 6;
1443 2068 1641 2132 ἀεαρθά
1678 2075 1823 2132 igitur

302 2144 555 2203 significare
581 2138 771 2201 ἑορτήν
798 2157 880 2188 nec
906 2158 1010 2189 vero
1038 2143 1180 2189 ullum
1207 2151 1412 2189 monetae
1437 2158 1593 2202 genus.

404 2213 503 2260 322
531 2229 591 2258 vs.
623 2214 683 2260 19
712 2209 908 2270 Ὁγδόα
937 2215 1198 2274 typothetae
1225 2228 1354 2259 error
1377 2228 1460 2274 pro
1488 2209 1698 2270 Ὀγδόα.

405 2284 506 2330 325
535 2299 595 2329 vs.
622 2283 654 2328 4
680 2298 765 2344 pro
793 2279 1190 2333 chwv'c‘otTov
1222 2285 1423 2344 praefert
1450 2283 1612 2329 Christ.
1640 2299 1683 2344 p.
1714 2282 1817 2329 455

297 2355 397 2400 adn.
428 2356 508 2399 11.

404 2425 504 2471 329
531 2440 595 2470 vs.
623 2425 676 2469 1:
708 2424 806 2469 vide
831 2425 884 2469 ad
911 2439 953 2484 p.
984 2423 1089 2472 350
1117 2425 1179 2470 vs.
1210 2425 1257 2471 3.

405 2494 504 2541 335
534 2510 596 2540 vs.
624 2495 652 2541 6
681 2489 918 2558 Λαυρείῳ
946 2495 1065 2554 quod
1094 2509 1146 2540 ex
1177 2495 1397 2540 librorum
1435 2496 1702 2540 auctoritate
1731 2508 1817 2554 pro

298 2559 508 2628 Λαυρίῳ
545 2565 662 2610 edidi
695 2565 985 2611 confirmatur
1010 2566 1043 2611 1.
1071 2565 1269 2610 Classeni
1295 2566 1582 2611 adnotatione
1611 2565 1663 2610 ad
1695 2565 1821 2610 Thu-

299 2635 396 2694 cyd.
425 2635 471 2691 2,
502 2634 583 2693 55,
616 2635 660 2680 1.

299 2812 418 2852 unde
451 2817 572 2853 ortus
606 2817 674 2853 est
697 2827 821 2854 error
842 2815 888 2853 in
910 2815 1094 2854 Petavii
1119 2814 1317 2854 editione
1341 2814 1477 2867 (apud
1497 2825 1578 2853 nos
1598 2826 1640 2865 p.
1660 2813 1742 2852 267
1747 2812 1818 2863 ,5)

300 2864 346 2907 οἰ
383 2864 591 2916 γίνονται
631 2863 699 2920 (η’
739 2869 837 2922 (pro
869 2863 952 2921 (ν’)
993 2868 1197 2923 δηνάρια.
1256 2871 1381 2911 Idem
1420 2882 1631 2910 numerus
1670 2862 1734 2909 ςν’
1765 2868 1816 2907 in

304 2923 465 2964 codice
497 2925 607 2964 2665
637 2925 774 2976 paulo
808 2929 914 2966 ante
945 2925 1136 2979 legitur.
1166 2939 1210 2971 v
1244 2926 1410 2966 Christ.
1442 2939 1484 2978 p.
1510 2927 1589 2965 146
1621 2924 1724 2966 adn.
1748 2925 1817 2964 19.

417 2991 458 3044 7)
491 2992 545 3032 Id
576 2993 672 3033 sine
706 2994 839 3035 dubio
873 3003 1131 3048 corruptum
1166 3010 1188 3036 e
1219 2994 1427 3046 γίνονται
1461 2993 1544 3035 (Ν.
