1946 3220
615 113 934 150 summ-onus
971 113 1227 150 amcos.
1579 96 1679 149 167

157 222 247 286 μία
278 220 395 285 τρία
430 224 706 283 scribenteS,
749 240 866 288 quos
909 233 1095 274 secutus
1138 234 1208 274 est
1244 226 1548 275 Schmidtius:
1594 239 1679 287 ego

156 310 263 342 vero
295 289 612 357 νομίεματοε
638 289 714 361 ‘’f''
735 296 922 358 perinde
957 297 1107 345 scribo
1134 303 1270 360 atque
1298 297 1345 344 in
1369 296 1524 359 glossa
1552 291 1677 346 ἀζά-

158 378 290 426 ριον.

263 436 382 483 Haec
405 438 554 483 omnia
580 436 619 481 si
643 437 688 482 in
715 451 854 482 unum
879 436 1084 498 colligis,
1118 451 1215 484 eam
1241 437 1377 485 habes
1405 437 1679 501 scripturam

157 521 291 569 quam
322 507 439 553 infra
465 507 510 552 in
536 506 831 567 Hesychianis
858 507 992 553 edidi.

595 671 661 712 De
692 672 1012 726 lemicoyraplzz's
1045 673 1234 713 Graecis.

258 758 448 804 Multum
473 759 642 819 diuque
667 772 844 805 mecum
874 760 1104 820 reputavi,
1141 773 1250 804 num
1275 757 1365 806 loci
1395 760 1471 820 qui
1499 760 1543 805 in
1570 758 1678 805 lexi·
1714 753 1809 803 104

153 831 217 876 cis
247 829 477 875 veteribus
507 829 687 875 Graecis
713 829 766 875 de
794 831 1021 875 mensuris
1047 835 1092 875 et
1125 830 1319 876 nummis
1358 830 1517 890 scripti
1555 835 1680 886 sunt,

152 901 198 946 in
233 900 321 946 hoc
356 913 506 945 meum
542 913 660 960 opus
697 900 962 960 reciperem.
1030 898 1161 955 Quod
1194 901 1429 961 negotium
1474 906 1566 945 tam
1601 898 1680 945 diu

150 970 299 1016 minus
332 970 639 1016 necessarium
674 970 783 1016 mihi
816 970 1077 1029 videbatur,
1113 971 1326 1031 quamdiu
1358 970 1509 1016 omnia
1545 982 1681 1032 quae-

151 1054 332 1101 cunque
366 1041 464 1086 eius
503 1041 683 1101 generis
720 1041 766 1086 in
801 1040 958 1087 lexicis
998 1047 1178 1087 exstant
1216 1041 1305 1087 iam
1341 1040 1394 1087 ab
1434 1040 1533 1087 aliis
1572 1039 1680 1086 viris

150 1111 298 1158 doctis
324 1113 461 1158 citata
487 1118 532 1157 et
557 1110 602 1156 in
627 1126 761 1157 usum
787 1111 922 1158 huius
949 1110 1214 1172 disciplinae
1250 1111 1417 1158 collata
1450 1123 1551 1157 esse
1589 1110 1681 1156 exi-

151 1182 404 1228 stimabam.
460 1181 545 1226 Sed
581 1195 683 1228 cum
726 1183 872 1242 magis
914 1182 1149 1242 magisque
1191 1183 1498 1243 perspicerem
1536 1179 1680 1226 multa

149 1252 350 1298 nondum
377 1252 422 1296 in
451 1251 647 1298 medium
674 1251 852 1313 prolata
878 1259 954 1298 aut
983 1254 1166 1313 cognita
1192 1265 1320 1311 esse,
1356 1258 1452 1298 tum
1477 1250 1679 1298 laborem

148 1336 242 1368 non
271 1322 696 1382 subterfugiendum
724 1336 824 1369 esse
852 1323 1006 1369 statui.
1055 1321 1351 1383 Apollonium
1376 1323 1534 1382 igitur,
1566 1321 1679 1367 Har-

146 1394 481 1454 pocrationem,
507 1392 799 1453 Hesychium,
825 1394 1058 1452 Photium,
1084 1393 1284 1452 Suidam,
1312 1391 1678 1454 Etymologicum

148 1476 361 1523 magnum
403 1462 679 1523 perlustravi
730 1470 904 1510 attente
952 1462 1081 1510 locos
1131 1465 1209 1524 qui
1257 1465 1302 1508 in
1349 1476 1497 1508 meum
1544 1474 1679 1508 usum

148 1534 444 1580 convenirent
473 1547 695 1594 quaerens
721 1540 768 1580 et
791 1534 1182 1595 circumspiciens.
1222 1532 1343 1588 Quae
1370 1546 1509 1594 opera
1534 1544 1679 1594 paene

146 1603 320 1649 infinita
357 1608 576 1664 quantum
611 1618 746 1666 saepe
785 1605 983 1650 taedium
1010 1605 1118 1650 mihi
1144 1604 1375 1662 attulerit,
1414 1604 1576 1649 omitto
1612 1601 1679 1648 di-

148 1687 250 1720 cere
275 1699 346 1708 —-
370 1688 474 1721 nam
507 1674 737 1721 interdum
762 1681 944 1722 centum
971 1675 1246 1721 ducentaeve
1280 1674 1472 1736 paginae
1495 1672 1575 1719 ubi
1608 1673 1678 1718 ni-

146 1744 211 1790 hil
244 1746 490 1790 invenirem
519 1751 649 1791 erant
673 1745 977 1807 perlegendae
1002 1771 1072 1779 —
1098 1752 1144 1790 at
1167 1745 1256 1790 hoc
1280 1750 1471 1805 precor,
1501 1744 1540 1789 si
1568 1742 1679 1803 quid

147 1814 194 1859 in
230 1820 356 1859 tanta
390 1814 520 1874 copia
556 1829 628 1860 me
671 1816 868 1875 fugerit,
915 1822 968 1861 ut
1011 1816 1138 1861 venia
1179 1815 1400 1860 habeatur
1442 1827 1536 1859 non
1585 1819 1677 1859 tam

146 1885 287 1928 menti
334 1888 459 1928 meac
499 1891 546 1928 et
589 1884 810 1930 voluntati
857 1898 992 1945 quam
1036 1884 1181 1931 oculis
1223 1884 1472 1945 quaerendi
1518 1881 1676 1929 labore

148 1966 282 2013 saepe
308 1952 586 2012 defatigatis.

252 2035 402 2082 Facile
437 2050 508 2082 me
553 2037 763 2083 omnibus
802 2039 1075 2098 persuadere
1119 2050 1258 2098 posse
1299 2038 1510 2084 existimo
1551 2042 1675 2082 recte

146 2108 268 2152 hunc
306 2114 570 2168 apparatum
604 2110 847 2168 separatim
873 2123 896 2154 a
920 2108 1111 2168 reliquis
1148 2109 1416 2169 fragmentis
1442 2122 1467 2153 a
1498 2119 1569 2152 me
1592 2120 1675 2167 po·

148 2179 286 2222 situm
314 2191 428 2222 esse.
479 2178 664 2223 Maxime
690 2180 806 2224 enim
835 2180 1027 2225 interest
1052 2179 1194 2236 scire,
1231 2179 1339 2240 quid
1373 2178 1568 2223 habeant
1591 2176 1677 2222 He-

146 2247 327 2308 sychius
348 2247 532 2308 aliique,
554 2249 659 2309 quid
682 2263 772 2295 non
800 2249 1016 2305 habeant3
1046 2249 1183 2310 quod,
1214 2249 1252 2295 si
1273 2248 1399 2295 locos
1426 2250 1471 2294 in
1497 2244 1678 2306 singula

146 2319 295 2378 capita
330 2331 641 2382 mensurarum
668 2326 713 2365 et
744 2334 1032 2366 nummorum
1061 2320 1370 2377 diremissem,
1396 2329 1677 2377 cognoscere

146 2388 216 2432 vix
242 2387 471 2433 licuisset:
508 2403 628 2435 nunc
655 2403 761 2435 vero
787 2405 879 2436 uno
908 2391 1037 2451 quasi
1065 2390 1301 2436 oculorum
1332 2388 1494 2434 obtutu
1524 2387 1676 2433 omnia

146 2464 342 2519 possunt
366 2458 653 2518 perlustrari.

252 2541 396 2587 Simili
422 2557 579 2589 caussa
610 2542 828 2588 adductus
856 2557 982 2600 sum,
1016 2550 1067 2588 ut
1095 2557 1234 2588 unum
1262 2554 1489 2603 quemque
1516 2555 1568 2587 ex
1591 2541 1673 2588 ho-

147 2626 249 2658 rum
276 2614 552 2672 scriptorum
583 2626 772 2658 numero
799 2627 881 2673 per
908 2627 956 2659 se
981 2626 1213 2674 ponerem.
1254 2612 1533 2672 Quamquam
1559 2612 1676 2658 mul·

149 2688 221 2728 tos
253 2689 494 2743 optaturos
530 2697 629 2729 esse
664 2691 776 2744 puto
811 2697 882 2728 me
923 2683 1103 2743 singula
1137 2682 1354 2730 vocabula
1387 2684 1449 2727 ita
1486 2683 1674 2730 coniun-

146 2754 292 2810 xisse,
326 2760 378 2797 ut
411 2768 500 2799 una
536 2756 762 2800 variorum
790 2760 1027 2799 auctorum
1066 2753 1193 2800 locos
1226 2754 1441 2813 deinceps
1475 2755 1676 2814 perscri-

145 2821 328 2881 berem,
365 2837 499 2882 quam
525 2826 747 2870 rationem
777 2826 1058 2885 synopticam
1086 2825 1235 2871 solent
1263 2822 1507 2886 appellare.
1558 2823 1674 2870 Sane

146 2892 190 2937 id
221 2892 507 2954 aliquatenus
533 2895 817 2941 commodius
846 2894 985 2941 fuisse
1021 2909 1110 2941 non
1143 2910 1290 2956 ncgo;
1326 2894 1405 2942 sed
1441 2898 1589 2940 tamen
1620 2894 1676 2939 il·
