1946 3220
1914 135 1943 166 μ,

1916 170 1946 206 ³23

356 262 435 309 ubi
462 259 589 308 'varia
622 261 861 306 admodum
895 259 1031 304 variis
1058 271 1082 302 e
1106 257 1235 304 libris
1269 257 1508 318 compilata
1545 265 1650 304 sunt
1685 257 1798 320 (cap.
1827 258 1880 304 v1
1931 262 1934 263 ’

361 333 515 391 —lX).
568 332 788 390 Inscripta
824 335 932 374 sunt
960 323 1094 387 Περὶ
1136 322 1360 387 εημείων
1403 324 1488 376 καὶ
1528 325 1876 389 χαρακτήρων
1921 344 1942 359 ‘-

358 401 468 451 τῶν
488 398 547 450 ἐν
566 398 678 448 ταῖς
700 393 1022 459 ευεταθμίαιε
1042 393 1126 445 καὶ
1145 394 1266 459 περὶ
1284 397 1525 459 εταθμῶν
1545 395 1628 447 καὶ
1653 395 1877 459 μέτρων,
1931 439 1933 445 .

358 474 647 519 continentur
666 476 816 515 autem
837 470 924 515 hoc
953 468 1084 515 titulo
1110 468 1306 530 primum
1333 470 1446 516 duae
1465 476 1679 516 notarum
1701 469 1878 516 tabulae

356 557 447 588 uno
476 543 622 602 capite
651 536 735 601 (VI)
770 539 1147 601 comprehensae,
1193 554 1306 600 quas
1340 554 1426 601 ego
1461 541 1801 601 distinguendas
1833 546 1880 586 et

354 611 673 658 discernendas
708 624 808 656 esse
842 611 996 656 statim
1021 610 1369 668 demonstrabo,
1420 617 1517 657 tum
1559 618 1654 657 tres
1699 610 1879 657 tabulae

353 683 605 744 ponderum
639 688 684 727 et
719 695 1033 729 mensurarum
1070 695 1095 726 a
1130 681 1265 727 variis
1301 681 1603 742 scriptoribus
1646 681 1880 742 profectae

354 752 470 814 (cap.
498 740 583 798 v1'1.
612 752 713 798 viu.
742 751 829 811 1x).

359 132 429 185 94
884 145 1271 181 PROLEGOMENA
1295 146 1351 180 m

458 822 602 869 Multo
627 822 810 869 brevior
834 829 904 868 est
928 823 1005 869 illa
1031 824 1130 868 eius
1157 822 1440 868 collectionis
1467 822 1614 868 forma
1631 835 1765 883 quam
1785 822 1878 868 edi-

359 894 506 939 tiones
534 893 696 939 Aldina
726 908 778 940 ac
803 893 1074 940 Basileensis
1102 899 1147 939 et
1174 893 1428 954 Stephanus
1455 893 1694 951 exhibent,
1730 892 1807 953 qui
1832 898 1880 938 et

353 964 517 1025 capitis
540 963 593 1008 VI
617 970 793 1025 partem
832 964 1019 1010 alteram
1046 971 1091 1010 et
1122 970 1258 1024 caput
1284 963 1353 1008 VII
1383 970 1428 1009 et
1453 963 1541 1009 VlII
1578 964 1814 1009 omiserint
1827 958 1876 1022 ²).

351 1035 390 1079 A
414 1034 608 1080 Neandri
632 1049 740 1080 vero
777 1034 896 1081 libro
929 1037 1063 1081 etiam
1101 1041 1236 1096 caput
1270 1034 1324 1080 IX
1362 1034 1515 1093 abest,
1556 1041 1602 1080 et
1638 1033 1799 1095 capitis
1823 1032 1877 1078 VI

351 1119 459 1166 pars
502 1107 633 1166 prior
673 1105 846 1166 legitur
887 1113 995 1166 post
1037 1112 1173 1167 caput
1208 1105 1258 1150 11.
1316 1105 1378 1151 Ne
1412 1112 1560 1151 tamen
1586 1119 1663 1150 eae
1697 1103 1878 1155 tabulae

353 1189 466 1235 quas
490 1176 543 1221 ab
564 1175 636 1221 his
658 1177 850 1222 omissas
873 1189 974 1222 esse
997 1176 1086 1222 dixi
1111 1181 1190 1222 aut
1214 1182 1453 1236 suspectae
1474 1181 1552 1221 aut
1571 1174 1878 1235 neglegendae

352 1258 455 1292 esse
479 1246 740 1292 videantur:
787 1253 965 1292 exstant
992 1253 1038 1292 et
1064 1247 1245 1304 eadem,
1281 1259 1396 1306 quae
1428 1247 1475 1291 in
1511 1245 1703 1292 Galenea
1740 1245 1877 1292 eolle-

351 1317 503 1362 ctIOne
539 1316 667 1362 solus
705 1317 841 1362 habet
874 1317 1160 1375 Charterius‚
1198 1317 1244 1362 in
1273 1316 1520 1378 appendice
1552 1316 1765 1362 Nicandri
1799 1314 1876 1360 Al-

350 1386 470 1444 dini,
501 1401 615 1447 quae
641 1402 767 1433 suam
792 1400 875 1448 per
899 1402 947 1434 se
973 1388 1109 1434 habet
1139 1387 1483 1445 auctoritatem,
1511 1393 1556 1433 et
1582 1385 1799 1433 nonnulla
1823 1399 1877 1432 ex

348 1457 421 1502 his
450 1458 745 1504 continentur
782 1458 947 1504 tabulis
985 1458 1260 1505 Oribasianis
1296 1471 1349 1503 ex
1376 1464 1639 1518 pervetusto
1668 1458 1822 1503 codice
1851 1471 1877 1503 a

350 1540 422 1572 me
457 1527 592 1573 editis
627 1526 701 1587 (fr.
728 1528 946 1588 67—70).
1015 1529 1221 1575 Videmus
1260 1528 1404 1589 igitur
1438 1529 1692 1589 permultos
1729 1533 1876 1574 aetate

349 1597 593 1658 Byzantina
631 1613 706 1644 eas
741 1598 918 1645 tabulas
951 1600 997 1644 in
1024 1614 1156 1645 suum
1183 1613 1316 1645 usum
1342 1599 1639 1660 descripsisse
1669 1598 1875 1659 aliosque

351 1668 488 1714 alium
513 1668 558 1713 in
588 1669 790 1715 ordinem
815 1670 1060 1730 redegisse.
1100 1669 1239 1716 Nobis
1267 1676 1416 1715 autem
1441 1670 1495 1715 de
1523 1683 1575 1715 eo
1604 1675 1872 1729 argumento

349 1739 437 1784 iam
462 1740 523 1784 ita
547 1739 866 1800 disputandum
891 1747 987 1800 est,
1018 1747 1069 1786 ut
1098 1742 1339 1802 separatim
1367 1754 1450 1802 per
1479 1754 1527 1786 se
1556 1752 1779 1801 quamque
1806 1746 1873 1786 ta-

348 1807 499 1856 bulam
525 1808 825 1856 illustremus.

350 1960 546 2001 Secunda
577 1962 719 2002 tabula
748 1963 801 2003 de
832 1963 942 2004 notis
970 1964 1204 2015 ponderum
1235 1968 1276 2003 et
1304 1975 1589 2003 mensurarum
1613 1963 1872 2014 explicatur.

264 2052 328 2100 55
455 2047 586 2093 Initio
609 2050 705 2094 eius
727 2049 1010 2096 collectionis
1030 2050 1083 2096 de
1107 2064 1194 2111 qua
1214 2051 1389 2109 agimus
1410 2051 1603 2110 primum
1626 2049 1872 2110 separanda

350 2126 421 2163 est
455 2118 616 2178 capitis
644 2119 697 2163 VI
722 2134 826 2180 pars
861 2121 989 2180 prior
1015 2116 1229 2182 (1—10)‚
1268 2134 1401 2180 quam
1433 2119 1653 2181 singulari
1682 2120 1871 2180 quadam

349 2190 623 2235 auctoritate
657 2202 755 2235 esse
791 2191 923 2236 facile
959 2191 1311 2236 demonstratur.
1363 2190 1471 2236 Nam
1498 2193 1536 2236 is
1565 2193 1641 2251 qui
1676 2205 1773 2236 eam
1806 2198 1870 2236 ta-

347 2258 499 2304 bulam
526 2259 712 2320 scripsit
738 2260 936 2306 breviter
962 2261 1194 2321 praefatus
1229 2261 1284 2306 de
1318 2263 1385 2306 rei
1423 2263 1644 2321 gravitate
1675 2261 1869 2322 primum

347 2329 401 2375 de
427 2329 680 2390 ponderum
707 2332 827 2377 notis
855 2332 916 2376 ita
941 2334 1146 2392 exponit,
1171 2339 1223 2377 ut
1248 2346 1271 2376 a
1295 2346 1470 2377 summo
1496 2333 1642 2378 minae
1668 2332 1869 2392 pondere

347 2400 590 2445 descendat
619 2401 671 2446 ad
697 2400 856 2447 libram
886 2408 930 2448 et
961 2403 1136 2449 unciam
1156 2408 1201 2448 et
1221 2403 1286 2448 sic
1305 2417 1443 2463 porro
1472 2402 1526 2448 ad
1543 2397 1866 2462 ἡμιώβολον,

347 2471 580 2516 minimum
606 2472 809 2532 pondus;
849 2478 945 2518 tum
973 2473 1087 2519 idem
1114 2487 1138 2518 e
1165 2475 1391 2519 mensuris
1419 2473 1697 2534 liquidorum
1723 2480 1869 2519 sexta-

348 2540 403 2583 rii
431 2546 475 2584 et
500 2542 650 2601 cyathi
678 2550 812 2589 notas
838 2543 984 2590 affert.
1037 2543 1157 2599 Quae
1185 2559 1285 2590 cum
1311 2544 1586 2605 peritissime
1616 2556 1764 2603 eoque
1794 2557 1868 2588 or-

348 2608 450 2654 dine
477 2611 554 2669 qui
579 2612 634 2657 ad
658 2627 753 2659 rem
779 2615 1040 2675 aptissimus
1066 2622 1137 2661 est
1162 2616 1414 2676 composita
1440 2614 1555 2672 sint⁷
1593 2615 1690 2658 sine
1727 2612 1865 2659 dubio

350 2679 493 2737 spurii
538 2681 763 2728 iudicandi
809 2692 915 2730 sunt
958 2686 1047 2732 duo
1083 2686 1151 2731 illi
1190 2685 1280 2731 loci
1315 2685 1369 2732 de
1406 2680 1600 2745 μέρους
1630 2690 1675 2729 et
1705 2678 1866 2743 ὁλκῆς

346 2833 462 2881 tum,
511 2834 561 2870 at
598 2832 839 2884 probabile
880 2839 950 2876 est
989 2849 1068 2878 eas
1109 2836 1292 2878 tabulas
1331 2849 1359 2877 a
1398 2835 1640 2878 Charterio
1682 2848 1737 2876 ex
1774 2847 1865 2877 uno

347 2886 506 2926 codice
539 2887 687 2928 editas
721 2901 836 2932 esse.

460 2941 503 2996 2)
537 2941 667 2985 Conf.
699 2947 846 2998 praef.
880 2948 980 2988 crit.
1015 2949 1072 2990 ad
1104 2912 1266 2991 Galen.
1299 2948 1405 2990 coll.
