1946 3220
602 126 920 163 somP‘rom-:s
958 127 1213 163 amoos.
1599 110 1669 166 23

132 242 350 292 manibus
377 248 595 287 tenemus.
649 239 743 295 Qua
769 241 823 286 de
860 254 908 286 re
940 240 1126 287 uberius
1162 241 1413 287 disserendi
1450 240 1538 288 alio
1564 240 1667 289 loco

141 314 235 360 erit
261 313 455 359 occasio.

551 434 616 474 De
645 432 788 474 tabula
818 434 1072 475 Heroniana
1096 436 1252 488 prima.

251 523 365 569 Haec
393 523 440 567 in
466 523 723 568 universum
745 522 799 567 de
826 521 1094 583 fragmentis
1113 522 1377 569 Heronianis
1399 522 1666 584 disputanda
1695 518 1754 566 15

144 593 344 639 fuerunt.
404 591 575 648 Quibus
615 593 791 638 tandem
825 593 879 638 ad
914 592 1048 638 finem
1081 593 1314 653 perductis
1343 595 1428 639 iam
1454 593 1570 640 bene
1603 595 1671 639 in-

144 665 307 710 structi
351 663 402 709 ad
449 663 634 710 alteram
672 664 808 709 liuius
854 664 1132 723 quaestionis
1179 670 1356 724 partem
1398 664 1669 722 accedimus⁷

144 748 232 795 qua
265 734 320 779 de
346 734 536 793 singulis
565 733 729 779 tabulis
763 735 825 779 ita
853 733 1155 790 disseremus,
1186 739 1238 779 ut
1267 739 1314 778 et
1339 747 1493 779 omnes
1521 735 1567 779 in
1600 735 1669 780 his

143 818 455 862 mensurarum
482 806 682 849 rationes
709 803 982 864 explicemus
1004 809 1065 861 et,
1097 817 1228 863 quam
1250 817 1456 864 quaeque
1475 804 1529 849 ad
1549 812 1670 850 aeta-

141 881 234 920 tem
261 874 495 920 reserenda
519 875 743 930 videatur„
773 880 992 934 quantum
1021 873 1117 919 fieri
1152 875 1325 934 possit,
1352 873 1632 920 definiamus.

248 945 295 989 In
322 944 630 989 vetustissimo
662 957 686 989 e
713 943 946 990 codicibus
972 944 1187 990 Parisinis
1222 946 1300 1004 qui
1331 944 1524 990 Heronis
1563 959 1670 1004 geo-

140 1016 348 1061 metriam
393 1016 625 1060 continent
652 1013 699 1073 (S
733 1015 802 1073 ll)
836 1028 927 1060 non
967 1015 1127 1075 procul
1165 1014 1218 1060 ab
1254 1016 1385 1060 initio
1401 1010 1431 1074 ¹)
1463 1029 1513 1061 ea
1547 1029 1670 1059 men-

141 1099 351 1130 surarum
387 1083 535 1130 tabula
567 1085 737 1144 legitur
764 1099 896 1145 quam
929 1099 1012 1131 nos
1052 1092 1214 1145 quarto
1250 1084 1354 1132 loco
1379 1087 1498 1131 inter
1530 1085 1671 1130 Hero-

142 1155 297 1201 nianas
331 1157 580 1217 posuimus.
640 1155 806 1201 Verum
842 1157 888 1200 in
931 1155 1088 1201 eodem
1123 1155 1242 1201 libro
1277 1162 1384 1216 post
1420 1154 1667 1202 clausulam

142 1226 418 1285 geometriae
431 1222 464 1284 ²)
496 1233 540 1271 et
575 1225 659 1271 alia
692 1226 907 1286 quaedam
938 1227 1212 1285 geometrica
1238 1234 1284 1271 et
1307 1226 1384 1271 illa
1411 1226 1500 1272 duo
1527 1225 1668 1271 Hero-

141 1297 212 1341 nis
239 1291 533 1355 fragmenta³)
560 1298 848 1356 reperiuntur
876 1309 990 1356 quae
1009 1311 1092 1342 nos
1125 1296 1274 1342 tabula
1300 1299 1444 1357 prima
1464 1310 1669 1357 compre-

140 1365 391 1412 hendimus.
440 1366 528 1412 lam
557 1381 655 1412 cum
694 1368 739 1410 in
768 1365 853 1412 fine
883 1367 1019 1412 huius
1047 1367 1222 1412 tabulae
1247 1367 1474 1426 legamus:
1508 1361 1668 1413 Ἀλλὰ

132 1434 305 1483 ’ταῦτα
330 1432 424 1496 μὲν
451 1432 582 1483 κατὰ
609 1433 704 1495 τὴν
731 1432 963 1483 παλαιὰν
984 1431 1205 1484 ἔκθεειν·
1230 1433 1326 1495 τὴν
1348 1433 1407 1483 δὲ
1426 1435 1526 1485 νῦν
1546 1449 1669 1496 κρα-

141 1505 337 1555 τοῡεαν
366 1501 586 1566 δύναμιν
612 1502 670 1555 ἐν
698 1504 810 1554 τοῖς
839 1502 1139 1566 προοιμίοις
1164 1505 1260 1554 τοῦ
1288 1502 1453 1563 λόγου
1478 1501 1669 1554 ὑπετά-

140 1576 327 1637 ξαμεν,
367 1577 470 1623 inde
506 1577 627 1624 facili
654 1579 914 1623 coniectura
947 1577 1204 1636 colligimus
1234 1591 1313 1623 eos
1347 1578 1424 1638 qui
1450 1577 1558 1624 olim
1585 1578 1669 1624 He-

141 1648 268 1693 ronis
300 1650 592 1707 geometriam
620 1654 941 1694 contraxerunt
969 1649 1098 1694 initio
1126 1649 1288 1694 mutati
1317 1649 1470 1709 operis
1500 1650 1668 1694 omissa

139 1720 391 1764 vetustiore
415 1732 727 1764 mensurarum
756 1718 932 1776 tabula,
971 1732 1084 1778 quae
1110 1726 1239 1765 antea
1269 1719 1332 1764 ibi
1359 1721 1528 1780 scripta
1554 1709 1668 1776 erat',

140 1802 217 1834 eas
243 1802 477 1834 mensuras
498 1791 542 1834 in
563 1795 809 1849 conspectu
835 1790 1044 1848 posuisse
1065 1804 1178 1849 quae
1207 1796 1300 1835 tum
1327 1791 1372 1834 in
1392 1804 1478 1835 usu
1499 1796 1667 1846 essent,

141 1858 264 1904 illam
289 1865 438 1904 autem
463 1861 760 1904 vetustiorem
785 1858 981 1904 tabulam
1000 1860 1044 1903 ln
1067 1859 1354 1919 appendicem
1376 1861 1529 1919 operis
1555 1860 1668 1906 reie-

141 1923 317 1988 cisse4).
350 1929 472 1975 Unde
500 1929 666 1974 sactum
694 1935 780 1985 est,
808 1935 858 1974 ut
879 1936 1061 1989 praeter
1085 1927 1379 1975 Letronnium
1408 1943 1564 1975 omnes
1591 1929 1668 1989 qui

142 2006 272 2044 antea
298 2000 414 2055 'haec
450 1999 701 2059 fragmenta
732 1999 992 2056 ediderunt,
1024 2014 1123 2044 cum
1162 2013 1262 2044 eum
1294 1999 1497 2045 ordinem
1534 2013 1666 2060 quem

143 2071 187 2114 in
224 2069 479 2115 recentiore
517 2083 653 2130 opere
679 2068 935 2115 Heroniano
967 2070 1245 2115 invenissent
1269 2076 1443 2115 mutare
1475 2069 1666 2128 nollent,

142 2142 443 2186 recentiorem
471 2139 665 2185 tabulam
697 2141 872 2200 primo,
908 2141 1202 2186 vetustiorem
1236 2140 1433 2186 secundo
1461 2140 1562 2186 loco
1588 2154 1670 2200 po-

142 2216 317 2255 nerent.
385 2210 474 2256 Nos
518 2218 663 2255 tamen
705 2225 805 2256 cum
843 2224 997 2256 omnes
1036 2211 1133 2255 eius
1174 2212 1354 2269 generis
1399 2210 1613 2270 reliquias
1646 2223 1670 2254 e

142 2281 277 2334 variis
308 2279 438 2326 libris
466 2295 600 2326 mann
628 2283 807 2341 scriptis
839 2282 1006 2341 petitas
1034 2279 1350 2341 colligeremus
1383 2287 1428 2326 et
1455 2294 1544 2341 quo
1574 2287 1668 2325 tan-

141 2350 242 2395 dem
275 2351 434 2396 ordine
461 2364 539 2395 eae
573 2351 617 2394 in
655 2352 740 2395 hoc
770 2350 923 2396 libello
951 2350 1226 2397 exhibendae
1253 2358 1406 2396 essent
1430 2351 1505 2396 diu
1531 2350 1670 2394 ambi-

141 2433 378 2479 geremuS‚
421 2427 653 2480 postremo
688 2420 854 2466 nullam
891 2421 1020 2467 aliam
1048 2423 1134 2466 nisi
1162 2428 1415 2480 temporum
1446 2421 1669 2465 rationem

260 2598 301 2651 1)
336 2597 444 2639 Coa.
472 2598 548 2638 Gr.
575 2600 683 2639 1670
716 2598 794 2640 fol.
817 2597 927 2649 6453
965 2599 1131 2650 incipit
1165 2601 1316 2638 autem
1337 2598 1537 2638 Heronis
1561 2610 1670 2651 geo-

142 2655 306 2695 metria
339 2655 453 2696 ibid-.-
484 2654 562 2695 fol.
595 2656 690 2694 6⁵2³.
751 2655 881 2694 Haec
922 2654 1074 2695 omnia
1115 2653 1301 2694 facilius
1339 2659 1434 2694 tum
1466 2654 1668 2707 perspici

144 2714 380 2763 poterunt,
416 2724 518 2751 cum
550 2710 744 2750 Heronis
777 2711 1030 2761 geometria
1062 2723 1088 2749 a
1119 2723 1188 2750 me
1222 2710 1348 2750 edita
1380 2711 1478 2752 erit.

258 2767 300 2817 2)
332 2767 430 2808 Fol.
466 2769 585 2807 129³:
635 2764 956 2817 Πεπλήρωται
986 2765 1014 2817 ἡ
1047 2768 1148 2807 τῶν
1180 2764 1415 2807 ἐπιπέδων
1448 2764 1565 2807 κατὰ
1595 2764 1669 2807 ἔκ-

143 2821 269 2863 θεειν
299 2821 515 2874 Ἣρωνοε
549 2821 770 2874 μέτρηειε.
830 2822 945 2862 Vide
978 2823 1162 2865 Martia.
1194 2837 1237 2875 p.
1272 2825 1365 2864 133.

258 2878 435 2931 3).Fol.
468 2877 770 2921 13011—1322.
830 2878 962 2922 Conf.
992 2879 1179 2918 Martin.
1211 2893 1255 2932 p.
1292 2880 1371 2920 133
1404 2891 1440 2921 s·

257 2934 307 2986 4)
338 2936 555 2978 Letronn.
587 2949 627 2988 p.
661 2937 733 2983 52,
770 2935 952 2977 Martin.
982 2949 1024 2988 p.
1054 2936 1152 2975 204.
