1946 3220
343 135 412 190 68
855 145 1254 182 PROLEGOMENA
1282 146 1339 178 m

345 267 459 314 nitio
488 263 575 328 (2):
615 259 677 312 τὸ
714 259 773 310 δὲ
805 256 1014 321 γράμμα
1053 254 1188 307 ἐστὶν
1223 253 1422 320 ὀβολὸς
1453 256 1641 320 χαλκοῖ
1679 254 1741 319 δ’,
1778 261 1866 308 hoc

348 343 434 397 est,
459 336 697 383 drachmae
714 331 997 394 siveflenarii
1025 344 1127 390 pars
1153 337 1329 390 quarta,
1355 330 1474 376 unde
1497 343 1657 376 rursus
1684 331 1738 376 ad
1762 326 1865 378 eum
1931 350 1938 359 -·

348 409 578 454 denarium
605 405 869 450 deducimur
894 403 972 462 qui
998 400 1218 446 sextulam
1245 402 1402 447 unciae
1426 400 1598 461 pendit.

447 471 634 533 Ὅλκή
672 473 830 519 eodem
875 486 1013 518 sensu
1047 486 1138 532 quo
1184 467 1386 531 δραχμή
1424 471 1540 518 dicta
1577 473 1650 518 hic
1681 472 1867 533 perinde

347 556 481 608 atque
517 547 563 591 in
595 543 784 604 reliquis
819 543 1071 604 ponderum
1108 541 1272 588 tabulis
1298 548 1343 588 et
1370 542 1488 602 apud
1522 542 1720 589 medicos
1754 556 1868 589 non-

346 618 495 664 nullos
522 609 812 676 reperitur⁶).
1560 627 1573 636 κ

750 767 814 806 De
844 765 1049 818 mensuris
1077 765 1262 805 eiusdem
1291 763 1473 805 tabulae.

263 866 326 918 42
453 847 783 916 Postquam‘de
807 851 1083 914 ponderibus
1121 851 1319 913 scriptor
1342 851 1524 898 tabulae
1549 852 1784 913 exposuit,
1816 852 1870 898 de

347 927 573 973 mensuris
602 925 911 971 frumentariis
941 923 1140 969 instituit
1159 923 1309 968 dicere
1321 921 1395 982 (3).
1423 923 1513 968 Hac
1541 929 1690 968 autem
1715 936 1872 969 omnes

349 998 403 1044 ad
428 998 570 1059 ipsam
594 997 788 1041 Atticam
814 1008 1017 1040 normam
1043 994 1330 1040 referuntur:
1358 994 1609 1040 medlmnus
1635 993 1709 1039 XII
1732 988 1871 1054 ἡμίε-

348 1079 444 1116 κτα
470 1067 562 1113 sive
589 1066 812 1113 semodios
839 1065 1005 1110 habere
1040 1065 1233 1122 (Ἠοίων,
1271 1065 1498 1110 semodius
1534 1065 1772 1111 choenices
1802 1063 1871 1121 IV,

350 1138 543 1186 choenix
556 1137 725 1183 Atticas
750 1136 923 1197 cotylas
946 1135 999 1180 IV
1011 1129 1060 1197 ¹).
1098 1136 1209 1180 Tum
1231 1136 1284 1181 ad
1306 1135 1528 1181 Romanas
1555 1136 1873 1182 mensuras'ita

349 1208 400 1254 fit
431 1208 669 1266 transitio,
707 1214 757 1252 ut
792 1205 942 1267 cotyla
976 1206 1156 1251 dimidia
1193 1207 1376 1252 sextarii
1411 1221 1516 1267 pars
1553 1220 1652 1252 esse
1684 1205 1874 1252 dicatur.

349 1279 586 1325 Praeterea
614 1277 733 1324 aliud
760 1278 935 1323 Atticae
971 1276 1147 1338 cotylae
1189 1291 1355 1323 nomen
1387 1271 1635 1338 τρυβλίον
1672 1276 1873 1335 affertur,

351 1355 397 1395 et
424 1349 708 1411 oxybaphum
735 1354 896 1409 quarta
919 1362 1026 1408 pars
1058 1347 1236 1408 cotylae
1263 1347 1456 1393 additur.

457 1420 688 1481 Oxybaphi
716 1431 925 1464 mensura
955 1433 1057 1465 cum
1092 1418 1146 1464 ad
1173 1418 1370 1478 liquidas
1397 1432 1468 1463 res
1500 1418 1748 1479 pertineat,
1789 1415 1875 1464 iam

353 1490 407 1536 ad
440 1489 560 1536 aliud
595 1494 911 1550 argumentum
946 1491 1145 1550 scriptor
1174 1489 1536 1549 transgreditur,
1574 1489 1695 1550 quod
1730 1495 1875 1535 totum

353 1562 399 1607 in
436 1560 662 1606 mensuris
699 1559 899 1620 pondere
936 1559 1165 1620 liquorum
1206 1559 1468 1606 definiendis
1506 1566 1726 1606 versatur.
1783 1557 1874 1615 Qua

353 1631 407 1676 de
430 1646 480 1677 re
507 1631 624 1676 insra
652 1631 831 1690 saepius
858 1631 1332 1676 commemorabimus:
1368 1631 1440 1677 hic
1464 1631 1576 1676 nihil
1609 1631 1697 1676 nisi
1731 1630 1877 1677 brevi·

355 1708 425 1746 ter
450 1701 650 1748 tabulam
681 1708 725 1746 et
753 1699 1027 1762 explicamus
1055 1707 1100 1747 et
1127 1701 1432 1747 emendamus.

460 1772 604 1818 Verba
640 1786 754 1833 quae
789 1772 945 1818 eodem
981 1772 1083 1817 loco
1111 1771 1180 1831 (3)
1200 1778 1454 1832 sequuntur
1491 1771 1623 1832 plane
1661 1778 1877 1833 corrupta

354 1850 488 1902 sunt,
535 1856 731 1903 quorum
766 1842 1147 1888 emendandorum
1182 1844 1250 1888 via
1292 1857 1342 1888 ac
1379 1842 1494 1888 ratio
1530 1843 1721 1903 petenda
1758 1849 1827 1888 est
1854 1856 1878 1888 a

353 1913 572 1977 proximis
601 1910 676 1976 (5).
728 1912 791 1958 Ibi
826 1908 1070 1960 Ἰταλικὸς
1095 1908 1299 1973 Ξέετηε,
1333 1914 1375 1958 h.
1405 1927 1443 1958 e.
1471 1914 1692 1959 sextarius
1720 1913 1879 1959 Roma-

357 2122 607 2175 Izci'nyenden
642 2120 838 2169 Talente‚
871 2121 948 2173 qui
979 2115 1127 2161 editus
1160 2123 1230 2161 est
1258 2121 1307 2161 in
1336 2120 1596 2161 Annalibus
1616 2120 1760 2163 Acad.
1780 2120 1877 2161 Mo·

358 2191 464 2219 nac.
499 2179 607 2218 1862
638 2177 676 2229 Ι,
707 2177 788 2216 ubi
818 2176 925 2217 vide
955 2190 1000 2229 p.
1031 2179 1085 2217 52
1117 2189 1151 2219 ε.

472 2233 518 2286 6)
550 2234 790 2284 Quaenam
822 2234 919 2273 eius
939 2245 1047 2274 usus
1069 2234 1196 2286 origo
1219 2234 1301 2286 sit,
1335 2245 1437 2274 cum
1469 2237 1608 2274 antea
1639 2233 1879 2274 obscurum

360 2290 524 2342 fuerit,
563 2290 655 2330 iam
687 2288 885 2329 dilucide
917 2290 1192 2343 perspicitur
1224 2302 1247 2330 e
1278 2289 1394 2331 locis
1425 2290 1706 2331 medicorum
1737 2289 1879 2332 Grae-

359 2359 512 2387 corum
544 2358 655 2399 quos
683 2345 806 2385 infra
839 2345 1027 2386 afferam
1060 2347 1102 2397 (5
1121 2345 1211 2399 44).
1261 2346 1570 2400 Reperiuntur
1601 2346 1718 2387 enim
1749 2359 1881 2400 prae-

356 2407 429 2443 ter
458 2400 668 2454 δραχμήν
698 2402 870 2456 passim
899 2402 1018 2442 haec
1051 2415 1248 2456 quoque:
1300 2401 1476 2455 δραχμὴ
1520 2401 1661 2457 ὁλκῇ,
1701 2401 1878 2456 δραχμὴ

358 2457 528 2511 ὁλκήν,
562 2457 676 2509 ὁλκὴ
708 2457 934 2510 δραχμῆς,
966 2458 1163 2512 denique
1201 2459 1395 2513 simplex
1433 2457 1563 2512 ὁλκή.
1624 2459 1701 2500 Sic
1737 2459 1882 2513 igitur

359 2513 475 2566 ὁλκή
508 2515 556 2555 in
586 2514 833 2555 drachmae
872 2514 1255 2569 significationem
1296 2516 1429 2558 abiit.
1487 2516 1687 2557 Maxime
1727 2519 1881 2557 autem

357 2570 406 2609 id
435 2571 484 2610 in
513 2570 723 2624 Aegypto
753 2571 928 2612 factum
961 2584 1064 2613 esse
1097 2572 1313 2625 arbitror,
1352 2573 1432 2613 ubi
1464 2585 1564 2613 cum
1593 2575 1778 2627 praeter
1810 2585 1879 2614 ar-

360 2629 574 2678 genteam
606 2627 870 2668 drachmam
899 2629 947 2668 in
977 2629 1231 2670 rationibus
1264 2628 1415 2670 altera
1445 2628 1663 2669 drachma
1693 2632 1880 2670 uteren-

358 2685 433 2722 tur
463 2694 580 2741 quae
614 2687 736 2724 esset
764 2697 873 2738 pars
902 2685 1061 2739 magni
1091 2686 1220 2726 aurei
1240 2686 1428 2726 stateris
1449 2685 1601 2726 sexies
1621 2685 1879 2739 millesima,

356 2737 505 2789 ipsam
528 2742 797 2790 argenteam
818 2741 1082 2782 drachmam
1103 2742 1259 2784 addito
1290 2740 1432 2795 ὁλκῆς
1461 2742 1687 2784 vocabulo
1719 2742 1881 2784 distin·

358 2793 482 2834 xisse
511 2793 736 2836 videntur.
796 2796 945 2850 Atque
978 2798 1084 2839 aliis
1116 2799 1257 2840 etiam
1295 2798 1350 2840 de
1383 2799 1560 2840 caussis
1599 2800 1700 2841 veri
1729 2799 1878 2841 simile

358 2848 472 2890 mihi
501 2849 680 2890 videtur
710 2850 927 2904 plurimos
968 2867 1024 2895 ex
1052 2853 1147 2896 illis
1176 2854 1308 2897 libris
1338 2855 1684 2910 Hippocraticis
1714 2857 1880 2911 spuriis

358 2906 407 2946 in
436 2905 647 2959 Aegypto
679 2910 800 2947 ortos
833 2921 951 2949 esse.

475 2962 516 3013 1)
548 2962 602 3005 V.
634 2962 814 3005 Metrol.
845 2978 893 3018 p.
923 2965 992 3009 82.
