1946 3220
0 2685 27 3220 asarevewvrwwv-zw-‘as
18 2619 26 2631 ,γ

588 170 919 206 SCRIPTORES
951 170 1213 206 GRAECOS.
1556 153 1656 208 163

129 300 155 332 e
182 285 386 331 fontibus
413 285 615 331 derivati.
665 284 773 331 Nam
802 286 848 330 hi
875 285 996 331 tituli
1021 300 1046 332 a
1074 283 1293 332 Salmasio
1318 286 1488 346 passim
1517 287 1636 331 citan

129 362 229 402 tur:
266 355 587 415 Fragmentum
612 361 741 401 vetus
769 355 931 401 incerti
957 352 1076 416 περὶ
1104 353 1346 415 (ταθμῶν
1364 392 1377 414 ,
1411 355 1655 415 Fragmen-

130 431 227 472 tum
256 426 309 471 de
334 425 636 486 ponderibus,
675 425 812 471 Vetus
840 425 1166 486 fragmentum,
1195 427 1330 472 Vetus
1360 431 1406 472 et
1434 428 1655 487 optimum

131 496 435 556 fragmentum
464 490 757 543 ἀνέκδοτον
777 496 832 541 de
855 496 1152 556 ponderibus,
1180 498 1441 558 Anonymus
1465 497 1518 542 de
1543 510 1657 558 pon-

129 566 330 623 deribus,
359 565 497 612 Vetus
520 566 698 612 lexicon
718 567 1093 627 manuscriptum,
1119 567 1313 612 Lexicon
1338 573 1466 613 vetus
1487 567 1655 613 veteris

127 637 413 694 testamenti,
440 636 634 697 denique
660 636 842 682 omnino
868 637 1042 683 Lexica.
1093 635 1215 692 Quae
1245 651 1330 683 nos
1361 638 1415 683 ad
1448 635 1655 698 singulos

127 706 258 753 locos
286 708 330 751 in
359 715 538 753 nostrax
551 706 826 753 collectione
854 707 1166 753 adnotavimus
1194 706 1282 766 (97.
1309 705 1400 770 98).

479 872 545 911 De
576 871 751 924 reliquis
778 871 1032 924 fraymentis
1063 871 1315 913 nummariis.

234 958 435 1019 Denique
480 958 677 1003 breviter
727 959 1168 1004 commemorandum
1211 966 1280 1004 est
1326 958 1382 1005 de
1423 959 1655 1006 nonnullis
1685 955 1781 1007 102

130 1029 399 1088 fragmentis
428 1042 543 1088 quae
576 1029 630 1074 ad
648 1027 791 1074 ‘finem
817 1030 950 1075 huius
977 1031 1120 1090 partis
1148 1030 1403 1076 reiecimus.

238 1112 268 1158 1.
309 1111 415 1172 (99).
475 1113 676 1159 Primum
711 1113 966 1159 loachimus
1004 1114 1286 1159 Camerarius
1320 1127 1344 1159 e
1381 1114 1536 1160 codice
1571 1114 1657 1160 Bu·

129 1185 257 1229 densi
283 1183 434 1230 locum
458 1183 711 1229 breviorem
740 1179 1053 1244 descripsit¹),
1092 1184 1170 1230 ubi
1211 1184 1266 1230 de
1306 1191 1498 1243 statere,
1543 1184 1657 1231 siclo

130 1254 322 1314 aliisque
357 1254 554 1299 nummis
595 1254 805 1299 similiter
839 1260 975 1314 atque
1010 1254 1055 1298 in
1092 1254 1298 1314 reliquiis
1333 1254 1656 1314 Epiphanianis

129 1325 310 1384 agitur,
331 1323 622 1384 'quamquam
659 1323 878 1369 nonnulla
911 1324 964 1369 ab
992 1325 1090 1380 istis
1114 1323 1308 1370 multum
1334 1324 1559 1370 differunt.
1608 1324 1659 1369 Iu

130 1394 288 1440 eodem
322 1395 580 1455 fragmento
617 1400 777 1454 postea
813 1393 1061 1439 Salmasius
1103 1409 1155 1440 cx
1191 1395 1278 1441 alio
1315 1402 1466 1440 vetere
1503 1395 1658 1441 codice

130 1465 349 1526 quaedam
382 1460 691 1523 emendavit2).

236 1550 286 1595 ΙΙ.
319 1548 454 1609 (100).
504 1549 757 1595 Admodum
791 1547 1085 1594 memorabile
1120 1547 1426 1608 fragmentum
1454 1562 1477 1594 e
1503 1550 1658 1596 codice

129 1634 264 1666 manu
289 1621 461 1681 scripto
489 1619 672 1680 Georgii
697 1618 899 1664 Wheleri
927 1618 1057 1664 affert
1083 1618 1336 1665 Bernardus
1376 1621 1418 1664 in
1454 1617 1561 1665 libri
1588 1619 1658 1666 sui

131 1691 378 1751 appendice
418 1703 552 1751 quam
580 1690 873 1736 Restituenda
907 1688 1198 1750 inscripsit3).
1253 1688 1338 1751 Qui
1365 1688 1494 1735 locus
1525 1704 1659 1750 quam

132 1762 322 1806 maxime
347 1760 728 1808 commendandus
757 1773 856 1806 esse
881 1759 1059 1805 videtur
1085 1760 1294 1805 omnibus
1323 1759 1399 1819 qui
1425 1760 1496 1806 his
1523 1761 1660 1806 rebus

133 1844 318 1892 operam
355 1832 488 1887 dant,
524 1845 627 1876 nam
652 1837 697 1876 et
722 1830 1018 1876 Polemarcho
1048 1836 1234 1876 auctore
1265 1829 1316 1889 (S
1343 1828 1416 1888 97)
1442 1829 1661 1876 nonnulla

133 1902 186 1947 de
213 1902 411 1947 nummis
438 1902 600 1947 Atticis
626 1907 748 1946 recte
776 1901 1041 1957 traduntur,
1070 1907 1115 1945 et
1141 1900 1195 1946 de
1220 1899 1358 1956 folle,
1395 1901 1662 1960 quadrante,

133 1973 278 2033 lepto,
306 1972 465 2018 talenti
492 1971 716 2032 partibus,
744 1977 889 2016 exstat
914 1971 989 2016 hic
1012 1984 1116 2016 vera
1149 1972 1391 2031 scriptura,
1422 1984 1535 2031 quae
1561 1984 1664 2017 cor-

249 2178 291 2230 1)
323 2179 512 2221 Notatio
545 2178 792 2232 figurarum
814 2178 1036 2220 sermonis
1056 2178 1103 2218 in
1123 2177 1254 2219 libris
1287 2181 1483 2231 quatuor
1511 2178 1664 2219 Evan-

136 2235 372 2289 geliorum.
433 2236 625 2289 Lipsiae
660 2234 782 2277 1572.
833 2236 873 2278 4.
924 2249 968 2288 p.
1004 2236 1078 2276 78:
1129 2235 1256 2275 Haec
1295 2241 1360 2275 est
1395 2235 1606 2275 sententia
1636 2248 1664 2275 a

138 2292 314 2333 Graecis
361 2293 612 2333 traditorum
649 2299 692 2332 et
728 2298 996 2344 repertorum
1035 2305 1062 2331 a
1099 2291 1218 2343 nobis
1254 2292 1298 2331 in
1337 2291 1515 2343 quodam
1554 2290 1661 2332 libro

134 2350 225 2388 sine
256 2351 418 2388 nomine
447 2351 634 2398 autoris,
675 2351 805 2389 allato
845 2350 914 2388 illo
954 2350 1014 2388 ad
1042 2349 1247 2400 diynitate
1279 2353 1322 2386 et
1351 2347 1547 2386 doc-trina
1576 2348 1663 2386 cla-

136 2405 340 2444 rissimum
377 2405 428 2444 V.
460 2404 718 2444 Bilibaldum
756 2405 1043 2444 Pircamerum
1080 2417 1138 2444 ex
1175 2403 1442 2443 Bibliotheca
1470 2401 1667 2443 Budensi

135 2461 263 2502 Anno
298 2460 455 2501 Christi
483 2460 585 2501 Iesu
615 2460 677 2500 M.
683 2461 736 2500 D.
744 2460 923 2500 XXVI.
983 2461 1138 2500 Putavi
1174 2465 1310 2498 autem
1343 2459 1510 2498 Graeca
1539 2459 1664 2499 etiam

136 2519 231 2570 ipsa
262 2516 560 2559 adscribenda.
623 2516 763 2556 Cuius
794 2516 887 2556 loci
916 2516 1129 2556 notitiam
1160 2515 1305 2555 debeo
1335 2514 1606 2567 Bernaysio.

250 2572 292 2624 2)
324 2573 478 2614 Refut.
511 2587 555 2625 p.
576 2573 650 2612 23:
691 2573 823 2612 Vetus
853 2578 1003 2612 auctor
1028 2572 1260 2623 fraymenti
1288 2570 1520 2622 Budensis,
1552 2571 1668 2625 quod

137 2643 164 2669 a
196 2630 440 2670 Camerario
470 2632 674 2682 vulgatum
706 2634 790 2679 est,
824 2623 995 2668 λεπτὸν
1024 2630 1140 2667 cla-re
1170 2627 1408 2667 ‹lma-limam
1438 2640 1530 2668 esse
1560 2629 1666 2667 3011·-

138 2685 219 2736 bit,
250 2699 292 2726 31
307 2699 380 2726 ιε]
383 2686 435 2726 ba
456 2687 546 2726 eins
565 2692 681 2725 recte
713 2687 908 2736 legantur
917 2715 930 2736 ‚
964 2697 1070 2736 quae
1102 2686 1143 2723 in
1174 2684 1300 2723 editis
1329 2690 1534 2735 corrupta
1552 2690 1664 2732 sunt,

139 2755 215 2782 nos
246 2756 297 2782 ea
329 2755 386 2782 ea:
415 2743 551 2783 veteri
587 2743 732 2782 codice
770 2742 833 2780 sic
871 2741 1127 2792 corriyenda
1164 2741 1441 2781 asser-rimus.-
1482 2736 1579 2793 ἔχει
1609 2733 1664 2781 δε

139 2790 164 2838 ὃ
202 2793 375 2851 στατὴρ
409 2802 454 2838 et
485 2802 574 2840 cet.
608 2797 765 2850 (usque
800 2796 856 2836 ad
888 2794 1055 2846 ὀβολὸς
1086 2794 1327 2847 καλεῖται).

253 2855 297 2906 3)
329 2855 426 2907 Ipsi
454 2854 680 2895 Bel-nardi
712 2854 827 2895 libro
849 2853 904 2893 de
925 2854 1150 2893 mensuris
1173 2856 1218 2892 et
1238 2852 1516 2906 ponderibus
1545 2852 1664 2892 haec

146 2911 376 2963 appendix
425 2911 522 2951 sine
573 2910 844 2963 paginarum
894 2909 1092 2950 numeris
1142 2907 1284 2949 affixa
1329 2913 1414 2953 est.
1472 2909 1667 2962 Legitur

150 2973 304 3007 autem
335 2969 374 3007 is
403 2966 532 3008 locus
566 2979 696 3019 quem
729 2979 866 3019 supra
898 2965 1156 3018 significavi
1186 2978 1292 3019 pag.
1324 2967 1362 3007 5.

1351 3034 1453 3084 11*
