1946 3220
257 151 361 206 346
855 168 1173 204 FRAGMENTA
1653 144 1872 223 [106]
1930 220 1946 224 ,,

258 279 324 344 μὴ
352 278 596 344 ἐπέβαινε
623 279 732 330 τῶν
760 275 802 331 ξ’
825 276 1101 330 ἐνιαυτῶν.
1132 276 1248 330 ὅςοι
1272 277 1331 330 δὲ
1355 275 1556 331 τελείας
1581 277 1781 342 ἡλικίας
1855 268 1864 322 f
1902 291 1903 294 ’

257 363 406 428 ἧςαν,
429 363 736 427 εἰςήρχοντο
761 363 855 427 μὲν
883 360 956 416 εἰς
984 362 1081 428 τὴν
1107 360 1400 427 ἐκκληςίαν,
1417 360 1515 414 οὐκ
1539 360 1780 415 ἐδίκαζον

257 448 331 500 δέ.
369 447 593 499 τούτους
632 445 731 509 οὖν
766 447 893 500 τοὺς
924 446 1288 512 ἐκκληςιαςτὰς
1325 445 1581 511 ἑποίηςαν
1615 463 1781 527 φανε-

258 532 356 597 ρόν
383 547 430 583 τι
455 530 740 596 λαμβάνειν
771 530 880 584 ἀπὸ
907 535 1017 586 τῶν
1041 534 1135 597 τῆς
1169 531 1382 583 πόλεως
1416 530 1703 595 προςόδων
1731 529 1783 583 οἱ
1827 547 1830 549 ·
1878 523 1939 541 ”’

201 625 228 666 5
257 616 563 680 δημαγωγοὶ
587 615 859 669 πείςαντες
885 616 980 682 τὴν
1006 616 1187 670 πόλιν·
1214 614 1435 680 ὕςτερον
1461 616 1520 668 δὲ
1545 614 1575 667 ὁ
1603 614 1787 668 Κλέων’

255 699 503 766 ἐποίηςεν
535 700 666 753 αὐτὸ
692 700 1006 766 τριώβολον.
1045 701 1240 767 ἀφῆλιξ
1276 700 1335 752 δὲ
1371 699 1442 752 εἰς
1474 700 1570 764 τὴν
1602 699 1783 780 ἐκκλη-

257 784 370 838 ςίαν
402 785 499 837 οὐκ
526 785 806 852 εἰςήρχετο.

363 869 650 936 Τρύβλιον,
693 869 1018 937 ὀξυβάφιον,
1057 869 1329 934 πινάκιον,
1368 868 1656 935 ποτήριον,
1691 867 1783 933 ὀρ-

254 953 509 1019 θομίλιον.
547 957 708 1007 τοῦτο
734 956 912 1020 μεῖζον
937 957 1034 1009 τοῦ
1061 954 1338 1021 ὀξυβάφου
1364 953 1480 1006 ἐςτί.

173 1061 226 1101 10
361 1052 702 1119 Ὑπόχαλκον
728 1054 788 1108 δέ
814 1070 909 1108 ςου
934 1054 997 1108 τὸ
1024 1053 1255 1120 χρυςίον.
1294 1053 1410 1107 ἀντὶ
1435 1054 1533 1106 τοῦ
1559 1051 1780 1117 μίξιμον,

254 1137 727 1203 παρακεκομμένον
753 1140 816 1192 τὸ
840 1139 1089 1204 νόμιςμα,
1121 1136 1569 1204 παραχαράξιμον.
1789 1147 1792 1150 ·

360 1236 549 1300 Φολίς,
582 1237 645 1290 τὸ
671 1239 768 1290 τοῦ
801 1237 1058 1303 θώρακος.
1112 1237 1302 1303 φόλλις
1331 1236 1418 1302 δέ,
1446 1235 1722 1301 φόλλεως,
1751 1235 1780 1286 ὁ

255 1320 465 1387 ὀβολός.

361 1404 640 1473 [Χαλκοῦς.
680 1408 891 1460 λεπτῶν
919 1405 974 1461 ζ’.
1012 1406 1095 1459 καὶ
1119 1406 1260 1471 ζήτει
1283 1406 1341 1458 ἑν
1369 1409 1444 1475 τῷ
1466 1403 1782 1472 Τάλαντον.]

172 1497 225 1538 15
365 1489 581 1558 Χαλκῷ,
610 1489 820 1558 ςιδήρῳ.
1642 1552 1645 1555 ἱ

363 1573 487 1627 Χοᾶ.
516 1576 646 1640 χοῦς
668 1574 862 1640 μέτρον
889 1574 1121 1628 Ἀττικὸν
1142 1574 1359 1639 χωροῦν
1379 1572 1606 1625 κοτύλας
1626 1571 1782 1625 ὀκτώ.

254 1658 661 1724 Ἀριςτοφάνης·
698 1657 815 1711 εἐπὶ
854 1660 1076 1714 δεῖπνον
1114 1658 1246 1722 ταχὺ
1284 1657 1459 1723 βάδιζε
1491 1657 1587 1722 τὴν
1624 1656 1782 1710 κίςτιν

253 1743 435 1810 λαβὼν
462 1746 545 1794 καὶ
572 1743 670 1796 τὸν
697 1743 834 1807 χοᾶ.’

361 1826 528 1891 Χοᾶς,
556 1825 647 1880 ὅτε
674 1826 761 1880 ἐπὶ
784 1827 978 1893 μέτρου
1002 1825 1218 1891 τίθεται,
1244 1825 1570 1891 περιςπᾶται.

169 1915 225 1957 20
362 1911 527 1976 Χοός,
564 1911 813 1966 διξέςτου.
848 1913 981 1978 χοῦς
1014 1912 1118 1976 γὰρ
1155 1909 1254 1963 δύο
1290 1909 1484 1973 ξέςται,
1526 1910 1684 1976 χοεὺς
1723 1908 1784 1964 δὲ

254 1993 322 2048 ἕξ.
361 1995 770 2062 Ἀριςτοφάνης·
795 1994 862 2049 ἐἴ
878 2011 956 2049 τις
973 1994 1210 2060 κάπηλος
1230 1995 1262 2060 ἢ
1282 1993 1505 2060 καπηλὶς
1528 1996 1626 2048 τοῦ
1647 1995 1780 2060 χοὸς

202 2153 208 2157 ¹
252 2079 284 2143 ἢ
311 2080 420 2132 τῶν
448 2082 692 2135 κοτυλῶν
719 2081 782 2134 τὸ
807 2078 1030 2146 νόμιςμα
1054 2079 1481 2146 διαλυμαίνεται.’

362 2177 612 2231 Χοίνικες.
660 2177 728 2231 οὐ
753 2179 924 2244 μόνον
949 2178 1012 2233 τὸ
1037 2177 1259 2244 μέτρον,
1297 2177 1436 2230 ἀλλὰ
1461 2178 1544 2230 καὶ
1569 2177 1663 2231 τὰς
1687 2175 1782 2230 πέ-

252 2263 348 2315 δας
386 2261 620 2327 ςημαίνει
657 2262 718 2315 τὸ
749 2261 936 2328 ὄνομα.
987 2262 1040 2315 αἱ
1067 2262 1296 2329 χοίνικες
1321 2261 1478 2315 πέδαι
1503 2261 1646 2316 τινές
1676 2260 1781 2314 εἰςι.

164 2353 222 2396 25
252 2347 420 2411 χοῖνιξ
453 2346 512 2400 δὲ
547 2348 654 2401 πᾶν
692 2347 992 2413 περιφερές.
1047 2346 1130 2400 διὸ
1166 2345 1251 2399 καὶ
1284 2346 1346 2400 τὸ
1381 2346 1577 2412 μέτρον
1613 2346 1783 2411 χοῖνιξ

251 2432 496 2484 καλεῖται.
553 2430 936 2497 Ἀριςτοφάνης
959 2422 1221 2500 Πλούτῳ·
1279 2430 1340 2484 Αἱ
1371 2433 1561 2495 κνῆμαι
1589 2418 1652 2484 δέΙ
1685 2445 1780 2483 ςου

254 2514 561 2579 βοῶςιν,ἰοὺ
584 2513 794 2579 ἰού,τὰς
819 2515 1056 2580 χοίνικας
1081 2515 1165 2568 καὶ
1188 2514 1284 2569 τὰς
1313 2515 1482 2568 πέδας
1505 2516 1778 2568 ποθοῡςαι.

370 2739 435 2781 14.
466 2737 674 2783 Χαλκοῦς
706 2744 794 2782 ete.
826 2754 914 2783 om.
944 2739 1023 2782 Ac
1044 2741 1207 2783 Ber-nh.
1231 2739 1369 2782 Beklc.
1489 2742 1555 2782 15.
1587 2736 1775 2792 Χαλκῷ]

257 2812 458 2860 cognata
498 2821 597 2849 esse
642 2810 826 2852 videtur
873 2809 1029 2865 glossa
1071 2823 1173 2852 eum
1209 2809 1307 2852 loeo
1346 2807 1548 2851 Pollucis
1586 2809 1663 2862 qui
1708 2810 1779 2850 est

254 2875 360 2916 libr.
390 2877 431 2927 9,
463 2877 516 2917 78
547 2889 583 2918 s.
731 2879 798 2922 18.
830 2891 947 2933 quae
985 2883 1088 2934 post
1125 2881 1212 2931 χοᾶ
1243 2878 1365 2935 apud
1393 2877 1582 2920 Suidam
1619 2877 1780 2932 legun-

254 2948 350 2996 tur,
383 2957 438 2987 ea
468 2949 518 2986 ut
551 2946 707 2988 aliena
738 2960 766 2989 a.
795 2959 1107 2991 mensurarum
1138 2949 1349 2992 doctrina
1379 2949 1512 2991 omisi
