1946 3220
278 142 384 197 222
690 158 1008 195 FRAGMENTA
1046 158 1116 192 m:
1151 157 1406 194 MnNsums
1707 140 1812 212 [54]
1899 163 1937 186 a

389 268 436 322 6.
474 268 550 322 Τὸ
577 267 635 321 66
661 267 871 331 γράμμα
897 264 1130 332 ὀβολοὺς
1160 264 1219 332 β’.

391 352 435 405 7.
474 352 532 404 Ὁ
564 353 622 404 66
649 349 845 417 ὀβολὸς
871 348 1084 414 κεράτια
1109 347 1172 412 γ’.

390 435 435 487 8.
475 435 549 487 Τὸ
578 435 636 487 δὲ
659 433 902 501 κεράτιον
932 433 1039 499 ἔχει
1067 434 1268 500 ςιτάρια
1292 430 1362 487 6'·
1409 432 1563 487 ἄλλοι
1598 434 1656 488 66
1682 437 1809 500 χαλ·

282 520 408 572 κοῦς
434 517 532 571 δύο
560 516 826 585 δίμοιρον·
861 516 892 571 ὁ
917 518 1020 584 γὰρ
1047 517 1244 585 ὀβολὸς
1272 517 1380 585 ἔχει
1403 519 1635 585 χαλκοῦς
1658 516 1720 584 η’.

224 718 249 757 5
837 715 908 767 54
947 715 1092 784 (cap.
1131 713 1257 786 IV).

748 813 881 879 Περὶ
907 812 1115 879 μέτρων
1145 812 1340 878 ὑγρῶν.

386 910 430 963 1.
471 911 546 964 Τὸ
573 911 820 966 Ἰταλικὸν
846 910 1096 978 κεράμιον
1121 911 1229 977 ἔχει
1253 911 1385 976 χόας
1409 910 1471 978 η’.

385 994 434 1047 2.
472 995 531 1048 ‘O
558 999 689 1061 χοῦς
715 996 894 1051 ξέςτας
922 994 979 1055 ς’.

385 1079 433 1132 3.
472 1079 531 1132 Ὅ
557 1080 734 1145 ξέςτης
762 1079 1059 1148 [κοχλιάρια
1080 1080 1137 1148 ἢ]
1162 1080 1388 1134 κοτύλας
1420 1077 1480 1146 β’,
1506 1078 1702 1135 αἵτινες
1726 1080 1811 1154 καὶ

195 1168 249 1209 10
276 1161 495 1229 τρυβλία
522 1164 784 1226 λέγονται.
839 1163 1018 1233 [ἄλλοι
1042 1165 1102 1218 66
1125 1164 1392 1228 λέγουςιν·
1431 1163 1541 1229 ἔχει
1574 1163 1605 1218 6
1633 1165 1810 1230 ξέςτης

277 1247 505 1312 ςταθμόν
531 1245 579 1299 λι
605 1246 653 1300 α’
676 1257 709 1300 s

382 1331 431 1384 4.
469 1332 544 1386 Τό
573 1333 633 1385 66
657 1332 908 1399 τρυβλίον
936 1334 976 1387 f:
1004 1331 1062 1386 θ’.

382 1414 431 1468 5.
468 1415 579 1470 T6v
605 1415 772 1471 αὐτὸν
799 1418 859 1471 66
884 1418 1112 1482 ςταθμὸν
1149 1418 1259 1483 ἔχει
1288 1417 1350 1470 τὸ
1386 1417 1694 1482 κοχλιὰριον
1725 1417 1811 1470 και
1900 1408 1902 1410 ’

190 1517 256 1553 753
275 1497 309 1564 ἡ
336 1498 546 1565 κοτύλη.
577 1500 610 1564 ἡ
631 1501 827 1567 κοτύλη
847 1501 1045 1557 ταύτὸν
1065 1501 1124 1555 66
1145 1500 1311 1555 εἰπεῖν
1334 1500 1408 1554 ὡς
1433 1502 1496 1554 τὸ
1521 1501 1809 1584 τρυβλίον]

192 1591 248 1632 15
384 1582 432 1635 6.
470 1583 546 1637 Τὸ
570 1584 818 1651 τρυβλίον
841 1586 900 1640 66
925 1586 1009 1654 [τὸ
1027 1585 1236 1654 μικρὸν]
1259 1585 1368 1651 ἔχει
1385 1585 1583 1653 μύςτρα
1605 1571 1824 1652 μεγάλᾶ

274 1665 340 1731 γ’,
376 1667 624 1735 ὀξύβαφα
653 1670 712 1724 δὲ
744 1668 802 1723 6'.
851 1671 914 1724 τὸ
951 1669 1056 1735 γὰρ
1086 1670 1220 1736 μέγα
1257 1670 1486 1736 μύςτρον
1520 1669 1629 1736 ἔχει
1664 1668 1808 1738 [ὀξύ-

276 1753 426 1819 βαφα
461 1750 523 1816 γ’.
591 1753 655 1807 τὸ
697 1754 757 1808 66
794 1754 978 1820 μικρὸν
1008 1754 1236 1821 μύςτρον
1271 1754 1402 1823 ἔχει]
1447 1751 1724 1822 ὀξύβαφον
1759 1753 1809 1808 α’

274 1835 359 1890 καὶ
386 1835 494 1906 [τὸ]
519 1835 580 1900 γ”
611 1837 802 1906 [αὐτοῦ
830 1838 1029 1907 μέρος]

385 1921 430 1973 7.
468 1921 544 1975 Τὸ
570 1923 630 1976 66
657 1920 937 1990 ὀξύβαφον
968 1922 1077 1988 ἔχει
1100 1922 1302 1978 κύαθον
1330 1917 1383 1976 α’
1406 1922 1490 1977 καὶ
1514 1922 1680 1989 ἥμιςυ.

393 2108 430 2149 1.
464 2103 681 2159 ὀβολοὺς]
707 2126 771 2153 oe
796 2107 863 2148 Ne
980 2109 1020 2149 3.
1051 2105 1182 2149 ἄλλοι
1212 2105 1281 2161 66]
1294 2105 1334 2160 ff]
1357 2106 1423 2148 Ne
1509 2107 1550 2151 4.
1582 2106 1807 2162 χαλκοῦς]

277 2190 306 2230 χ
335 2176 429 2288 Neb.
463 2243 726 2297 Κεφάλαιον
755 2238 793 2288 6‘
825 2245 885 2287 Ch
1008 2247 1049 2288 6.
1080 2250 1185 2300 post
1211 2244 1372 2299 ὑγρῶν
1401 2246 1454 2288 St
1484 2245 1590 2291 add.
1620 2258 1725 2300 κεφ.
1754 2243 1810 2290 δ’.

274 2316 320 2360 8.
359 2313 407 2366 ξε
440 2315 506 2359 Ne
677 2317 720 2358 9.
759 2314 811 2358 Ὁ
855 2314 1011 2369 ξὲςτης
1050 2328 1136 2357 om.
1176 2314 1229 2357 St
1372 2315 1610 2369 κοχλιάρια
1647 2316 1677 2369 ἢ
1718 2331 1804 2360 om.

275 2386 396 2429 NeSc
481 2383 704 2440 κοτύλας]
739 2384 800 2436 ΚΟ
821 2386 888 2428 Ne
1005 2380 1061 2439 β’]
1094 2383 1181 2428 δύο
1202 2385 1253 2427 Sc
1369 2388 1436 2429 10.
1459 2385 1591 2430 ἄλλοι
1620 2385 1671 2429 66
1691 2385 1802 2442 etc]

274 2457 380 2498 vide
410 2456 524 2511 prol.
554 2457 580 2508 ἓ
609 2457 678 2500 52.
708 2457 785 2509 803
837 2457 903 2498 Ne
942 2457 1123 2498 omissis
1160 2454 1293 2499 ἄλλοι
1321 2454 1373 2499 66
1400 2469 1545 2510 usque
1578 2457 1636 2498 ad
1665 2457 1741 2499 καὶ
1770 2456 1805 2509 ἡ

274 2524 452 2580 κοτύλη
482 2526 647 2569 habet:
686 2526 716 2579 ή
749 2524 926 2581 κοτύλη
956 2525 1045 2580 γὰρ
1075 2527 1253 2570 ταῡτον
1283 2524 1406 2569 ἐςτὶν
1436 2524 1610 2580 εἰπεῖν,
1650 2526 1716 2570 ὼς
1744 2526 1810 2570 ’τὸΥ

274 2594 493 2646 τρυβλίον
606 2595 785 2652 ξέςτης]
820 2596 844 2648 ξ
873 2597 946 2651 St,
977 2594 1026 2640 if-
1064 2598 1124 2640 Clz
1238 2599 1305 2641 11.
1337 2595 1391 2650 λῑ]
1425 2595 1472 2645 M
1498 2597 1558 2638 Gk
1672 2598 1740 2639 14.
1769 2596 1800 2650 ἡ

276 2663 455 2717 κοτύλη
488 2666 683 2710 alterum
715 2672 762 2710 et
791 2666 856 2710 ὡς
888 2681 975 2712 om.
1006 2667 1058 2710 Sc
1175 2669 1241 2710 16.
1271 2660 1333 2721 γ’]
1365 2664 1473 2719 τρία
1502 2666 1576 2720 St,
1607 2668 1718 2709 item
1749 2669 1803 2709 17

277 2731 510 2789 ὸ’ἕῑ’)ΒΟῑφοῑ]
543 2735 594 2779 ξο
626 2739 713 2792 Ne,
755 2739 832 2793 qui
861 2739 1028 2781 deinde
1060 2751 1147 2781 om.
1180 2736 1395 2790 ὀξύβαφα
1430 2749 1574 2791 usque
1615 2737 1674 2778 ad
1709 2735 1803 2789 ἔχει

279 2803 339 2856 (v.
361 2804 477 2859 prol.
509 2805 534 2855 ἓ
564 2807 635 2859 52)
752 2811 818 2850 17.
850 2808 909 2851 τὸ
939 2807 989 2852 δὲ
1018 2807 1183 2862 μικρὸν
1211 2820 1354 2862 usque
1387 2807 1445 2850 ad
1475 2804 1611 2860 μέρος
1642 2820 1727 2850 om.
1750 2807 1808 2849 Se

277 2874 346 2917 18.
376 2872 437 2917 τὸ
464 2868 507 2926 γ’
538 2873 687 2919 αὐτοῦ
720 2877 856 2930 μέρος
889 2877 961 2933 Cle,
993 2880 1137 2923 solum
1166 2872 1208 2930 γ’
1238 2879 1305 2920 Ne
1422 2879 1489 2920 19.
1530 2876 1605 2918 καὶ
1643 2874 1803 2931 ἥμιςυ]
1850 2904 1854 2908 ·
1919 2891 1922 2892 ⁷

272 2951 300 2989 5
331 2944 452 2988 Nest
