1946 3220
571 129 891 165 scmP‘romzs
928 130 1183 166 GRAECOS.
1573 115 1641 168 51

118 252 312 307 guntur:
342 238 405 292 τὸ
435 239 668 304 πλέθρον
689 238 907 292 ἄκαινα(
933 233 980 304 ρ’
1002 239 1143 293 παεά
1172 234 1218 293 Γ’
1243 246 1347 306 (hoc
1379 243 1411 294 Γ
1413 239 1426 257 ’
1449 246 1644 308 primum

115 317 350 373 omissum,
377 322 537 376 postea
562 329 700 376 supra
726 316 946 376 scriptum
975 315 1063 372 est)
1091 310 1342 377 οὐργυιά(
1369 309 1533 373 εξςὶζῖ
1557 315 1645 380 βή-

114 398 250 447 ματα
274 381 568 447 τριάκοντα.
625 386 686 431 Ex
712 385 782 431 his
807 385 1082 432 Letronnius
1106 388 1279 434 effecit:
1308 383 1384 436 Τὸ
1410 385 1646 449 πλέθρον

115 451 333 506 ἄκαινα(
367 450 414 514 ι’,
449 451 620 504 παεεὰ
653 450 712 513 κ’,
750 450 968 516 ὀργυιὰς
1003 451 1082 511 κς]
1111 462 1143 504 s
1181 450 1256 516 ς”,
1294 454 1497 519 βήματα
1533 454 1646 521 ἑξή-

114 540 305 586 κοντα,
347 541 462 588 quae
488 527 670 574 minime
696 534 890 588 possunt
924 527 1122 589 probari.
1168 529 1276 574 Nam
1314 531 1400 575 etsi
1427 543 1458 591 ρ
1486 532 1533 576 in
1570 545 1646 578 co-

115 599 211 645 dice
241 613 399 659 parum
425 599 668 659 perspicue
695 599 915 659 scriptum
942 607 1026 656 est,
1062 606 1208 645 tamen
1237 600 1333 645 eius
1361 600 1539 648 litterae
1564 601 1646 648 du·

115 677 214 716 ctus
266 670 376 715 satis
426 667 619 716 dilucide
668 668 723 716 ab
769 682 784 716 1
834 669 1146 729 distinguitur.
1226 671 1337 716 Tum
1384 673 1648 733 orgyiarum

114 755 331 786 numerus
372 739 600 786 levissimo
644 740 901 786 discrimine
945 740 1185 786 mutandus
1219 747 1290 786 est
1328 742 1372 786 in
1408 736 1511 796 εἶς’
1547 734 1644 790 αἶ’,

118 803 166 859 Γ’
203 818 353 857 autem
398 812 758 871 suprascriptum
807 825 859 856 ex
894 802 944 861 ζ’
977 817 1246 871 corruptum
1298 825 1397 857 esse
1446 818 1648 873 apparet.

114 883 313 942 Denique
353 883 430 942 qui
468 881 682 927 librarius
723 876 1006 941 τριάκοντα
1049 883 1260 943 scripsit,
1310 878 1341 928 λ
1377 882 1461 928 sibi
1496 881 1648 943 legere

114 956 235 999 visus
275 959 345 999 est
375 954 419 998 in
447 951 726 1013 archetypo,
764 966 865 998 cum
896 964 928 1011 χ
955 954 1178 1013 scriptum
1203 959 1340 999 esset.
1394 953 1484 1000 lam
1510 953 1651 1014 igitur

116 1026 182 1070 sic
217 1023 355 1070 habes
389 1021 541 1070 locum
577 1037 737 1069 sanum
777 1030 916 1084 atque
948 1023 1257 1070 emendatum:
1301 1018 1377 1071 Τὸ
1414 1019 1650 1084 πλέθρον

115 1089 335 1142 ἀκαίναε
360 1087 421 1155 ρ’,
447 1088 618 1142 πάεεα
643 1087 699 1152 ε’,
728 1087 947 1154 ὀργυιὰς
973 1093 1061 1149 (ξς
1097 1087 1195 1153 uf,
1223 1088 1425 1155 βήματα
1443 1086 1507 1154 χ’,
1535 1107 1651 1156 quae

115 1179 308 1227 prorsus
348 1171 609 1226 congruunt
640 1178 741 1211 cum
780 1165 933 1211 tabula
976 1165 1182 1226 septima.
1243 1165 1333 1211 Nec
1367 1179 1476 1211 vero
1511 1165 1557 1210 in
1595 1164 1650 1209 iis

118 1250 231 1297 quae
268 1236 322 1282 de
357 1237 532 1296 iugeri,
571 1235 730 1292 stadii,
767 1236 945 1282 miliarii
972 1250 1185 1282 mensura
1211 1236 1359 1282 addita
1384 1243 1490 1282 sunt
1526 1235 1655 1297 quid-

117 1321 250 1367 quam
280 1306 335 1352 ab
363 1305 440 1352 illa
470 1305 621 1352 tabula
649 1306 813 1352 differt.

372 1459 438 1499 De
467 1458 712 1510 fraymento
741 1458 945 1510 septimae
976 1458 1145 1498 tabulae
1174 1457 1407 1500 subiuncto.

219 1559 352 1606 Nolui
403 1560 614 1607 omittere
657 1560 835 1606 brevius
879 1560 1186 1620 fragmentum
1227 1560 1350 1621 quod
1382 1562 1428 1605 in
1469 1558 1647 1606 duobus
1677 1559 1739 1609 32

119 1631 248 1678 libris
281 1631 496 1677 Parisinis
542 1631 760 1692 septimae
804 1630 982 1676 tabulae
1025 1631 1318 1677 subiunctum
1360 1637 1443 1676 est.
1525 1628 1655 1686 Quod

121 1717 392 1764 quamquam
435 1701 550 1747 nihil
598 1702 685 1747 nisi
723 1701 967 1762 'quadratas
1004 1708 1050 1747 et
1088 1701 1270 1748 cubicas
1295 1701 1466 1762 palmi,
1509 1701 1656 1762 pedis,

120 1774 260 1820 cubiti
297 1774 499 1819 rationes
546 1772 752 1831 exhibet,
806 1779 954 1818 tamen
999 1785 1052 1818 eo
1099 1772 1201 1833 ipso
1236 1771 1529 1818 memorabile
1570 1778 1657 1827 est,

123 1845 246 1905 quod
289 1843 458 1890 abolita
501 1844 751 1888 vetustiore
799 1842 1104 1903 sesquipedali
1145 1856 1355 1888 mensura
1404 1841 1657 1902 bipedalem

121 1915 322 1962 cubitum
364 1913 497 1960 etiam
537 1913 607 1959 his
644 1914 1069 1959 mathematicorum
1106 1913 1359 1959 rationibus
1404 1912 1655 1958 subiectum

123 1999 222 2032 esse
248 1987 516 2046 reperimus.

566 2136 633 2176 De
662 2135 807 2177 tabula
838 2135 1012 2176 Euclida·
1040 2135 1211 2177 tributa.

229 2224 418 2284 Legitur
453 2224 571 2269 inter
600 2223 878 2270 Heronianas
917 2222 1134 2283 reliquias
1170 2223 1303 2269 etiam
1338 2222 1488 2272 tabula
1525 2235 1660 2283 quae·
1680 2228 1743 2277 33

125 2297 225 2342 dam
253 2289 533 2344 Εὐκλείδου
561 2288 902 2354 εὐθυμετρικά
927 2295 1171 2354 inscripta,
1210 2308 1325 2355 quae
1357 2295 1562 2355 proxime
1589 2307 1659 2339 ac-

127 2367 247 2413 cedit
278 2366 332 2412 ad
359 2365 657 2411 Heronianam
690 2364 931 2411 secundam
960 2363 1095 2425 (prol.
1126 2365 1155 2423 S
1181 2365 1269 2423 21).
1322 2364 1429 2410 Nam
1459 2371 1504 2409 et
1527 2363 1660 2410 uncia

125 2438 201 2484 hic
226 2443 373 2483 exstat
399 2442 444 2481 et
468 2449 610 2495 paene
642 2449 799 2481 omnes
824 2448 1062 2481 mensurae
1083 2436 1272 2482 eundem
1300 2437 1344 2481 in
1379 2434 1561 2482 modum
1585 2433 1661 2479 de-

127 2521 361 2567 finiuntur.
434 2519 670 2564 Miliarium
708 2527 856 2564 autem
890 2519 989 2565 iure
1029 2519 1125 2564 IVD
1148 2519 1247 2579 ped.
1277 2518 1445 2564 habere
1477 2518 1659 2574 dicitur,

129 2595 296 2654 quippe
338 2591 416 2652 qui
463 2591 555 2635 sint
580 2589 864 2635 Philetaerei.
915 2588 1004 2635 Nec
1039 2596 1187 2635 tamen
1222 2596 1345 2636 recte
1378 2590 1488 2636 haec
1514 2588 1661 2634 addita

129 2670 264 2710 sunt:
305 2658 368 2710 τὸ
394 2657 453 2709 δὲ
480 2654 774 2719 Ῥωμαϊκὸν
801 2653 973 2718 μίλιον
1000 2654 1108 2719 ἔχει
1134 2653 1306 2707 πόδας
1333 2653 1438 2726 leis,
1467 2673 1568 2705 nam
1593 2665 1662 2704 tot

128 2734 267 2795 pedes
305 2731 492 2779 Romani
522 2731 747 2791 Aegyptio
786 2730 980 2775 miliario
1020 2730 1318 2786 conveniunt,
1357 2731 1662 2777 Romanorum

131 2811 281 2850 autem
315 2802 556 2848 miliarium
598 2801 630 2844 V
661 2799 782 2846 milia
813 2800 978 2861 pedum
1010 2799 1160 2846 habet.
1210 2801 1259 2846 ln
1294 2801 1365 2847 his
1399 2802 1540 2861 igitur
1575 2801 1661 2846 etsi

132 2882 292 2922 auctor
322 2873 498 2919 tabulae
527 2885 729 2918 errorem
758 2871 1006 2929 commisit,
1042 2878 1192 2918 tamen
1221 2874 1404 2918 omnino
1432 2883 1663 2917 mensura-

133 2958 232 2990 rum
273 2946 388 2991 ratio
425 2942 704 2990 Philetaerea
746 2940 874 2987 valet.
932 2939 1048 2997 Quid
1079 2956 1186 2989 vero
1221 2942 1275 2989 de
1312 2942 1456 3003 gradu
1496 2947 1663 2988 statua-

1330 3022 1404 3072 4*
