<?xml version="1.0" encoding="UTF-8"?>
<!DOCTYPE html PUBLIC "-//W3C//DTD XHTML 1.0 Transitional//EN"
    "http://www.w3.org/TR/xhtml1/DTD/xhtml1-transitional.dtd">
<html xmlns="http://www.w3.org/1999/xhtml" xml:lang="en" lang="en">
 <head>
  <title>
</title>
<meta http-equiv="Content-Type" content="text/html;charset=utf-8" />
  <meta name='ocr-system' content='tesseract 3.04.00' />
  <meta name='ocr-capabilities' content='ocr_page ocr_carea ocr_par ocr_line ocrx_word'/>
</head>
<body>
  <div class='ocr_page' id='page_1' title='image "./metrologicorumsc01hultuoft_0286.png"; bbox 0 0 1946 3220; ppageno 0'>
   <div class='ocr_carea' id='block_1_1' title="bbox 277 176 1814 245">
    <p class='ocr_par' dir='ltr' id='par_1_1' title="bbox 277 176 1814 245">
     <span class='ocr_line' id='line_1_1' title="bbox 277 176 1814 245; baseline -0.005 -14"><span class='ocrx_word' id='word_1_1' title='bbox 277 177 383 231; x_wconf 80' lang='lat'>258</span> <span class='ocrx_word' id='word_1_2' title='bbox 681 192 1000 227; x_wconf 71' lang='lat' dir='ltr'><strong>FRAGMENTA</strong></span> <span class='ocrx_word' id='word_1_3' title='bbox 1035 192 1104 224; x_wconf 77' lang='lat' dir='ltr'>m:</span> <span class='ocrx_word' id='word_1_4' title='bbox 1141 191 1401 227; x_wconf 78' lang='lat' dir='ltr'>MENSURIS</span> <span class='ocrx_word' id='word_1_5' title='bbox 1708 176 1814 245; x_wconf 87' lang='lat'><strong>[81]</strong></span> 
     </span>
    </p>
   </div>
   <div class='ocr_carea' id='block_1_2' title="bbox 226 298 1816 787">
    <p class='ocr_par' dir='ltr' id='par_1_2' title="bbox 226 298 1816 787">
     <span class='ocr_line' id='line_1_2' title="bbox 281 298 1811 369; baseline -0.003 -11"><span class='ocrx_word' id='word_1_6' title='bbox 281 306 345 369; x_wconf 86' lang='grc' dir='ltr'>δὴ</span> <span class='ocrx_word' id='word_1_7' title='bbox 383 302 570 365; x_wconf 83' lang='grc' dir='ltr'>κογγία</span> <span class='ocrx_word' id='word_1_8' title='bbox 601 301 836 362; x_wconf 74' lang='grc' dir='ltr'>λέγουςι,</span> <span class='ocrx_word' id='word_1_9' title='bbox 875 298 1071 363; x_wconf 88' lang='grc' dir='ltr'>κάβους</span> <span class='ocrx_word' id='word_1_10' title='bbox 1099 300 1158 352; x_wconf 81' lang='grc' dir='ltr'>δὲ</span> <span class='ocrx_word' id='word_1_11' title='bbox 1186 299 1345 364; x_wconf 83' lang='grc' dir='ltr'>ἡμεῖς.</span> <span class='ocrx_word' id='word_1_12' title='bbox 1396 299 1427 352; x_wconf 88' lang='grc' dir='ltr'>ὁ</span> <span class='ocrx_word' id='word_1_13' title='bbox 1453 301 1512 354; x_wconf 82' lang='grc' dir='ltr'>δὲ</span> <span class='ocrx_word' id='word_1_14' title='bbox 1538 303 1670 364; x_wconf 88' lang='grc' dir='ltr'>χοῦς</span> <span class='ocrx_word' id='word_1_15' title='bbox 1703 318 1811 366; x_wconf 85' lang='grc' dir='ltr'>χω-</span> 
     </span>
     <span class='ocr_line' id='line_1_3' title="bbox 284 382 1679 453; baseline -0.004 -11"><span class='ocrx_word' id='word_1_16' title='bbox 284 391 366 453; x_wconf 84' lang='grc' dir='ltr'>ρεῖ</span> <span class='ocrx_word' id='word_1_17' title='bbox 390 387 569 441; x_wconf 86' lang='grc' dir='ltr'>ξέςτας</span> <span class='ocrx_word' id='word_1_18' title='bbox 597 383 659 448; x_wconf 77' lang='grc' dir='ltr'>ς’,</span> <span class='ocrx_word' id='word_1_19' title='bbox 691 383 766 435; x_wconf 79' lang='grc' dir='ltr'>ὡς</span> <span class='ocrx_word' id='word_1_20' title='bbox 789 383 886 437; x_wconf 88' lang='grc' dir='ltr'>τὸν</span> <span class='ocrx_word' id='word_1_21' title='bbox 915 382 1167 448; x_wconf 85' lang='grc' dir='ltr'>ἀμφορέα</span> <span class='ocrx_word' id='word_1_22' title='bbox 1194 382 1332 438; x_wconf 74' lang='grc' dir='ltr'>εἶναι</span> <span class='ocrx_word' id='word_1_23' title='bbox 1356 387 1553 439; x_wconf 81' lang='grc' dir='ltr'>ξεςτῶν</span> <span class='ocrx_word' id='word_1_24' title='bbox 1583 383 1679 449; x_wconf 88' lang='grc' dir='ltr'>μη’,</span> 
     </span>
     <span class='ocr_line' id='line_1_4' title="bbox 386 467 1815 534; baseline 0.001 -13"><span class='ocrx_word' id='word_1_25' title='bbox 386 469 433 521; x_wconf 82' lang='grc'>2.</span> <span class='ocrx_word' id='word_1_26' title='bbox 474 469 532 521; x_wconf 88' lang='grc' dir='ltr'>Ὁ</span> <span class='ocrx_word' id='word_1_27' title='bbox 563 469 623 521; x_wconf 84' lang='grc' dir='ltr'>δὲ</span> <span class='ocrx_word' id='word_1_28' title='bbox 655 467 979 534; x_wconf 72' lang='grc' dir='ltr'>Ἀντιοχικὸς</span> <span class='ocrx_word' id='word_1_29' title='bbox 1006 469 1262 533; x_wconf 87' lang='grc' dir='ltr'>μετρητὴς</span> <span class='ocrx_word' id='word_1_30' title='bbox 1291 470 1389 522; x_wconf 85' lang='grc' dir='ltr'>τοῦ</span> <span class='ocrx_word' id='word_1_31' title='bbox 1430 469 1683 522; x_wconf 84' lang='grc' dir='ltr'>Ἰταλικοῦ</span> <span class='ocrx_word' id='word_1_32' title='bbox 1710 469 1815 523; x_wconf 82' lang='grc' dir='ltr'>ἑςτι</span> 
     </span>
     <span class='ocr_line' id='line_1_5' title="bbox 282 553 733 609; baseline -0.009 0"><span class='ocrx_word' id='word_1_33' title='bbox 282 554 552 609; x_wconf 87' lang='grc' dir='ltr'>διπλάςιος</span> <span class='ocrx_word' id='word_1_34' title='bbox 580 553 666 605; x_wconf 88' lang='grc' dir='ltr'>καὶ</span> <span class='ocrx_word' id='word_1_35' title='bbox 687 561 733 605; x_wconf 72' lang='grc' dir='ltr'>Ξ.</span> 
     </span>
     <span class='ocr_line' id='line_1_6' title="bbox 226 635 1814 703; baseline 0 -13"><span class='ocrx_word' id='word_1_36' title='bbox 226 656 251 696; x_wconf 87' lang='lat'>5</span> <span class='ocrx_word' id='word_1_37' title='bbox 388 638 436 690; x_wconf 85' lang='lat'><strong>3.</strong></span> <span class='ocrx_word' id='word_1_38' title='bbox 474 637 534 690; x_wconf 89' lang='lat' dir='ltr'>‘O</span> <span class='ocrx_word' id='word_1_39' title='bbox 561 637 739 701; x_wconf 86' lang='grc' dir='ltr'>ξέςτης</span> <span class='ocrx_word' id='word_1_40' title='bbox 763 638 1036 701; x_wconf 79' lang='grc' dir='ltr'>διαιρεῖται</span> <span class='ocrx_word' id='word_1_41' title='bbox 1063 635 1134 690; x_wconf 87' lang='grc' dir='ltr'>εἰς</span> <span class='ocrx_word' id='word_1_42' title='bbox 1158 636 1385 690; x_wconf 87' lang='grc' dir='ltr'>κοτύλας</span> <span class='ocrx_word' id='word_1_43' title='bbox 1411 637 1535 690; x_wconf 89' lang='grc' dir='ltr'>δύο·</span> <span class='ocrx_word' id='word_1_44' title='bbox 1558 637 1591 701; x_wconf 89' lang='grc' dir='ltr'><strong>ἡ</strong></span> <span class='ocrx_word' id='word_1_45' title='bbox 1617 638 1814 703; x_wconf 83' lang='grc' dir='ltr'>κοτύλη</span> 
     </span>
     <span class='ocr_line' id='line_1_7' title="bbox 281 719 1816 787; baseline -0.001 -11"><span class='ocrx_word' id='word_1_46' title='bbox 281 722 352 776; x_wconf 87' lang='grc' dir='ltr'>εἰς</span> <span class='ocrx_word' id='word_1_47' title='bbox 379 721 626 787; x_wconf 82' lang='grc' dir='ltr'>ὀξύβαφα</span> <span class='ocrx_word' id='word_1_48' title='bbox 653 719 722 786; x_wconf 84' lang='grc' dir='ltr'>β’·</span> <span class='ocrx_word' id='word_1_49' title='bbox 769 721 831 774; x_wconf 90' lang='grc' dir='ltr'>τὸ</span> <span class='ocrx_word' id='word_1_50' title='bbox 860 720 1139 787; x_wconf 82' lang='grc' dir='ltr'>ὀξύβαφον</span> <span class='ocrx_word' id='word_1_51' title='bbox 1170 720 1242 774; x_wconf 84' lang='grc' dir='ltr'>εἰς</span> <span class='ocrx_word' id='word_1_52' title='bbox 1271 721 1500 775; x_wconf 84' lang='grc' dir='ltr'>κυάθους</span> <span class='ocrx_word' id='word_1_53' title='bbox 1525 720 1596 784; x_wconf 85' lang='grc' dir='ltr'>γ’·</span> <span class='ocrx_word' id='word_1_54' title='bbox 1633 722 1664 776; x_wconf 89' lang='grc' dir='ltr'>ὁ</span> <span class='ocrx_word' id='word_1_55' title='bbox 1689 722 1816 775; x_wconf 88' lang='grc' dir='ltr'>κύα-</span> 
     </span>
    </p>
   </div>
   <div class='ocr_carea' id='block_1_3' title="bbox 280 804 1907 878">
    <p class='ocr_par' dir='ltr' id='par_1_3' title="bbox 280 804 1907 878">
     <span class='ocr_line' id='line_1_8' title="bbox 280 804 1907 878; baseline -0.001 -18"><span class='ocrx_word' id='word_1_56' title='bbox 280 811 374 860; x_wconf 87' lang='grc' dir='ltr'>Θος</span> <span class='ocrx_word' id='word_1_57' title='bbox 403 805 474 860; x_wconf 89' lang='grc' dir='ltr'>εἰς</span> <span class='ocrx_word' id='word_1_58' title='bbox 499 806 714 872; x_wconf 86' lang='grc' dir='ltr'>μύςτρια</span> <span class='ocrx_word' id='word_1_59' title='bbox 741 804 803 869; x_wconf 70' lang='grc' dir='ltr'>δ’,</span> <span class='ocrx_word' id='word_1_60' title='bbox 839 804 872 858; x_wconf 82' lang='grc' dir='ltr'><strong><em>ἃ</em></strong></span> <span class='ocrx_word' id='word_1_61' title='bbox 907 805 971 870; x_wconf 88' lang='grc' dir='ltr'>δὴ</span> <span class='ocrx_word' id='word_1_62' title='bbox 1011 805 1212 870; x_wconf 86' lang='grc' dir='ltr'>λίςτρια</span> <span class='ocrx_word' id='word_1_63' title='bbox 1248 806 1625 870; x_wconf 79' lang='grc' dir='ltr'>ὀνομάζουςιν·</span> <span class='ocrx_word' id='word_1_64' title='bbox 1664 806 1695 859; x_wconf 85' lang='grc' dir='ltr'>ὁ</span> <span class='ocrx_word' id='word_1_65' title='bbox 1722 807 1815 871; x_wconf 90' lang='grc' dir='ltr'>μύ-</span> <span class='ocrx_word' id='word_1_66' title='bbox 1882 823 1907 878; x_wconf 58' lang='lat' dir='ltr'><strong>j</strong></span> 
     </span>
    </p>
   </div>
   <div class='ocr_carea' id='block_1_4' title="bbox 199 889 1817 1377">
    <p class='ocr_par' dir='ltr' id='par_1_4' title="bbox 282 889 1816 956">
     <span class='ocr_line' id='line_1_9' title="bbox 282 889 1816 956; baseline 0 -12"><span class='ocrx_word' id='word_1_67' title='bbox 282 907 436 956; x_wconf 90' lang='grc' dir='ltr'>ςτρος</span> <span class='ocrx_word' id='word_1_68' title='bbox 473 890 591 955; x_wconf 81' lang='grc' dir='ltr'>ἦτοι</span> <span class='ocrx_word' id='word_1_69' title='bbox 624 890 688 942; x_wconf 89' lang='grc' dir='ltr'>τὸ</span> <span class='ocrx_word' id='word_1_70' title='bbox 723 889 954 954; x_wconf 88' lang='grc' dir='ltr'>λίςτριον</span> <span class='ocrx_word' id='word_1_71' title='bbox 992 889 1064 943; x_wconf 86' lang='grc' dir='ltr'>εἰς</span> <span class='ocrx_word' id='word_1_72' title='bbox 1098 890 1376 955; x_wconf 87' lang='grc' dir='ltr'>κοχλιάρια</span> <span class='ocrx_word' id='word_1_73' title='bbox 1412 890 1525 943; x_wconf 92' lang='grc' dir='ltr'>δύο.</span> <span class='ocrx_word' id='word_1_74' title='bbox 1562 890 1608 942; x_wconf 86' lang='grc' dir='ltr'>·ὁ</span> <span class='ocrx_word' id='word_1_75' title='bbox 1638 891 1816 955; x_wconf 84' lang='grc' dir='ltr'>Ξέςτης</span> 
     </span>
    </p>

    <p class='ocr_par' dir='ltr' id='par_1_5' title="bbox 283 972 1815 1040">
     <span class='ocr_line' id='line_1_10' title="bbox 283 972 1815 1040; baseline -0.001 -12"><span class='ocrx_word' id='word_1_76' title='bbox 283 975 571 1030; x_wconf 88' lang='grc' dir='ltr'>ἀναλύεται</span> <span class='ocrx_word' id='word_1_77' title='bbox 595 973 666 1027; x_wconf 87' lang='grc' dir='ltr'>εἰς</span> <span class='ocrx_word' id='word_1_78' title='bbox 685 975 962 1039; x_wconf 89' lang='grc' dir='ltr'>κοχλιάρια</span> <span class='ocrx_word' id='word_1_79' title='bbox 988 972 1085 1036; x_wconf 67' lang='lat' dir='ltr'><strong>Qg&#39;.</strong></span> <span class='ocrx_word' id='word_1_80' title='bbox 1122 974 1206 1026; x_wconf 91' lang='grc' dir='ltr'>καὶ</span> <span class='ocrx_word' id='word_1_81' title='bbox 1232 975 1297 1027; x_wconf 90' lang='grc' dir='ltr'>τὰ</span> <span class='ocrx_word' id='word_1_82' title='bbox 1322 974 1509 1039; x_wconf 82' lang='grc' dir='ltr'>ἐλαιρὰ</span> <span class='ocrx_word' id='word_1_83' title='bbox 1534 977 1815 1040; x_wconf 85' lang='grc' dir='ltr'>παραπλη-</span> 
     </span>
    </p>

    <p class='ocr_par' dir='ltr' id='par_1_6' title="bbox 199 1057 1813 1124">
     <span class='ocr_line' id='line_1_11' title="bbox 199 1057 1813 1124; baseline -0.001 -9"><span class='ocrx_word' id='word_1_84' title='bbox 199 1076 252 1117; x_wconf 90' lang='lat'>10</span> <span class='ocrx_word' id='word_1_85' title='bbox 284 1059 425 1124; x_wconf 75' lang='grc' dir='ltr'>ςίως,</span> <span class='ocrx_word' id='word_1_86' title='bbox 451 1060 593 1123; x_wconf 86' lang='grc' dir='ltr'>πλὴν</span> <span class='ocrx_word' id='word_1_87' title='bbox 620 1057 700 1110; x_wconf 90' lang='grc' dir='ltr'>ὅτι</span> <span class='ocrx_word' id='word_1_88' title='bbox 727 1057 835 1111; x_wconf 88' lang='grc' dir='ltr'>ἀπὸ</span> <span class='ocrx_word' id='word_1_89' title='bbox 855 1060 952 1109; x_wconf 89' lang='grc' dir='ltr'>τοῦ</span> <span class='ocrx_word' id='word_1_90' title='bbox 979 1059 1315 1122; x_wconf 86' lang='grc' dir='ltr'>καλουμένου</span> <span class='ocrx_word' id='word_1_91' title='bbox 1340 1058 1689 1124; x_wconf 86' lang='grc' dir='ltr'>κεντηναρίου</span> <span class='ocrx_word' id='word_1_92' title='bbox 1715 1060 1813 1124; x_wconf 88' lang='grc' dir='ltr'>τὴν</span> 
     </span>
    </p>

    <p class='ocr_par' dir='ltr' id='par_1_7' title="bbox 283 1141 1816 1293">
     <span class='ocr_line' id='line_1_12' title="bbox 283 1141 1816 1209; baseline -0.002 -12"><span class='ocrx_word' id='word_1_93' title='bbox 283 1143 453 1209; x_wconf 84' lang='grc' dir='ltr'>ἀρχὴν</span> <span class='ocrx_word' id='word_1_94' title='bbox 505 1142 635 1207; x_wconf 76' lang='grc' dir='ltr'>ἔχει·</span> <span class='ocrx_word' id='word_1_95' title='bbox 693 1141 797 1195; x_wconf 78' lang='grc' dir='ltr'>ἕςτι</span> <span class='ocrx_word' id='word_1_96' title='bbox 845 1143 903 1194; x_wconf 82' lang='grc' dir='ltr'>δὲ</span> <span class='ocrx_word' id='word_1_97' title='bbox 945 1141 975 1193; x_wconf 87' lang='grc' dir='ltr'>ὁ</span> <span class='ocrx_word' id='word_1_98' title='bbox 1018 1143 1274 1207; x_wconf 87' lang='grc' dir='ltr'>μετρητὴς</span> <span class='ocrx_word' id='word_1_99' title='bbox 1323 1142 1536 1206; x_wconf 73' lang='grc' dir='ltr'>ἓλαιρὸς</span> <span class='ocrx_word' id='word_1_100' title='bbox 1583 1142 1816 1196; x_wconf 45' lang='grc' dir='ltr'>Ἶιδυνατὰ</span> 
     </span>
     <span class='ocr_line' id='line_1_13' title="bbox 283 1225 1539 1293; baseline -0.003 -11"><span class='ocrx_word' id='word_1_101' title='bbox 283 1227 459 1293; x_wconf 41' lang='grc' dir='ltr'>ἕχωνῆ</span> <span class='ocrx_word' id='word_1_102' title='bbox 486 1225 565 1286; x_wconf 86' lang='grc' dir='ltr'>ις’.</span> <span class='ocrx_word' id='word_1_103' title='bbox 610 1245 635 1278; x_wconf 61' lang='grc' dir='ltr'>ιι</span> <span class='ocrx_word' id='word_1_104' title='bbox 657 1245 682 1278; x_wconf 79' lang='lat'>*</span> <span class='ocrx_word' id='word_1_105' title='bbox 703 1226 788 1278; x_wconf 91' lang='grc' dir='ltr'>καὶ</span> <span class='ocrx_word' id='word_1_106' title='bbox 815 1227 1049 1279; x_wconf 83' lang='grc' dir='ltr'>καλεῖται</span> <span class='ocrx_word' id='word_1_107' title='bbox 1079 1225 1111 1278; x_wconf 84' lang='grc' dir='ltr'>ὁ</span> <span class='ocrx_word' id='word_1_108' title='bbox 1136 1226 1321 1291; x_wconf 90' lang='grc' dir='ltr'>μόδιος</span> <span class='ocrx_word' id='word_1_109' title='bbox 1347 1227 1539 1280; x_wconf 82' lang='grc' dir='ltr'>ἑκτεύς.</span> 
     </span>
    </p>

    <p class='ocr_par' dir='ltr' id='par_1_8' title="bbox 387 1309 1817 1377">
     <span class='ocr_line' id='line_1_14' title="bbox 387 1309 1817 1377; baseline -0.001 -14"><span class='ocrx_word' id='word_1_110' title='bbox 387 1311 434 1363; x_wconf 89' lang='lat'>4.</span> <span class='ocrx_word' id='word_1_111' title='bbox 474 1311 533 1363; x_wconf 83' lang='lat' dir='ltr'>‘O</span> <span class='ocrx_word' id='word_1_112' title='bbox 562 1310 746 1375; x_wconf 80' lang='grc' dir='ltr'>μόδιος</span> <span class='ocrx_word' id='word_1_113' title='bbox 774 1309 883 1374; x_wconf 77' lang='grc' dir='ltr'>ἔχει</span> <span class='ocrx_word' id='word_1_114' title='bbox 905 1309 1121 1374; x_wconf 83' lang='grc' dir='ltr'>ἡμίεκτα</span> <span class='ocrx_word' id='word_1_115' title='bbox 1146 1312 1270 1363; x_wconf 88' lang='grc' dir='ltr'>δύο·</span> <span class='ocrx_word' id='word_1_116' title='bbox 1296 1311 1359 1364; x_wconf 86' lang='grc' dir='ltr'>τὸ</span> <span class='ocrx_word' id='word_1_117' title='bbox 1384 1310 1630 1377; x_wconf 86' lang='grc' dir='ltr'>ἡμίεκτον</span> <span class='ocrx_word' id='word_1_118' title='bbox 1650 1309 1817 1376; x_wconf 83' lang='grc' dir='ltr'>χοὶνι-</span> 
     </span>
    </p>
   </div>
   <div class='ocr_carea' id='block_1_5' title="bbox 198 1393 1936 1565">
    <p class='ocr_par' dir='ltr' id='par_1_9' title="bbox 198 1393 1936 1565">
     <span class='ocr_line' id='line_1_15' title="bbox 281 1393 1936 1463; baseline -0.001 -15"><span class='ocrx_word' id='word_1_119' title='bbox 281 1412 376 1448; x_wconf 92' lang='grc' dir='ltr'>κας</span> <span class='ocrx_word' id='word_1_120' title='bbox 402 1395 460 1448; x_wconf 88' lang='grc' dir='ltr'>δ’.</span> <span class='ocrx_word' id='word_1_121' title='bbox 488 1395 518 1448; x_wconf 88' lang='grc' dir='ltr'>ὁ</span> <span class='ocrx_word' id='word_1_122' title='bbox 535 1394 915 1460; x_wconf 84' lang='grc' dir='ltr'>χοῖνιξ-Ξὲςτας</span> <span class='ocrx_word' id='word_1_123' title='bbox 943 1393 1009 1459; x_wconf 86' lang='grc' dir='ltr'>β’·</span> <span class='ocrx_word' id='word_1_124' title='bbox 1038 1394 1113 1447; x_wconf 81' lang='grc' dir='ltr'>ῶς</span> <span class='ocrx_word' id='word_1_125' title='bbox 1128 1396 1225 1448; x_wconf 89' lang='grc' dir='ltr'>τὸν</span> <span class='ocrx_word' id='word_1_126' title='bbox 1248 1395 1435 1460; x_wconf 89' lang='grc' dir='ltr'>μόδιον</span> <span class='ocrx_word' id='word_1_127' title='bbox 1458 1394 1595 1449; x_wconf 76' lang='grc' dir='ltr'>εἶναι</span> <span class='ocrx_word' id='word_1_128' title='bbox 1620 1397 1815 1449; x_wconf 84' lang='grc' dir='ltr'>ξεςτῶν</span> <span class='ocrx_word' id='word_1_129' title='bbox 1900 1415 1910 1463; x_wconf 69' lang='lat' dir='ltr'><strong>j</strong></span> <span class='ocrx_word' id='word_1_130' title='bbox 1934 1457 1936 1459; x_wconf 21' lang='grc' dir='ltr'>Ι</span> 
     </span>
     <span class='ocr_line' id='line_1_16' title="bbox 198 1478 1923 1565; baseline -0.002 -29"><span class='ocrx_word' id='word_1_131' title='bbox 198 1495 252 1536; x_wconf 81' lang='lat'>15</span> <span class='ocrx_word' id='word_1_132' title='bbox 284 1478 363 1539; x_wconf 84' lang='grc' dir='ltr'>ις’.</span> <span class='ocrx_word' id='word_1_133' title='bbox 402 1479 486 1532; x_wconf 83' lang='grc' dir='ltr'>καὶ</span> <span class='ocrx_word' id='word_1_134' title='bbox 519 1478 586 1531; x_wconf 88' lang='grc' dir='ltr'>τὰ</span> <span class='ocrx_word' id='word_1_135' title='bbox 621 1479 789 1533; x_wconf 86' lang='grc' dir='ltr'>λεπτὰ</span> <span class='ocrx_word' id='word_1_136' title='bbox 819 1479 878 1531; x_wconf 80' lang='grc' dir='ltr'>δὲ</span> <span class='ocrx_word' id='word_1_137' title='bbox 915 1478 1078 1544; x_wconf 86' lang='grc' dir='ltr'>μέτρα</span> <span class='ocrx_word' id='word_1_138' title='bbox 1113 1481 1224 1533; x_wconf 81' lang='grc' dir='ltr'>τῶν</span> <span class='ocrx_word' id='word_1_139' title='bbox 1261 1482 1438 1544; x_wconf 85' lang='grc' dir='ltr'>Ξηρῶν</span> <span class='ocrx_word' id='word_1_140' title='bbox 1477 1478 1676 1544; x_wconf 83' lang='grc' dir='ltr'>ὁμοίως</span> <span class='ocrx_word' id='word_1_141' title='bbox 1703 1481 1818 1532; x_wconf 85' lang='grc' dir='ltr'>τοῖς</span> <span class='ocrx_word' id='word_1_142' title='bbox 1918 1552 1923 1565; x_wconf 65' lang='lat'><strong>.</strong></span> 
     </span>
    </p>
   </div>
   <div class='ocr_carea' id='block_1_6' title="bbox 198 1563 1819 1966">
    <p class='ocr_par' dir='ltr' id='par_1_10' title="bbox 281 1563 618 1628">
     <span class='ocr_line' id='line_1_17' title="bbox 281 1563 618 1628; baseline -0.006 -11"><span class='ocrx_word' id='word_1_143' title='bbox 281 1566 393 1617; x_wconf 83' lang='grc' dir='ltr'>τῶν</span> <span class='ocrx_word' id='word_1_144' title='bbox 419 1563 618 1628; x_wconf 84' lang='grc' dir='ltr'>ὑγρῶν.</span> 
     </span>
    </p>

    <p class='ocr_par' dir='ltr' id='par_1_11' title="bbox 281 1645 1819 1881">
     <span class='ocr_line' id='line_1_18' title="bbox 328 1645 1816 1713; baseline 0.003 -17"><span class='ocrx_word' id='word_1_145' title='bbox 328 1685 340 1696; x_wconf 90' lang='grc'>.</span> <span class='ocrx_word' id='word_1_146' title='bbox 387 1648 435 1700; x_wconf 78' lang='lat'><strong>5.</strong></span> <span class='ocrx_word' id='word_1_147' title='bbox 473 1647 534 1700; x_wconf 89' lang='grc' dir='ltr'>Ὁ</span> <span class='ocrx_word' id='word_1_148' title='bbox 561 1645 936 1711; x_wconf 80' lang='grc' dir='ltr'>Πτολομαϊκὸς</span> <span class='ocrx_word' id='word_1_149' title='bbox 962 1647 1021 1699; x_wconf 81' lang='grc' dir='ltr'>δὲ</span> <span class='ocrx_word' id='word_1_150' title='bbox 1048 1646 1294 1711; x_wconf 87' lang='grc' dir='ltr'>μέδιμνος</span> <span class='ocrx_word' id='word_1_151' title='bbox 1326 1646 1564 1713; x_wconf 83' lang='grc' dir='ltr'>ἡμιόλιός</span> <span class='ocrx_word' id='word_1_152' title='bbox 1589 1647 1693 1700; x_wconf 80' lang='grc' dir='ltr'>ἐςτι</span> <span class='ocrx_word' id='word_1_153' title='bbox 1717 1649 1816 1700; x_wconf 90' lang='grc' dir='ltr'>τοῦ</span> 
     </span>
     <span class='ocr_line' id='line_1_19' title="bbox 281 1730 1818 1796; baseline -0.001 -11"><span class='ocrx_word' id='word_1_154' title='bbox 281 1732 516 1785; x_wconf 82' lang='grc' dir='ltr'>Ἀττικοῦ</span> <span class='ocrx_word' id='word_1_155' title='bbox 561 1733 646 1784; x_wconf 85' lang='grc' dir='ltr'>καὶ</span> <span class='ocrx_word' id='word_1_156' title='bbox 687 1730 999 1794; x_wconf 88' lang='grc' dir='ltr'>ςυνέςτηκεν</span> <span class='ocrx_word' id='word_1_157' title='bbox 1049 1730 1104 1785; x_wconf 80' lang='grc' dir='ltr'>ἐξ</span> <span class='ocrx_word' id='word_1_158' title='bbox 1145 1731 1395 1796; x_wconf 81' lang='grc' dir='ltr'>ἀρταβῶν</span> <span class='ocrx_word' id='word_1_159' title='bbox 1441 1732 1535 1795; x_wconf 83' lang='grc' dir='ltr'>μὲν</span> <span class='ocrx_word' id='word_1_160' title='bbox 1570 1733 1683 1786; x_wconf 85' lang='grc' dir='ltr'>τῶν</span> <span class='ocrx_word' id='word_1_161' title='bbox 1716 1748 1818 1783; x_wconf 90' lang='grc' dir='ltr'>πα-</span> 
     </span>
     <span class='ocr_line' id='line_1_20' title="bbox 285 1813 1819 1881; baseline 0.001 -14"><span class='ocrx_word' id='word_1_162' title='bbox 285 1817 453 1869; x_wconf 83' lang='grc' dir='ltr'>λαιῶν</span> <span class='ocrx_word' id='word_1_163' title='bbox 485 1815 541 1881; x_wconf 88' lang='grc' dir='ltr'>β’.</span> <span class='ocrx_word' id='word_1_164' title='bbox 591 1815 657 1880; x_wconf 79' lang='grc' dir='ltr'>ἦν</span> <span class='ocrx_word' id='word_1_165' title='bbox 682 1815 783 1879; x_wconf 79' lang='grc' dir='ltr'>γὰρ</span> <span class='ocrx_word' id='word_1_166' title='bbox 813 1815 846 1878; x_wconf 88' lang='grc' dir='ltr'>ἡ</span> <span class='ocrx_word' id='word_1_167' title='bbox 873 1813 1071 1880; x_wconf 87' lang='grc' dir='ltr'>ἀρτάβη</span> <span class='ocrx_word' id='word_1_168' title='bbox 1105 1814 1307 1880; x_wconf 79' lang='grc' dir='ltr'>μοδίων</span> <span class='ocrx_word' id='word_1_169' title='bbox 1336 1814 1381 1868; x_wconf 86' lang='grc' dir='ltr'>δ’</span> <span class='ocrx_word' id='word_1_170' title='bbox 1403 1824 1449 1868; x_wconf 75' lang='grc'>5.</span> <span class='ocrx_word' id='word_1_171' title='bbox 1498 1817 1599 1869; x_wconf 92' lang='grc' dir='ltr'>νῦν</span> <span class='ocrx_word' id='word_1_172' title='bbox 1637 1815 1696 1869; x_wconf 82' lang='grc' dir='ltr'>δὲ</span> <span class='ocrx_word' id='word_1_173' title='bbox 1731 1815 1819 1868; x_wconf 88' lang='grc' dir='ltr'>διὰ</span> 
     </span>
    </p>

    <p class='ocr_par' dir='ltr' id='par_1_12' title="bbox 198 1898 1696 1966">
     <span class='ocr_line' id='line_1_21' title="bbox 198 1898 1696 1966; baseline -0.002 -12"><span class='ocrx_word' id='word_1_174' title='bbox 198 1919 254 1958; x_wconf 82' lang='lat'>20</span> <span class='ocrx_word' id='word_1_175' title='bbox 284 1900 382 1966; x_wconf 87' lang='grc' dir='ltr'>τὴν</span> <span class='ocrx_word' id='word_1_176' title='bbox 408 1900 705 1964; x_wconf 86' lang='grc' dir='ltr'>Ῥωμαϊκὴν</span> <span class='ocrx_word' id='word_1_177' title='bbox 733 1901 915 1964; x_wconf 87' lang='grc' dir='ltr'>χρῆςιν</span> <span class='ocrx_word' id='word_1_178' title='bbox 941 1898 973 1962; x_wconf 83' lang='grc' dir='ltr'>ἡ</span> <span class='ocrx_word' id='word_1_179' title='bbox 1001 1898 1199 1965; x_wconf 90' lang='grc' dir='ltr'>ἀρτάβη</span> <span class='ocrx_word' id='word_1_180' title='bbox 1226 1899 1525 1965; x_wconf 83' lang='grc' dir='ltr'>χρηματίζει</span> <span class='ocrx_word' id='word_1_181' title='bbox 1549 1898 1598 1962; x_wconf 82' lang='grc' dir='ltr'>γ’</span> <span class='ocrx_word' id='word_1_182' title='bbox 1621 1898 1696 1961; x_wconf 84' lang='grc' dir='ltr'>γ”.</span> 
     </span>
    </p>
   </div>
   <div class='ocr_carea' id='block_1_7' title="bbox 392 1983 1901 2049">
    <p class='ocr_par' dir='ltr' id='par_1_13' title="bbox 392 1983 1901 2049">
     <span class='ocr_line' id='line_1_22' title="bbox 392 1983 1901 2049; baseline 0.001 -14"><span class='ocrx_word' id='word_1_183' title='bbox 392 1984 438 2036; x_wconf 86' lang='grc'>6.</span> <span class='ocrx_word' id='word_1_184' title='bbox 476 1984 536 2037; x_wconf 90' lang='grc' dir='ltr'>Ὁ</span> <span class='ocrx_word' id='word_1_185' title='bbox 567 1983 728 2047; x_wconf 88' lang='grc' dir='ltr'>κόρος</span> <span class='ocrx_word' id='word_1_186' title='bbox 755 1983 786 2036; x_wconf 87' lang='grc' dir='ltr'>ὁ</span> <span class='ocrx_word' id='word_1_187' title='bbox 812 1983 1111 2036; x_wconf 87' lang='grc' dir='ltr'>Φοινικικὸς</span> <span class='ocrx_word' id='word_1_188' title='bbox 1147 1983 1481 2049; x_wconf 88' lang='grc' dir='ltr'>καλούμενος</span> <span class='ocrx_word' id='word_1_189' title='bbox 1510 1984 1686 2038; x_wconf 87' lang='grc' dir='ltr'>ςάτων</span> <span class='ocrx_word' id='word_1_190' title='bbox 1715 1983 1820 2036; x_wconf 81' lang='grc' dir='ltr'>ἐςτὶ</span> <span class='ocrx_word' id='word_1_191' title='bbox 1898 1999 1901 2003; x_wconf 56' lang='lat'><strong><em>⁴</em></strong></span> 
     </span>
    </p>
   </div>
   <div class='ocr_carea' id='block_1_8' title="bbox 285 2065 1004 2132">
    <p class='ocr_par' dir='ltr' id='par_1_14' title="bbox 285 2065 1004 2132">
     <span class='ocr_line' id='line_1_23' title="bbox 285 2065 1004 2132; baseline 0 -13"><span class='ocrx_word' id='word_1_192' title='bbox 285 2065 343 2120; x_wconf 86' lang='grc' dir='ltr'>λ’.</span> <span class='ocrx_word' id='word_1_193' title='bbox 393 2069 455 2121; x_wconf 87' lang='grc' dir='ltr'>τὸ</span> <span class='ocrx_word' id='word_1_194' title='bbox 483 2068 644 2121; x_wconf 87' lang='grc' dir='ltr'>ςάτον</span> <span class='ocrx_word' id='word_1_195' title='bbox 679 2068 862 2132; x_wconf 87' lang='grc' dir='ltr'>μόδιος</span> <span class='ocrx_word' id='word_1_196' title='bbox 891 2066 938 2119; x_wconf 84' lang='grc' dir='ltr'>α’</span> <span class='ocrx_word' id='word_1_197' title='bbox 959 2077 1004 2120; x_wconf 75' lang='grc'>5.</span> 
     </span>
    </p>
   </div>
   <div class='ocr_carea' id='block_1_9' title="bbox 285 2196 624 2203">
    <p class='ocr_par' dir='ltr' id='par_1_15' title="bbox 285 2196 624 2203">
     <span class='ocr_line' id='line_1_24' title="bbox 285 2196 624 2203; baseline 0 1017"><span class='ocrx_word' id='word_1_198' title='bbox 285 2196 624 2203; x_wconf 95' lang='lat' dir='ltr'> </span> 
     </span>
    </p>
   </div>
   <div class='ocr_carea' id='block_1_10' title="bbox 285 2275 1819 2681">
    <p class='ocr_par' dir='ltr' id='par_1_16' title="bbox 285 2275 1819 2681">
     <span class='ocr_line' id='line_1_25' title="bbox 405 2275 1819 2332; baseline 0 -13"><span class='ocrx_word' id='word_1_199' title='bbox 405 2281 444 2319; x_wconf 88' lang='grc'>1.</span> <span class='ocrx_word' id='word_1_200' title='bbox 480 2276 556 2331; x_wconf 88' lang='grc' dir='ltr'>δὴ]</span> <span class='ocrx_word' id='word_1_201' title='bbox 591 2276 641 2320; x_wconf 84' lang='grc' dir='ltr'>δὲ</span> <span class='ocrx_word' id='word_1_202' title='bbox 670 2278 738 2330; x_wconf 92' lang='lat' dir='ltr'>M,</span> <span class='ocrx_word' id='word_1_203' title='bbox 774 2277 927 2329; x_wconf 21' lang='lat' dir='ltr'>mer</span> <span class='ocrx_word' id='word_1_204' title='bbox 1043 2280 1084 2319; x_wconf 84' lang='lat'><strong>2.</strong></span> <span class='ocrx_word' id='word_1_205' title='bbox 1118 2275 1312 2330; x_wconf 79' lang='grc' dir='ltr'>Ξεςτῶν]</span> <span class='ocrx_word' id='word_1_206' title='bbox 1348 2278 1396 2320; x_wconf 79' lang='grc' dir='ltr'>ξε</span> <span class='ocrx_word' id='word_1_207' title='bbox 1425 2279 1568 2319; x_wconf 85' lang='lat' dir='ltr'><strong>variis</strong></span> <span class='ocrx_word' id='word_1_208' title='bbox 1603 2291 1819 2332; x_wconf 83' lang='lat' dir='ltr'>compen-</span> 
     </span>
     <span class='ocr_line' id='line_1_26' title="bbox 292 2347 1818 2402; baseline 0 -12"><span class='ocrx_word' id='word_1_209' title='bbox 292 2349 380 2390; x_wconf 82' lang='lat' dir='ltr'>diis</span> <span class='ocrx_word' id='word_1_210' title='bbox 412 2362 498 2390; x_wconf 79' lang='lat' dir='ltr'><strong>scr.</strong></span> <span class='ocrx_word' id='word_1_211' title='bbox 529 2350 579 2389; x_wconf 91' lang='lat' dir='ltr'>in</span> <span class='ocrx_word' id='word_1_212' title='bbox 607 2347 920 2402; x_wconf 53' lang='lat' dir='ltr'>PbVMsputo</span> <span class='ocrx_word' id='word_1_213' title='bbox 955 2349 1095 2389; x_wconf 78' lang='lat' dir='ltr'>etiam</span> <span class='ocrx_word' id='word_1_214' title='bbox 1125 2349 1174 2389; x_wconf 84' lang='lat' dir='ltr'>in</span> <span class='ocrx_word' id='word_1_215' title='bbox 1202 2347 1284 2399; x_wconf 89' lang='lat' dir='ltr'>N),</span> <span class='ocrx_word' id='word_1_216' title='bbox 1320 2347 1478 2390; x_wconf 84' lang='grc' dir='ltr'>ξεςτὰς</span> <span class='ocrx_word' id='word_1_217' title='bbox 1509 2349 1590 2388; x_wconf 81' lang='lat' dir='ltr'>Ma</span> <span class='ocrx_word' id='word_1_218' title='bbox 1705 2350 1745 2390; x_wconf 90' lang='lat'><strong>3.</strong></span> <span class='ocrx_word' id='word_1_219' title='bbox 1774 2350 1818 2390; x_wconf 91' lang='grc'>4.</span> 
     </span>
     <span class='ocr_line' id='line_1_27' title="bbox 286 2416 1817 2471; baseline -0.001 -11"><span class='ocrx_word' id='word_1_220' title='bbox 286 2421 373 2461; x_wconf 85' lang='grc' dir='ltr'>τοῦ</span> <span class='ocrx_word' id='word_1_221' title='bbox 408 2417 632 2460; x_wconf 83' lang='grc' dir='ltr'>Ἰταλικοῦ</span> <span class='ocrx_word' id='word_1_222' title='bbox 666 2422 712 2459; x_wconf 83' lang='lat' dir='ltr'>et</span> <span class='ocrx_word' id='word_1_223' title='bbox 742 2416 976 2459; x_wconf 88' lang='grc' dir='ltr'>διπλάςιος</span> <span class='ocrx_word' id='word_1_224' title='bbox 1008 2418 1083 2459; x_wconf 88' lang='grc' dir='ltr'>καὶ</span> <span class='ocrx_word' id='word_1_225' title='bbox 1114 2424 1155 2459; x_wconf 70' lang='grc'>5</span> <span class='ocrx_word' id='word_1_226' title='bbox 1180 2430 1270 2459; x_wconf 90' lang='lat' dir='ltr'>non</span> <span class='ocrx_word' id='word_1_227' title='bbox 1309 2418 1424 2460; x_wconf 75' lang='lat' dir='ltr'>satis</span> <span class='ocrx_word' id='word_1_228' title='bbox 1453 2419 1697 2471; x_wconf 80' lang='lat' dir='ltr'>perspicue</span> <span class='ocrx_word' id='word_1_229' title='bbox 1727 2430 1817 2459; x_wconf 82' lang='lat' dir='ltr'><strong>scr.</strong></span> 
     </span>
     <span class='ocr_line' id='line_1_28' title="bbox 288 2481 1819 2541; baseline 0.001 -13"><span class='ocrx_word' id='word_1_230' title='bbox 288 2490 397 2531; x_wconf 85' lang='lat' dir='ltr'>inV</span> <span class='ocrx_word' id='word_1_231' title='bbox 484 2490 524 2530; x_wconf 90' lang='lat'>5.</span> <span class='ocrx_word' id='word_1_232' title='bbox 557 2487 787 2531; x_wconf 86' lang='grc' dir='ltr'>κοτύλους</span> <span class='ocrx_word' id='word_1_233' title='bbox 821 2481 857 2538; x_wconf 88' lang='grc' dir='ltr'>β’</span> <span class='ocrx_word' id='word_1_234' title='bbox 877 2487 938 2530; x_wconf 66' lang='grc' dir='ltr'>ΡΙ)</span> <span class='ocrx_word' id='word_1_235' title='bbox 1056 2489 1095 2532; x_wconf 89' lang='grc'>6.</span> <span class='ocrx_word' id='word_1_236' title='bbox 1129 2481 1184 2541; x_wconf 85' lang='grc' dir='ltr'>β’]</span> <span class='ocrx_word' id='word_1_237' title='bbox 1209 2486 1295 2529; x_wconf 91' lang='grc' dir='ltr'>δύο</span> <span class='ocrx_word' id='word_1_238' title='bbox 1315 2487 1357 2529; x_wconf 90' lang='lat' dir='ltr'>N</span> <span class='ocrx_word' id='word_1_239' title='bbox 1391 2534 1404 2541; x_wconf 17' lang='grc' dir='ltr'>«Α</span> <span class='ocrx_word' id='word_1_240' title='bbox 1451 2489 1502 2529; x_wconf 68' lang='grc'>’7.</span> <span class='ocrx_word' id='word_1_241' title='bbox 1537 2486 1562 2529; x_wconf 88' lang='grc' dir='ltr'>ὁ</span> <span class='ocrx_word' id='word_1_242' title='bbox 1595 2486 1819 2541; x_wconf 85' lang='grc' dir='ltr'>μύςτριον</span> 
     </span>
     <span class='ocr_line' id='line_1_29' title="bbox 285 2553 1818 2612; baseline 0 -14"><span class='ocrx_word' id='word_1_243' title='bbox 285 2558 327 2598; x_wconf 87' lang='lat' dir='ltr'>N</span> <span class='ocrx_word' id='word_1_244' title='bbox 414 2560 455 2599; x_wconf 87' lang='lat'><strong>8.</strong></span> <span class='ocrx_word' id='word_1_245' title='bbox 475 2553 512 2609; x_wconf 92' lang='grc' dir='ltr'>β’</span> <span class='ocrx_word' id='word_1_246' title='bbox 528 2557 590 2599; x_wconf 74' lang='lat' dir='ltr'>Pb</span> <span class='ocrx_word' id='word_1_247' title='bbox 679 2561 718 2600; x_wconf 88' lang='lat'>9.</span> <span class='ocrx_word' id='word_1_248' title='bbox 741 2556 899 2611; x_wconf 81' lang='grc' dir='ltr'>ἑλαιρὰ</span> <span class='ocrx_word' id='word_1_249' title='bbox 922 2555 1030 2611; x_wconf 68' lang='lat' dir='ltr'>etc]</span> <span class='ocrx_word' id='word_1_250' title='bbox 1050 2557 1254 2612; x_wconf 83' lang='lat' dir='ltr'><strong>v.praef.</strong></span> <span class='ocrx_word' id='word_1_251' title='bbox 1343 2559 1410 2599; x_wconf 88' lang='lat'><strong>10.</strong></span> <span class='ocrx_word' id='word_1_252' title='bbox 1429 2555 1725 2609; x_wconf 80' lang='grc' dir='ltr'>κεντιναρίου</span> <span class='ocrx_word' id='word_1_253' title='bbox 1739 2555 1818 2611; x_wconf 77' lang='lat' dir='ltr'>Pb,</span> 
     </span>
     <span class='ocr_line' id='line_1_30' title="bbox 291 2625 1819 2681; baseline 0.001 -14"><span class='ocrx_word' id='word_1_254' title='bbox 291 2625 374 2678; x_wconf 81' lang='grc' dir='ltr'>μὲν</span> <span class='ocrx_word' id='word_1_255' title='bbox 403 2627 611 2681; x_wconf 79' lang='grc' dir='ltr'>τιναρίου</span> <span class='ocrx_word' id='word_1_256' title='bbox 641 2630 730 2671; x_wconf 91' lang='lat' dir='ltr'>VM</span> <span class='ocrx_word' id='word_1_257' title='bbox 839 2630 906 2671; x_wconf 89' lang='lat'><strong>11.</strong></span> <span class='ocrx_word' id='word_1_258' title='bbox 937 2626 1107 2681; x_wconf 86' lang='grc' dir='ltr'>ἀρχὴν]</span> <span class='ocrx_word' id='word_1_259' title='bbox 1142 2625 1261 2680; x_wconf 89' lang='grc' dir='ltr'>ἀρὰν</span> <span class='ocrx_word' id='word_1_260' title='bbox 1290 2627 1332 2668; x_wconf 88' lang='lat' dir='ltr'>N</span> <span class='ocrx_word' id='word_1_261' title='bbox 1459 2625 1661 2680; x_wconf 80' lang='grc' dir='ltr'>ἐλαιρὸς]</span> <span class='ocrx_word' id='word_1_262' title='bbox 1696 2625 1819 2669; x_wconf 87' lang='grc' dir='ltr'>αἰλε-</span> 
     </span>
    </p>
   </div>
   <div class='ocr_carea' id='block_1_11' title="bbox 285 2693 1937 2750">
    <p class='ocr_par' dir='ltr' id='par_1_17' title="bbox 285 2693 1937 2750">
     <span class='ocr_line' id='line_1_31' title="bbox 285 2693 1937 2750; baseline 0.002 -14"><span class='ocrx_word' id='word_1_263' title='bbox 285 2694 367 2749; x_wconf 88' lang='grc' dir='ltr'>ρὸς</span> <span class='ocrx_word' id='word_1_264' title='bbox 388 2695 448 2736; x_wconf 85' lang='lat' dir='ltr'>Pb</span> <span class='ocrx_word' id='word_1_265' title='bbox 538 2700 604 2739; x_wconf 83' lang='lat'><strong>12.</strong></span> <span class='ocrx_word' id='word_1_266' title='bbox 628 2698 654 2740; x_wconf 86' lang='grc' dir='ltr'>ὁ</span> <span class='ocrx_word' id='word_1_267' title='bbox 677 2697 833 2750; x_wconf 89' lang='grc' dir='ltr'>μόδιος</span> <span class='ocrx_word' id='word_1_268' title='bbox 855 2696 1037 2750; x_wconf 86' lang='grc' dir='ltr'>ἑκτεύς]</span> <span class='ocrx_word' id='word_1_269' title='bbox 1063 2697 1089 2739; x_wconf 88' lang='grc' dir='ltr'>ὁ</span> <span class='ocrx_word' id='word_1_270' title='bbox 1112 2695 1335 2749; x_wconf 87' lang='grc' dir='ltr'>μοεκτεὺς</span> <span class='ocrx_word' id='word_1_271' title='bbox 1355 2696 1459 2749; x_wconf 88' lang='lat' dir='ltr'>VM,</span> <span class='ocrx_word' id='word_1_272' title='bbox 1483 2695 1740 2749; x_wconf 84' lang='grc' dir='ltr'>όμυεκτεύς</span> <span class='ocrx_word' id='word_1_273' title='bbox 1760 2697 1817 2750; x_wconf 86' lang='grc' dir='ltr'>Ν,</span> <span class='ocrx_word' id='word_1_274' title='bbox 1843 2693 1847 2695; x_wconf 63' lang='grc'>’</span> <span class='ocrx_word' id='word_1_275' title='bbox 1909 2706 1937 2723; x_wconf 47' lang='lat'>‘³</span> 
     </span>
    </p>
   </div>
   <div class='ocr_carea' id='block_1_12' title="bbox 288 2764 1817 2819">
    <p class='ocr_par' dir='ltr' id='par_1_18' title="bbox 288 2764 1817 2819">
     <span class='ocr_line' id='line_1_32' title="bbox 288 2764 1817 2819; baseline -0.001 -11"><span class='ocrx_word' id='word_1_276' title='bbox 288 2764 565 2816; x_wconf 83' lang='grc' dir='ltr'>ὁμοευκταῖς</span> <span class='ocrx_word' id='word_1_277' title='bbox 585 2767 646 2807; x_wconf 82' lang='lat' dir='ltr'>Pb</span> <span class='ocrx_word' id='word_1_278' title='bbox 735 2770 803 2812; x_wconf 87' lang='grc'>14.</span> <span class='ocrx_word' id='word_1_279' title='bbox 835 2766 957 2810; x_wconf 82' lang='grc' dir='ltr'>εἶναι</span> <span class='ocrx_word' id='word_1_280' title='bbox 985 2766 1074 2809; x_wconf 86' lang='grc' dir='ltr'>τὸν</span> <span class='ocrx_word' id='word_1_281' title='bbox 1096 2766 1256 2819; x_wconf 90' lang='grc' dir='ltr'>μόδιον</span> <span class='ocrx_word' id='word_1_282' title='bbox 1276 2767 1318 2808; x_wconf 90' lang='grc' dir='ltr'><strong>Ν</strong></span> <span class='ocrx_word' id='word_1_283' title='bbox 1403 2765 1560 2810; x_wconf 79' lang='grc' dir='ltr'>ξεςτὰς</span> <span class='ocrx_word' id='word_1_284' title='bbox 1581 2767 1662 2807; x_wconf 85' lang='lat' dir='ltr'>Ma</span> <span class='ocrx_word' id='word_1_285' title='bbox 1749 2767 1817 2808; x_wconf 85' lang='lat'><strong>15.</strong></span> 
     </span>
    </p>
   </div>
   <div class='ocr_carea' id='block_1_13' title="bbox 287 2833 1905 2889">
    <p class='ocr_par' dir='ltr' id='par_1_19' title="bbox 287 2833 1905 2889">
     <span class='ocr_line' id='line_1_33' title="bbox 287 2833 1905 2889; baseline 0 -10"><span class='ocrx_word' id='word_1_286' title='bbox 287 2833 463 2889; x_wconf 80' lang='grc' dir='ltr'>Ξηρῶν]</span> <span class='ocrx_word' id='word_1_287' title='bbox 498 2836 649 2887; x_wconf 81' lang='grc' dir='ltr'>ἒυρῶν</span> <span class='ocrx_word' id='word_1_288' title='bbox 679 2837 830 2878; x_wconf 80' lang='lat' dir='ltr'>PbVM</span> <span class='ocrx_word' id='word_1_289' title='bbox 948 2839 1014 2881; x_wconf 84' lang='lat'><strong>17.</strong></span> <span class='ocrx_word' id='word_1_290' title='bbox 1046 2838 1361 2888; x_wconf 81' lang='grc' dir='ltr'>πτολομαϊκος</span> <span class='ocrx_word' id='word_1_291' title='bbox 1391 2835 1468 2888; x_wconf 72' lang='lat' dir='ltr'>Pb,</span> <span class='ocrx_word' id='word_1_292' title='bbox 1501 2835 1818 2888; x_wconf 84' lang='grc' dir='ltr'>πτολεμαϊκὸς</span> <span class='ocrx_word' id='word_1_293' title='bbox 1899 2834 1905 2839; x_wconf 77' lang='grc'><em>’</em></span> 
     </span>
    </p>
   </div>
   <div class='ocr_carea' id='block_1_14' title="bbox 286 2903 1818 3030">
    <p class='ocr_par' dir='ltr' id='par_1_20' title="bbox 286 2903 1818 3030">
     <span class='ocr_line' id='line_1_34' title="bbox 286 2903 1818 2960; baseline 0 -12"><span class='ocrx_word' id='word_1_294' title='bbox 286 2906 386 2948; x_wconf 85' lang='lat' dir='ltr'><strong>rell.</strong></span> <span class='ocrx_word' id='word_1_295' title='bbox 478 2907 545 2949; x_wconf 88' lang='grc'>18.</span> <span class='ocrx_word' id='word_1_296' title='bbox 577 2903 797 2957; x_wconf 87' lang='grc' dir='ltr'>ἀρτύβων</span> <span class='ocrx_word' id='word_1_297' title='bbox 826 2908 915 2948; x_wconf 91' lang='lat' dir='ltr'>VM</span> <span class='ocrx_word' id='word_1_298' title='bbox 1005 2909 1070 2950; x_wconf 88' lang='grc'>19.</span> <span class='ocrx_word' id='word_1_299' title='bbox 1104 2905 1300 2960; x_wconf 85' lang='grc' dir='ltr'>μοδίων]</span> <span class='ocrx_word' id='word_1_300' title='bbox 1336 2905 1433 2958; x_wconf 90' lang='grc' dir='ltr'>μοδ.</span> <span class='ocrx_word' id='word_1_301' title='bbox 1453 2905 1558 2959; x_wconf 91' lang='lat' dir='ltr'>VM,</span> <span class='ocrx_word' id='word_1_302' title='bbox 1590 2904 1726 2957; x_wconf 89' lang='grc' dir='ltr'>μόδια</span> <span class='ocrx_word' id='word_1_303' title='bbox 1755 2904 1818 2948; x_wconf 74' lang='lat' dir='ltr'>Pb</span> 
     </span>
     <span class='ocr_line' id='line_1_35' title="bbox 287 2968 1736 3030; baseline 0.001 -10"><span class='ocrx_word' id='word_1_304' title='bbox 287 2978 357 3020; x_wconf 87' lang='grc'>21.</span> <span class='ocrx_word' id='word_1_305' title='bbox 391 2973 605 3018; x_wconf 90' lang='grc' dir='ltr'>Φοινικὸς</span> <span class='ocrx_word' id='word_1_306' title='bbox 635 2975 741 3018; x_wconf 88' lang='lat' dir='ltr'><strong>libri</strong></span> <span class='ocrx_word' id='word_1_307' title='bbox 857 2977 925 3019; x_wconf 88' lang='grc'>22.</span> <span class='ocrx_word' id='word_1_308' title='bbox 957 2974 1115 3027; x_wconf 87' lang='grc' dir='ltr'>μόδιος</span> <span class='ocrx_word' id='word_1_309' title='bbox 1146 2972 1236 3030; x_wconf 67' lang='grc' dir='ltr'>α’β]</span> <span class='ocrx_word' id='word_1_310' title='bbox 1279 2974 1377 3028; x_wconf 89' lang='grc' dir='ltr'>μοδ.</span> <span class='ocrx_word' id='word_1_311' title='bbox 1407 2974 1466 3018; x_wconf 89' lang='grc' dir='ltr'>τὸ</span> <span class='ocrx_word' id='word_1_312' title='bbox 1495 2968 1551 3017; x_wconf 63' lang='grc' dir='ltr'>,δ”</span> <span class='ocrx_word' id='word_1_313' title='bbox 1579 2974 1691 3017; x_wconf 87' lang='lat' dir='ltr'><strong>libri</strong></span> <span class='ocrx_word' id='word_1_314' title='bbox 1730 3010 1736 3021; x_wconf 80' lang='grc'>.</span> 
     </span>
    </p>
   </div>
  </div>
 </body>
</html>
