1946 3220
38 155 89 243 ἐξ
133 153 264 224 [107]
390 171 459 206 nx
495 171 875 208 mmonomco
913 172 1095 210 mano
1132 173 1428 210 nxcnRP'rA.
1555 159 1656 214 351

129 295 234 346 περ
259 277 326 346 μὴ
357 281 691 346 πληροῦντες
715 282 811 348 τὴν
846 281 1015 349 δράκα
1036 283 1150 337 τοῖς
1174 284 1229 338 ἓξ
1252 282 1495 350 ὀβολοῖς,
1531 288 1657 352 δρα-

127 365 268 431 χμὴν
305 363 472 430 αὐτὴν
507 365 764 432 λέγομεν,
796 366 942 433 παρὰ
976 367 1039 421 τὸ
1074 367 1369 434 δράξαςθαι.
1421 368 1547 425 ὅθεν
1582 370 1659 425 ἔτι

129 450 214 503 καὶ
246 451 348 505 νῦν
385 448 612 515 λέγομεν
646 448 1008 517 ὀβολοςτάτην
1044 452 1141 507 τὸν
1171 453 1437 518 τοκιςτήν,
1472 453 1656 522 ἐπειδὴ

18 536 42 583 ῑῖ
131 535 375 600 ςταθμοῖς
412 533 737 599 παρεδίδουν
772 535 824 589 οἱ
857 534 1081 602 ἀρχαῖοι.
1138 537 1169 591 6
1212 538 1272 590 δὲ
1309 536 1475 604 Ὧρος
1517 539 1658 601 λέγει

131 617 213 672 ὅτι
242 618 305 673 τὸ
332 620 508 685 ςτῆςαι
539 620 868 674 δανείςαςθαι
898 622 1072 686 δηλοῖ·
1112 620 1469 688 ὀβολοςτὰτης
1498 622 1596 677 οὖν
1625 622 1656 678 6
1686 642 1715 683 5

128 702 195 757 τὰ
227 703 380 770 μικρὰ
416 702 676 759 δανείζων
709 704 913 771 φίλοις,
949 706 981 771 ἢ
1010 705 1041 759 6
1066 706 1406 773 τοκογλύφος
1440 708 1658 774 λεγόμε-

129 802 251 842 νος·
278 787 364 842 καὶ
390 786 830 855 ὀβολοςτατῆςαι,
855 789 1046 843 τόκους
1072 791 1267 856 λαβεῖν.

237 885 456 953 Ὄργυιὰ
481 886 713 953 ςημαίνει
736 887 834 954 τὴν
861 887 1065 943 ἔκταςιν
1091 891 1201 943 τῶν
1233 891 1429 955 χειρῶν
1461 889 1554 943 ςὺν
1580 893 1657 957 τῷ

128 970 317 1026 πλάτει
352 973 451 1026 τοῦ
486 972 731 1037 ςτήθους·
769 972 916 1038 παρὰ
948 973 1011 1027 τὸ
1048 972 1257 1039 ὀρέγειν
1292 974 1376 1027 καὶ
1410 973 1658 1028 ἐκτείνειν

128 1055 195 1111 τὰ
218 1056 370 1121 γυῖα,
398 1056 428 1110 ὅ
455 1055 561 1111 ἐςτι
582 1057 676 1111 τὰς
705 1058 898 1123 χεῖρας.
1692 1077 1744 1116 10

234 1155 506 1220 Παλαιςτή
542 1155 774 1221 ςημαίνει
805 1156 904 1221 τὴν
941 1158 1052 1211 τῶν
1087 1155 1353 1221 τεςςάρων
1379 1156 1657 1211 δακτύλων

129 1239 427 1304 ὀρδινιαίαν
476 1239 740 1303 ςύνθεςιν,
782 1240 1012 1305 πελαςτή
1056 1257 1133 1293 τις
1178 1239 1333 1293 οῦςα·
1378 1239 1458 1292 ὅτι
1492 1241 1658 1294 πέλας

127 1323 343 1387 ςυνάγει
368 1324 434 1377 τὰ
461 1322 612 1386 ὀςτᾶ,
640 1324 876 1378 τουτέςτι
900 1324 1124 1389 πληςίον
1150 1326 1293 1379 ποιεῖ
1316 1325 1444 1378 τοὺς
1471 1324 1658 1378 δακτύ·

127 1408 285 1462 λους·
312 1408 459 1472 παρὰ
485 1409 548 1461 τὸ
579 1409 826 1463 πελάζειν
854 1408 953 1462 οὖν
985 1410 1050 1462 τὰ
1076 1408 1205 1462 ὀςτᾶ
1229 1409 1500 1473 παλαιςτή.
1554 1409 1659 1462 ἔςτι

126 1492 190 1547 δὲ
231 1492 655 1558 τετραδάκτυλον
691 1493 902 1558 μέτρον.
959 1494 1167 1555 λέγεται
1208 1495 1293 1545 καὶ
1335 1494 1531 1558 δοχμή,
1578 1493 1659 1546 ὅτι
1691 1509 1744 1550 15

126 1577 327 1645 πλαγίᾳ
359 1581 423 1645 τῇ
458 1578 590 1643 χειρὶ
625 1580 946 1642 μετροῦμεν·
977 1579 1120 1632 ποιεῖ
1153 1578 1213 1630 δὲ
1246 1575 1357 1630 ἀπὸ
1380 1579 1478 1630 τοῦ
1502 1578 1659 1641 μεγά-

125 1661 230 1716 λου
275 1661 541 1715 δακτύλου
575 1662 713 1727 πρός
746 1661 844 1716 τὸν
889 1662 1111 1727 λιχανὸν
1156 1661 1324 1728 ἄκρον
1366 1661 1659 1715 δακτύλους

129 1746 274 1801 δέκα.
304 1745 338 1810 ἡ
354 1746 414 1800 δὲ
430 1747 654 1811 ςπιθαμὴ
682 1746 791 1811 ἔχει
816 1746 1019 1811 δοχμὰς
1042 1748 1199 1811 τρεῖς,
1226 1746 1346 1800 οἷον
1370 1745 1659 1799 παλαιςτὰς

44 1888 48 1892 ,
126 1833 295 1896 τρεῖς,
322 1829 619 1884 δακτύλους
645 1831 705 1884 δὲ
729 1831 962 1894 δώδεκα,
994 1830 1069 1884 ὡς
1093 1830 1315 1896 ἐχούςης
1338 1833 1432 1896 τῆς
1457 1832 1658 1895 δοχμῆς

29 3124 45 3220 ,κήπῳ
31 3071 41 3112 «v

127 1915 425 1971 δακτύλους
460 1914 527 1969 δ’·
581 1914 783 1981 ὁμοίως
819 1915 904 1969 καὶ
946 1917 1041 1980 τῆς
1088 1916 1389 1979 παλαιςτῆς.
1438 1914 1547 1967 ἀπὸ
1598 1913 1657 1967 δὲ
1687 1930 1744 1971 20

128 2000 227 2055 τοῦ
246 2002 435 2066 μικροῦ
461 1999 726 2054 δακτύλου
752 2000 1096 2065 διιςταμένων
1120 2002 1230 2054 τῶν
1256 1999 1533 2052 δακτύλων
1554 1998 1658 2051 ἕως

126 2086 227 2139 τοῦ
268 2083 565 2151 ἀντίχειρος
603 2085 811 2148 λέγεται
852 2085 1103 2149 ςπιθαμή,
1138 2084 1285 2149 παρὰ
1318 2082 1381 2137 τὸ
1417 2083 1659 2137 ἀποςπα-

129 2169 262 2234 ςμὸν
286 2170 487 2233 ποιεῖν,
514 2169 600 2222 διὰ
625 2169 722 2223 τὸν
749 2168 1097 2234 ἀποςπαςμὸν
1122 2169 1219 2223 τὸν
1245 2167 1355 2222 ἀπὸ
1381 2170 1477 2221 τοῦ
1502 2166 1659 2231 μεγά·

112 2253 232 2308 ,λου
257 2253 548 2317 δακτύλου,
582 2256 679 2308 τοῦ
706 2253 1033 2320 ἀντίχειρος,
1066 2253 1205 2319 πρὸς
1239 2253 1304 2307 τὸ
1338 2254 1435 2305 τοῦ
1472 2252 1657 2316 μικροῦ

217 2481 283 2522 20.
308 2473 365 2535 δ’]
385 2481 510 2532 τρεῖς
526 2479 664 2535 vulgo
738 2479 833 2523 ἀπὸ
852 2477 961 2532 etc.]
979 2478 1102 2520 conf.
1113 2476 1292 2518 Meletii
1313 2476 1462 2517 locum
1485 2477 1655 2530 (p.12·2‚

132 2549 519 2604 15)aGaisfordi0
541 2551 750 2594 citatum:
773 2547 1078 2603 διιςταμένων
1094 2546 1143 2590 δέ
1157 2548 1257 2589 τῶν
1273 2544 1539 2599 δακτύλων,
1560 2543 1657 2589 ἀπὸ

128 2620 218 2663 τοῦ
250 2621 413 2674 μικροῦ
444 2619 681 2664 δακτύλου
711 2620 800 2663 ἕως
830 2621 918 2662 τοῦ
949 2615 1206 2669 ἀντίχειρος
1237 2616 1463 2668 ςπιθαμῆς
1486 2613 1659 2669 μέτρον

130 2686 452 2734 ἀποτελεῖται·
483 2690 684 2743 ςπιθαμὴ
717 2690 767 2733 δὲ
795 2688 923 2743 παρὰ
952 2687 1010 2731 τὸ
1041 2685 1347 2738 ἀποςπαςμὸν
1378 2687 1530 2729 ποιεῖν
1556 2687 1658 2728 τῶν

130 2757 402 2803 δακτύλων·
452 2759 482 2814 ἢ
522 2760 792 2805 διαςπᾶςθαι
828 2759 919 2812 τὴν
956 2758 1074 2811 ὅλην
1112 2759 1255 2809 χεῖρα.
1313 2755 1342 2807 ἡ
1375 2754 1424 2798 δὲ
1454 2755 1656 2808 ςπιθαμὴ

130 2832 256 2874 ποιεῖ
287 2829 369 2883 μὲν
399 2830 654 2875 παλαιςτὰς
684 2832 832 2884 τρεῖς,
862 2827 1121 2871 δακτύλους
1152 2825 1201 2868 δὲ
1230 2824 1424 2870 δώδεκα.
1484 2824 1578 2868 ἀπὸ
1609 2823 1658 2868 δὲ

131 2900 220 2942 τοῦ
272 2899 475 2952 μεγάλου
514 2900 750 2946 δακτύλου
789 2898 878 2943 ἕως
917 2899 1005 2943 τοῦ
1056 2898 1248 2951 λιχανοῦ
1290 2895 1658 2951 μετακονδύλιον

131 2967 383 3016 δακτύλων
414 2970 537 3017 δέκα.
1389 2975 1395 2981 ’
