1946 3220
302 121 408 175 250
698 136 1012 172 FRAGMENTA
1048 136 1119 168 DE
1158 135 1420 170 MENSURIS
1729 118 1837 188 [75]

409 247 455 299 6.
496 246 571 300 Τὸ
601 245 810 306 ἐξάγιον
843 241 915 295 κζ’
939 241 1029 294 κδ’.

414 333 457 383 7.
497 331 571 383 Τὸ
602 326 932 393 γραμμάριον
960 324 1034 379 ff&
1061 325 1118 385 ς’.

409 414 455 466 8.
494 414 553 465 Ὁ
583 412 780 478 ὀβολὸς
804 410 877 463 κε’
901 409 962 472 γ’.

410 498 455 548 9.
495 497 554 548 Ὁ
583 493 775 561 θέρμος
802 493 875 550 1Ἑὲ
902 494 951 547 α’
975 504 1021 548 5.

247 593 273 632 5
377 580 456 632 10.
495 580 569 632 Τὸ
598 579 827 645 μύςτρον
854 579 1035 641 ἐξάγια
1058 579 1118 642 γ’.

375 664 453 715 11.
478 665 550 721 ,Ἡ
578 667 683 729 μνᾶ
709 664 927 727 οὐγγίας
955 659 1011 716 θ’.

374 747 452 800 12.
492 749 567 802 Τὸ
601 748 880 814 ὀξύβαφον
911 747 1129 811 οὐγγίας
1159 745 1202 813 β’
1227 746 1406 808 ἐξάγια
1433 745 1490 812 β’.

615 902 696 955 75.
743 903 877 968 Περὶ
901 902 1110 968 μέτρων
1127 902 1316 975 ύγρῶν
1345 900 1510 955 οἴνου.

409 1001 451 1052 1.
492 1001 567 1054 Τὸ
605 1001 855 1066 κεράμιον
895 1000 1010 1064 ἄγει
1053 1000 1231 1066 λίτρας
1267 999 1334 1052 π’.
1386 999 1418 1063 ἡ
1454 1001 1513 1052 δὲ
1549 999 1719 1065 οὔρνα
1754 999 1829 1051 λί-

219 1096 272 1137 10
301 1084 428 1151 τρας
455 1083 518 1150 μ’.

401 1169 449 1221 2.
487 1170 547 1221 Ὁ
574 1169 705 1234 χοὺς
731 1169 967 1222 τουτέςτι
992 1168 1054 1220 τὸ
1087 1167 1304 1231 κόγγιον
1337 1167 1445 1232 ἔχει
1473 1166 1649 1231 λίτρας
1676 1161 1717 1218 ι’.
1766 1158 1828 1219 τὸ

298 1253 607 1318 ἡμικόγγιον
640 1252 819 1318 λίτρας
846 1248 899 1305 ε’.

404 1337 451 1390 3.
491 1338 551 1390 ‘O
578 1338 756 1402 Ξέςτης
788 1335 970 1401 λίτραν
997 1330 1045 1388 α’
1072 1335 1289 1398 οὐγγίας
1315 1333 1375 1400 η’.

403 1420 452 1472 4.
489 1421 676 1486 Ἣμίνα
699 1422 732 1486 ἢ
757 1421 951 1485 κοτύλη
981 1419 1198 1482 ούγγίας
1226 1419 1268 1472 ι’.

217 1516 268 1556 15
405 1503 451 1557 5.
491 1505 566 1557 Τὸ
586 1505 646 1557 δὲ
666 1504 963 1570 ὀξύβαφον,
991 1503 1126 1568 ὅπερ
1150 1504 1287 1557 ἐςτὶν
1308 1503 1560 1568 τέταρτον
1580 1503 1825 1567 κοτύλης,

300 1588 415 1651 ἄγει
446 1588 667 1652 ούγγὶας
699 1582 741 1654 β’
765 1598 811 1640 5.
1843 1579 1849 1586 ’

405 1672 451 1725 6.
489 1673 550 1725 ‘O
579 1674 637 1726 δὲ
662 1672 886 1736 κύαθος,
926 1670 1060 1736 ὅπερ
1087 1671 1223 1724 ἐςτὶν
1249 1671 1403 1724 ἕκτον
1431 1672 1683 1736 κοτύλης,
1709 1670 1825 1733 ἄγει

304 1755 525 1819 οὐγγίαν
553 1756 601 1809 α’
618 1767 650 1810 :3
676 1756 887 1821 γράμμα
913 1754 974 1806 α’.

407 1841 451 1893 7.
490 1841 548 1894 Ἡ
590 1842 649 1894 δὲ
687 1840 823 1906 χύμη
870 1839 1007 1894 ἐςτὶν
1042 1838 1243 1892 κυάθου
1278 1839 1563 1904 τέταρτον,
1610 1837 1726 1901 ἄγει
1768 1839 1827 1892 δὲ

213 1937 268 1976 20
298 1925 533 1990 δραχμὰς
562 1925 610 1988 γ’
633 1925 845 1990 γράμμα
876 1918 937 1975 α’.

404 2009 451 2061 8.
488 2010 548 2061 Ὁ
585 2008 747 2062 αὐτὸς
787 2007 1010 2072 ςταθμός
1050 2007 1155 2060 ἐςτι
1189 2008 1273 2059 καὶ
1309 2006 1503 2060 ὕδατος
1537 2007 1621 2060 καὶ
1651 2006 1823 2060 ὄξους.

298 2093 426 2159 φαςὶ
459 2094 519 2146 δὲ
554 2092 775 2157 ὀμβρίου
814 2091 1009 2145 ὕδατος
1051 2093 1394 2155 πληρωθῆναι
1429 2090 1824 2155 ἀψευδέςτατον

298 2177 433 2231 εἶναι
457 2177 554 2231 τὸν
584 2177 824 2241 ςταθμόν.

403 2261 448 2313 9.
487 2261 548 2314 ‘0
576 2261 707 2326 χοὺς
737 2259 853 2322 ἄγει
883 2259 1044 2311 ὁλκὰς
1073 2257 1161 2323 ψκ’

214 2354 267 2394 25
370 2345 449 2397 10.
487 2344 564 2398 Τὸ
589 2343 839 2409 κεράμιον
866 2342 982 2405 ἄγει
1008 2341 1185 2406 λίτρας
1212 2340 1303 2406 οβ’.

371 2430 449 2480 11.
488 2429 546 2483 Ἡ
577 2427 748 2494 οὔρνα
773 2426 880 2493 ἔχει
904 2429 934 2504 λ
961 2425 1051 2484 λς’.
1153 2427 1155 2430 ’

370 2512 449 2563 12.
488 2513 563 2565 Τὸ
602 2512 821 2575 κόγγιον
861 2511 970 2574 ἔχει
998 2511 1027 2591 λ
1054 2507 1111 2562 θ’.

412 2710 452 2748 3.
485 2706 535 2748 ‘O
569 2707 703 2758 βολὸς
735 2709 834 2750 cod.

410 2776 451 2815 8.
484 2773 616 2817 οἶνου
648 2778 748 2822 cod.
852 2779 918 2820 12.
951 2772 1004 2829 ε’]
1039 2779 1082 2829 [Τι
1114 2776 1209 2819 cod.
1319 2776 1386 2816 14.
1418 2773 1467 2827 ἢ]
1502 2773 1530 2825 ἡ
1565 2774 1661 2816 cod.
1750 2775 1817 2815 17.

300 2841 475 2896 κοτύλη
518 2845 615 2888 cod.
759 2849 826 2888 22.
859 2845 990 2900 φαςὶ]
1025 2845 1136 2899 φύςι
1166 2845 1263 2887 cod.
1408 2846 1476 2885 23.
1510 2841 1687 2893 ςταμὸν
1718 2842 1818 2883 cod.

299 2914 366 2955 25.
399 2916 504 2955 ante
535 2913 559 2962 ἓ
593 2915 646 2955 10
677 2915 790 2955 adde
822 2916 1005 2956 titulum
1037 2912 1215 2958 Ἐλαίου
1248 2913 1352 2957 coll.
1382 2914 1438 2954 fr.
1473 2914 1550 2964 64,
1584 2914 1638 2954 20
