1946 3220
24 0 29 22 ‚
135 0 191 7 „-‚

24 0 149 130 «F'
211 63 214 66 ’

37 129 50 158 ἵ.

560 143 893 182 semp-romae
922 143 1179 179 cameos.
1531 125 1634 180 169

59 279 61 283 ⁴
109 268 207 307 tera
230 273 340 316 vox,
385 273 475 320 qua
514 257 558 304 id
604 256 879 319 explicatur,
917 255 1207 317 πενταετῆ,
1248 258 1396 304 aliena
1427 265 1497 303 est
1523 271 1548 303 a
1582 271 1633 304 re

105 330 371 376 nummaria.
433 327 695 389 Quanquam
735 322 1086 388 πεντάλιτρον
1122 329 1319 375 coniecit
1353 328 1630 374 Bernardus:

107 400 185 447 sed
223 399 268 445 id
302 413 462 460 parum
498 406 673 445 certum
714 413 815 444 esse
851 399 1103 445 videbatur.
1175 399 1234 444 De
1272 399 1370 444 aliis
1409 398 1632 444 eiusmodi

106 469 329 530 ambiguis
354 469 584 516 vocabuliS
609 468 708 515 vide
737 469 1066 529 praefationem
1093 469 1145 516 ad
1171 468 1457 531 Hesychium.

21 599 45 713 z

10 1244 21 1252 κ
12 866 50 1206 ,Μ-,ἣυψεν
24 804 27 806 ,

432 621 499 661 De
529 621 639 662 nolis
668 633 954 661 mensurarum
983 626 1026 660 et
1050 621 1300 672 ponderum.

212 708 322 754 Cum
349 709 435 754 iam
463 709 508 753 in
534 721 589 754 eo
616 714 765 764 esset,
802 714 854 753 ut
879 708 952 754 hic
976 706 1091 753 liber
1117 707 1369 767 typothetis
1397 707 1629 754 mandare-
1659 699 1759 751 105

102 785 205 836 tur,
242 777 554 825 difficultatem
587 778 902 838 necopinatam
943 778 1250 839 praebuerunt
1283 784 1419 823 notae
1452 792 1633 824 mensu·

102 863 257 895 rarum
290 855 337 894 et
372 849 651 909 ponderum,
689 862 800 908 quas
834 847 920 893 fide
957 862 1089 908 quam
1123 848 1314 894 maxima
1343 847 1440 893 fieri
1475 855 1635 908 posset

104 919 416 980 exprimendas
443 932 545 965 esse
571 932 851 965 censueram.
890 920 1003 964 Tum
1030 932 1135 963 vero
1165 920 1335 965 certior
1358 918 1507 964 factus
1534 918 1634 963 fore

102 995 155 1035 ut
181 996 391 1050 sumptus
418 990 647 1036 immodici
679 989 723 1034 in
750 1002 847 1034 eam
873 1003 968 1034 rem
996 989 1282 1049 impendendi
1309 995 1492 1046 essent,
1517 1002 1632 1049 quos

106 1061 342 1120 suscipere
378 1060 728 1106 honestissimus
766 1058 1016 1121 bibliopola
1051 1073 1143 1105 non
1178 1066 1365 1119 posset,
1401 1059 1490 1105 hoc
1530 1072 1632 1104 meo

105 1130 299 1177 consilio
325 1131 416 1176 vidi
444 1130 752 1176 absistendum
779 1131 926 1191 iisque
956 1131 1079 1191 typis
1114 1130 1332 1175 utendum
1361 1143 1460 1174 esse
1487 1129 1564 1190 qui
1589 1131 1635 1174 in

105 1199 299 1246 officinis
319 1207 505 1261 praesto
526 1207 648 1247 sunt.
675 1200 900 1247 Nonnulla
920 1207 1071 1246 tamen
1092 1214 1207 1260 quae
1226 1200 1484 1246 necessaria
1505 1204 1635 1245 erant

16 1320 18 1322 ,
103 1272 233 1316 novis
260 1272 408 1332 iisque
435 1271 785 1331 elegantissimis
817 1273 939 1331 typis
971 1284 1183 1330 expressa
1212 1276 1332 1316 sunt.
1394 1270 1442 1315 In
1470 1271 1634 1316 ceteris

105 1341 143 1386 si
173 1355 197 1386 a
226 1341 451 1386 librorum
476 1355 612 1387 manu
638 1342 916 1401 scriptorum
943 1342 1215 1387 auctoritate
1243 1341 1287 1385 in
1315 1340 1526 1386 ductibus
1553 1353 1636 1385 no-

103 1418 253 1457 tarum
303 1410 569 1457 exhibendis
616 1410 802 1472 paulum
853 1412 1049 1468 recessi,
1098 1411 1388 1456 meminerint
1436 1409 1636 1456 lectores

104 1494 201 1527 eam
228 1495 319 1527 non
345 1489 435 1527 tam
460 1495 603 1527 meam
630 1481 808 1543 culpam
835 1494 933 1527 esse
969 1496 1103 1542 quam
1141 1481 1268 1526 nimii
1304 1487 1513 1541 sumptus
1548 1480 1637 1525 evi-

105 1551 230 1597 tandi
254 1552 588 1598 necessitatem.

208 1635 309 1682 Non
344 1651 449 1683 raro
486 1638 533 1682 in
563 1635 795 1683 codicibus
828 1635 1096 1697 compendia
1132 1636 1387 1696 scripturae
1416 1639 1637 1680 notantur

103 1718 274 1766 lineola
316 1727 394 1768 aut
430 1722 605 1768 directa
641 1727 718 1767 aut
753 1720 936 1781 obliqua
971 1720 1144 1778 addita,
1183 1727 1236 1765 ut
1271 1720 1326 1770 ξε
1359 1718 1427 1764 vel
1455 1709 1526 1778 ᾖξ’
1550 1732 1635 1779 pro

33 1851 37 1855 ι
106 1785 283 1848 ξέετηε
298 1786 344 1851 ¹).
396 1790 562 1836 Eadem
586 1790 753 1836 lineola
784 1804 919 1850 saepe
942 1791 1063 1836 infra
1086 1790 1140 1836 ad
1167 1796 1347 1846 notam,
1381 1787 1506 1834 velut
1531 1784 1561 1835 λ
1589 1794 1637 1834 et

104 1872 156 1918 μ,
186 1859 315 1905 affixa
343 1867 431 1918 est,
456 1861 574 1906 unde
599 1875 741 1906 novae
767 1861 1023 1906 litterarum
1053 1859 1225 1906 formae
1254 1861 1490 1915 oriuntur,
1523 1872 1636 1918 quas

106 1931 180 1976 hic
206 1930 420 1976 exhibere
446 1945 538 1976 non
568 1945 771 1991 possum.
829 1929 1055 1976 Nonnulla
1083 1930 1178 1976 eius
1205 1931 1386 1989 generis
1422 1942 1635 1989 expressa

107 2006 216 2046 sunt
243 2001 362 2060 apud
388 2000 755 2047 Montfauconum
786 1996 926 2063 (Anal.
947 2015 993 2061 p.
1017 2003 1103 2046 393
1128 1998 1204 2063 s.),
1229 2000 1502 2058 Neandrum,
1534 1998 1634 2045 Ste-

104 2071 306 2130 phanum
331 2071 538 2132 aliosque
566 2073 753 2133 passim.

214 2140 432 2202 Sequitur
457 2149 730 2203 conspectus
763 2148 977 2188 notarum
1013 2154 1126 2202 quae
1160 2141 1205 2186 in
1231 2147 1392 2186 nostro
1418 2140 1535 2186 libro
1561 2153 1635 2185 re-

104 2213 372 2271 periuntur,
407 2213 657 2259 secundum
686 2213 891 2259 ordinem
914 2213 1172 2259 litterarum
1201 2212 1469 2278 dispositus.

179 2338 227 2408 13²
272 2346 483 2412 γράμμα
507 2353 562 2399 fr.
587 2356 660 2410 52,
676 2356 717 2398 4.
750 2356 822 2410 54,
851 2356 921 2399 14.
950 2355 1022 2411 56,
1046 2356 1113 2397 15.
1145 2336 1218 2410 62,
1241 2357 1267 2395 2
1294 2358 1379 2397 etc.

176 2433 247 2483 *m
272 2423 390 2468 idem
415 2425 488 2479 53,
515 2425 541 2466 5
566 2423 666 2468 adn.
705 2426 779 2481 54,
808 2426 864 2467 14
890 2423 990 2470 adn.
1020 2430 1106 2469 etc.

179 2495 232 2548 <
274 2486 477 2553 δραχμή
505 2495 578 2549 29,
606 2495 645 2536 1.
673 2496 747 2550 52,
775 2499 802 2541 5
828 2500 914 2540 etc.
963 2493 1043 2539 Est
1071 2493 1182 2538 haec
1207 2491 1394 2552 proprie
1418 2496 1527 2537 nota
1559 2503 1637 2536 vo·

271 2565 338 2610 cis
366 2557 524 2621 ὁλκή,
549 2561 627 2608 ubi
653 2562 770 2608 vide.

182 2637 236 2690 >
264 2628 466 2694 ἡμίεεια
493 2627 698 2693 δραχμή
725 2635 797 2691 56,
823 2635 865 2677 6.
897 2634 971 2690 66,
998 2634 1039 2676 6.

222 2825 265 2876 1)
303 2825 435 2866 Haec
485 2824 697 2879 exempla
745 2826 947 2878 repetita
996 2829 1101 2866 sunt
1142 2838 1163 2865 e
1205 2825 1299 2867 cod.
1344 2825 1492 2867 Paris.
1524 2825 1636 2865 2475

106 2881 189 2923 fol.
213 2880 313 2935 79¹³,
344 2883 455 2924 2438
477 2882 556 2925 fol.
580 2879 705 2933 11212,
738 2882 919 2923 Monac.
947 2882 1028 2923 165
1059 2881 1139 2926 fol.
1162 2882 1216 2923 69
1230 2878 1268 2934 ¹³,
1299 2882 1462 2935 quibus
1492 2879 1634 2922 facile

109 2938 309 2990 plurima
340 2938 436 2979 alia
467 2938 573 2979 addi
603 2942 808 2991 possunt.
869 2938 985 2979 Vide
1019 2938 1157 2979 etiam
1188 2937 1310 2979 infra
1342 2938 1397 2978 fr.
1431 2939 1500 2978 73.
