1946 3220
298 138 368 191 56
817 147 1214 183 PROLEGOMENA
1244 148 1299 181 IN

302 264 418 315 λιον
435 261 541 326 ἔχει
562 259 801 312 ςταδίους
820 256 867 321 η’
877 254 925 318 γ’
926 255 1068 319 ’ἤτοι
1082 254 1299 320 ὀργυιὰς
1321 253 1461 317 ωλγῖ
1489 260 1534 305 Ιιι
1555 260 1625 306 his
1647 263 1824 322 orgyia-

300 351 401 383 rum
418 349 634 382 numerus
658 324 784 390 ωλγ’
795 331 964 377 rectius
987 344 1035 376 se
1060 329 1195 376 hahet
1217 344 1351 392 quam
1373 330 1448 375 ille
1473 332 1549 391 qui
1567 331 1613 375 in
1634 330 1823 378 Manuali

301 405 623 465 Harmenopuli
644 404 789 448 editus
812 407 880 446 est
898 393 1037 454 wkg'.
1064 401 1253 461 Proprie
1275 401 1560 447 scribendum
1581 407 1676 447 erat
1699 396 1826 460 ωλγ’

300 469 386 533 γ”;
423 476 499 521 sed
526 475 702 519 videtur
728 474 872 518 triens
900 473 978 532 qui
1007 471 1204 517 excurrit
1234 471 1289 518 ab
1317 473 1417 532 ipso
1446 478 1654 529 auctore,
1684 485 1776 517 non
1803 487 1825 518 a

299 546 512 601 librario,
546 544 739 589 omissus
767 556 881 588 esse.
924 541 1087 587 Verum
1115 555 1246 588 error
1275 543 1318 587 in
1348 541 1606 588 cubitorum
1636 556 1826 589 numero

301 615 415 675 apud
442 614 714 660 Bernardum
742 613 859 659 idern
886 619 956 658 est
981 618 1117 673 atque
1146 614 1192 657 in
1217 612 1397 672 vulgata
1423 612 1644 666 editione3
1678 627 1827 674 neque

300 685 416 729 euim
440 696 504 749 5,
529 685 607 730 sed
632 696 680 751 ss
705 683 847 730 cubiti
873 682 1116 729 miliarium
1142 682 1399 729 conficiunt.
1452 682 1653 729 Conieeit
1679 683 1828 729 Heim-

298 755 487 800 bachius
525 754 674 815 (quem
711 755 892 800 laudare
925 754 1116 800 debebat
1143 753 1496 816 Fennebergius)
1538 754 1825 800 scribendum

298 839 398 871 esse
416 821 601 885 πήχεις
623 837 669 889 ’γ
688 820 857 885 ἤγουν
879 820 1135 883 ςπιθαμὰς
1157 836 1226 891 Ιςε
1257 839 1340 870 nos
1367 825 1512 884 ipsum
1531 835 1579 889 ,ς
1597 825 1642 870 in
1663 835 1708 892 fs
1731 839 1827 870 mu—

298 897 490 941 tavimus
518 911 570 941 ex
595 897 865 942 auctoritate
889 895 1004 941 alius
1031 895 1189 941 similis
1216 895 1474 956 fragmenti,
1502 895 1623 955 quod
1649 894 1827 941 tabulae

299 965 472 1012 cuidam
508 966 562 1011 de
598 967 792 1011 nummis
820 965 1001 1012 affixum
1029 971 1098 1011 est
1127 962 1198 1027 (fr.
1226 970 1279 1010 77
1305 964 1452 1024 extr.)
1509 965 1591 1011 Ubi
1618 965 1828 1011 distincte

298 1036 467 1097 scripta
491 1042 622 1081 sunt:
651 1032 726 1084 Τὸ
752 1031 922 1095 μίλιον
950 1032 1056 1096 ἔχει
1081 1032 1323 1084 ςταδίους
1343 1029 1384 1086 Ζ’
1407 1040 1439 1083 5
1465 1061 1536 1069 --
1557 1031 1740 1095 πήχεις
1769 1048 1828 1100 Ιγ.

401 1105 554 1152 Exstat
584 1108 718 1152 etiam
751 1108 796 1152 in
825 1122 916 1152 uno
943 1107 1060 1152 libro
1086 1122 1220 1153 manu
1249 1102 1462 1169 script05)
1499 1107 1678 1152 brevius
1706 1107 1830 1166 frag-

298 1183 495 1221 mentum
521 1177 573 1222 ad
594 1179 843 1236 marginem
863 1177 1085 1223 Iulianeae
1106 1176 1285 1223 tabulae
1306 1178 1580 1236 adscriptum
1599 1194 1609 1222 z
1638 1171 1668 1224 ὁ
1691 1173 1829 1224 ποὺς

298 1240 406 1305 ἔχει
433 1243 719 1294 παλαιςτὰς
744 1241 805 1305 δ’,
841 1242 871 1294 ὁ
900 1244 958 1295 δὲ
983 1245 1268 1307 παλαιςτὴς
1294 1243 1585 1295 δακτύλους
1615 1240 1675 1306 δ’,
1714 1242 1745 1296 ὁ
1772 1243 1830 1295 δὲ

296 1314 468 1375 πῆχυς
496 1312 604 1377 ἔχει
633 1314 921 1366 παλαιςτὰς
946 1312 1006 1378 η’.
1056 1319 1174 1365 Haec
1200 1318 1345 1364 aliena
1372 1331 1473 1364 esse
1497 1326 1684 1379 apparet
1710 1333 1734 1364 a
1760 1318 1830 1364 Iu-

297 1386 404 1432 liani
435 1387 613 1445 tabula„
647 1403 760 1448 quae
783 1388 936 1434 cubito
967 1403 1044 1435 sex
1074 1388 1248 1450 palmos
1280 1389 1466 1442 tribuit;
1509 1390 1654 1450 petita
1677 1395 1829 1435 autem

297 1463 405 1502 sunt
428 1472 452 1502 e
478 1457 631 1503 tabula
658 1458 913 1504 Heroniana
938 1458 972 1502 V
998 1459 1055 1518 (4.
1084 1464 1123 1504 7.
1152 1459 1211 1519 8).

397 1528 598 1588 Denique
633 1528 851 1575 hocloco
882 1531 1051 1575 mentio
1094 1531 1295 1576 facienda
1333 1544 1432 1576 esse
1474 1530 1652 1576 videtur
1689 1532 1829 1576 mirae

298 1598 532 1644 cuiusdam
566 1598 772 1658 tabulae,
804 1614 917 1660 quae
948 1603 1068 1646 inter
1092 1602 1212 1646 varia
1242 1601 1493 1660 fragmenta
1518 1602 1573 1646 de
1603 1603 1829 1647 mensuris

296 1674 342 1712 et
365 1669 645 1728 ponderibus
666 1669 895 1716 Hebraicis
921 1670 1090 1730 legitur
1119 1669 1250 1731 (infra
1277 1672 1305 1730 S
1327 1674 1397 1730 88,
1425 1670 1510 1731 lV).
1560 1671 1699 1728 Quam
1726 1686 1829 1730 nos,

298 1739 639 1800 qualiscumque
672 1747 765 1798 est,
805 1742 972 1787 codicis
998 1743 1223 1802 scriptura
1250 1744 1337 1787 nisi
1374 1744 1419 1787 in
1445 1744 1615 1802 apertis
1644 1742 1831 1803 quihus-

299 1808 399 1853 dam
425 1811 598 1856 mendis
626 1825 718 1856 non
745 1817 916 1857 mutata
941 1813 1015 1859 hic
1047 1813 1367 1859 exscribimus:

787 1892 921 1955 Περὶ
946 1892 1202 1959 μέτρωνῦ)
1231 1896 1342 1957 γῆς

404 1972 479 2025 Τὸ
518 1972 703 2036 ἰουγὸν
733 1975 840 2056 ἔχει
878 1976 1114 2042 ἀρούρας
1149 1995 1197 2040 ε
1238 1977 1431 2030 ςατίαις
1461 1980 1503 2028 λ.
1552 1977 1583 2040 ἡ
1623 1976 1829 2042 ἄρουρα

300 2055 409 2120 ἔχει
441 2057 569 2109 ςάτα
594 2061 656 2114 ξ·
698 2059 804 2124 ε’χει
841 2061 898 2113 δὲ
935 2061 1005 2113 εἰς
1041 2065 1203 2126 μῆκος
1242 2062 1426 2126 πήχεις
1466 2063 1527 2126 ρλ
1555 2061 1639 2112 καὶ
1669 2060 1741 2114 εἰς
1765 2061 1828 2113 τὸ

217 2155 223 2160 ’
298 2141 500 2193 πλάτος
532 2141 843 2208 ὡςαύτωςῖ).
896 2145 1031 2198 ἕςτιν
1058 2146 1089 2210 ἡ
1121 2145 1327 2211 ἄρουρα
1351 2149 1541 2211 πηχῶν
1570 2148 1646 2211 ρλ.

403 2225 478 2277 Τὸ
520 2226 755 2291 πλέθρον
794 2227 903 2293 ἔχει
940 2229 1011 2282 εἰς
1045 2233 1207 2294 μῆκος
1241 2231 1425 2295 πήχεις
1461 2248 1521 2288 κς
1547 2232 1630 2283 καὶ
1661 2230 1732 2284 εἰς
1766 2232 1827 2284 τὸ

298 2309 500 2361 πλάτος
533 2309 798 2364 ὡςαύτως.
855 2313 963 2378 ἔχει
991 2313 1022 2378 ἡ
1052 2315 1275 2379 cotrissotss)
1303 2315 1512 2380 καβίςας
1548 2331 1599 2371 ς·
1628 2316 1826 2381 κορίβα.

403 2392 477 2444 Τὸ
514 2390 698 2455 ἰουγὸν
738 2395 943 2458 λέγεται
978 2402 1201 2464 ςατίβων
1229 2401 1271 2451 λ.
1322 2399 1429 2464 ἔχει
1454 2401 1512 2452 δὲ
1540 2400 1572 2464 ἡ
1598 2400 1783 2465 κουρία
1794 2402 1825 2466 ⁹)

297 2473 513 2540 ἰούγερα
551 2479 703 2542 μικρὰ
733 2479 809 2541 ιγ’
867 2481 1086 2551 ἀροτριᾷ
1108 2484 1169 2536 τὸ
1197 2487 1383 2546 Ζεῦγος
1417 2487 1527 2539 τῶν
1558 2487 1703 2550 βοῶν
1735 2487 1826 2548 τῆς

298 2557 493 2649 ἡμέροις
522 2562 728 2627 ςατίβας
756 2569 816 2630 ββ
834 2564 901 2630 ¹⁰).

408 2671 450 2721 5)
482 2673 752 2717 Heimbach.
784 2693 825 2732 p
859 2682 941 2722 239
976 2682 1128 2723 adnot.

408 2727 450 2776 6)
484 2725 685 2779 λίετρων
719 2735 815 2774 cod.

413 2783 454 2833 7)
487 2781 698 2827 ώςαύτος
732 2791 830 2830 cod.

407 2839 450 2888 8)
483 2833 637 2890 ςατ’βα
668 2844 767 2884 cod.

407 2895 449 2943 9)
484 2906 646 2950 Quptot
678 2900 775 2939 sine
810 2914 907 2943 ace.
942 2905 1039 2945 cod.

381 2951 455 3002 10)
488 2956 539 3004 85
574 2953 619 2993 in
653 2955 812 2996 codiee
847 2958 992 2999 minus
1026 2961 1242 3003 distincte
1276 2963 1505 3016 scriptum.

1883 95 1899 109 3·
1881 55 1897 60 Ᾰ
1898 23 1902 34 ,,
1885 0 1892 3 ¹

1911 151 1943 352 zssfflsssssi-:fi
1905 94 1919 127 *¹⁵⁴
