1946 3220
576 152 892 186 scrumosus
932 153 1187 188 GRAECOS.
1531 135 1630 189 101

543 267 571 309 9
744 269 798 310 10
933 261 1003 312 13¹

107 349 222 396 quae
249 341 302 382 ut
335 349 438 382 cum
465 336 555 382 illis
582 337 836 433 comparari
861 265 1065 398 possinlt2,
1092 337 1306 384 mutanda
1334 344 1441 384 sunt
1466 338 1513 383 in

516 409 569 450 12
743 409 797 452 13
822 407 867 471 βό
932 411 998 454 18.

16 504 20 506 ·
104 490 315 537 Videmus
339 491 482 552 igitur
504 491 591 538 olei
608 492 666 543 ad
691 493 841 538 vinum
869 493 1054 538 eandem
1078 493 1174 539 sere
1195 493 1241 539 in
1263 499 1458 553 utraque
1482 492 1633 539 tabula

104 561 327 607 rationem
351 575 468 621 esse,
497 568 542 607 at
567 563 613 607 in
639 561 786 609 mellis
811 563 1013 623 pondere
1039 578 1129 610 non
1157 564 1371 623 exiguum
1391 563 1632 610 discrimen

106 631 352 678 observari.
410 631 524 687 Quid
550 633 685 680 vero?
713 634 847 679 etiam
868 633 1121 679 Oribasium
1147 634 1265 679 aliud
1287 632 1433 679 mellis
1452 634 1631 695 pondus

104 704 318 749 statuisse
343 718 480 764 supra
503 704 695 750 vidimus
726 701 772 767 (S
799 707 855 748 52
882 703 1039 763 extr.).‚
1067 704 1275 765 idemque
1307 704 1447 749 tradit
1472 710 1633 751 auctor

103 772 283 819 tabulae
321 774 634 820 Dioscorideae
671 770 717 835 (S
753 770 842 834 81).
907 774 1092 835 Triplici
1132 774 1274 834 igitur
1312 775 1447 820 modo
1484 774 1631 821 mellis

104 843 284 904 pondus
316 843 546 903 definitur,
577 845 800 905 siquidem
828 847 1025 891 sextario
1051 844 1199 891 mellis
1223 844 1493 890 tribuuntur

303 928 358 974 ab
383 929 587 975 Oribasio
614 935 659 974 et
686 929 731 974 in
760 929 847 975 tab.
874 929 1164 976 Dioscoridea
1190 932 1244 974 30
1270 929 1430 975 unciae

306 999 352 1044 in
380 999 524 1060 prima
550 1000 838 1060 expositione
1194 1004 1249 1044 27
1343 1035 1376 1058 w

249 1067 258 1076 ⁰
307 1071 353 1116 in
380 1071 464 1117 hac
489 1070 685 1117 secunda
714 1065 868 1116 tabula
1189 1063 1315 1134 233s8
1342 1106 1375 1128 „

102 1154 299 1215 Denique
332 1161 385 1201 ut
418 1154 463 1200 in
497 1155 641 1216 prima
677 1155 962 1215 expositione
1002 1161 1165 1216 quarto
1201 1154 1304 1201 loco
1341 1149 1452 1216 (cap.
1482 1153 1534 1214 V)
1577 1154 1632 1200 de

104 1227 329 1270 mensuris
356 1226 662 1272 frumentariis
684 1227 852 1285 agitur,
879 1227 941 1272 ita
971 1232 1158 1286 quartae
1186 1225 1319 1272 etiam
1345 1226 1479 1271 huius
1500 1225 1632 1271 tabu-

65 1314 72 1322 ·
103 1295 171 1340 lae
209 1298 350 1356 partis
386 1296 503 1342 idem
542 1303 612 1342 est
652 1303 966 1356 argumentum
1000 1295 1231 1355 (23—26).
1300 1294 1444 1341 Verba
1479 1301 1631 1341 autem

104 1380 218 1425 quae
269 1367 389 1412 inter
435 1367 616 1412 tertiam
653 1373 698 1412 et
735 1373 941 1427 quartam
974 1372 1150 1427 partem
1178 1365 1462 1426 xinterposita
1497 1371 1629 1411 sunt:

100 1431 134 1494 ἡ
170 1431 367 1496 μεγάλη
404 1433 599 1496 κοτύλη
636 1430 717 1503 ἷεη
753 1437 830 1501 τῷ
869 1431 1128 1499 ὀξυβάφῳ
1164 1444 1208 1482 et
1242 1436 1374 1498 plane
1404 1435 1549 1482 aliena
1574 1435 1630 1481 ab

103 1507 190 1553 hoc
223 1507 327 1553 loco
365 1513 410 1552 et
443 1507 540 1568 ipsa
576 1521 658 1568 per
692 1521 740 1552 se
782 1507 975 1554 absurda
1010 1513 1143 1566 sunt,
1185 1506 1398 1567 quoniam
1432 1520 1632 1566 magna

104 1591 219 1637 quae
256 1578 423 1623 dicitur
460 1577 610 1639 cotyle
643 1578 849 1624 dimidiae
880 1578 1056 1638 vulgari
1086 1578 1264 1639 cotylae
1292 1577 1492 1638 aequalis
1530 1589 1632 1623 esse

103 1662 195 1693 non
220 1654 389 1708 potest.

211 1718 411 1764 Choenix
444 1719 578 1765 trium
603 1718 858 1780 cotylarum
876 1719 1099 1780 Aegyptia
1118 1732 1330 1764 mensura
1349 1723 1437 1777 est,
1465 1717 1518 1763 de
1545 1731 1633 1778 qua

105 1789 205 1835 vide
232 1789 349 1834 infra
376 1789 423 1847 (S
454 1789 542 1848 73).

210 1854 509 1919 Ἀμφορεύε
538 1860 611 1905 cui
638 1859 803 1905 XXXVI
830 1860 1014 1906 sextarii
1042 1859 1310 1905 tribuuntur
1336 1865 1383 1904 et
1415 1864 1631 1904 metretes

102 1930 249 1975 Lxxll
275 1931 620 1991 medimnusque
645 1930 713 1976 Cll
747 1930 1046 1976 sextariorum
1082 1932 1201 1975 inter
1240 1929 1476 1989 georgicas
1510 1941 1633 1973 men-

106 2015 237 2046 suras
264 2000 488 2046 reserendi
516 2001 634 2059 sint,
666 2001 720 2046 de
749 2000 914 2061 quibus
938 2001 1132 2061 posthac
1161 2013 1438 2060 exponemus
1469 1998 1516 2058 (S
1542 1997 1630 2056 77).

204 2071 418 2117 Metretes
465 2073 542 2132 qui
588 2066 722 2118 κατὰ
757 2066 958 2131 Εὐρουε
1003 2071 1167 2117 dicitur
1206 2077 1276 2116 est
1309 2069 1632 2115 Antiochensis

177 2145 234 2185 74
256 2176 265 2186 .

103 2141 152 2200 (S
211 2140 402 2258 O)mnino
429 2212 546 2258 hanc
573 2218 781 2272 quartam
808 2211 1075 2273 particulam
1098 2224 1150 2257 ex
1175 2211 1334 2257 eodem
1361 2210 1490 2256 sonte
1513 2209 1632 2254 deri-

104 2288 250 2328 vatam
289 2296 389 2328 esse
426 2290 614 2343 apparet
646 2283 766 2328 unde
803 2290 963 2329 auctor
1003 2282 1179 2341 tabulae
1217 2281 1541 2342 Cleopatranae
1576 2279 1632 2323 de

104 2353 321 2398 choenice
356 2353 637 2413 reliquisque
667 2353 892 2399 mensuris
920 2353 1132 2414 exposuit
1158 2351 1206 2411 (S
1232 2354 1288 2395 76
1314 2348 1462 2408 extr.).
1514 2348 1632 2404 Qua-

103 2429 296 2483 propter
318 2422 514 2468 ‹lubitari
534 2425 711 2484 nequit,
739 2424 868 2483 quin,
886 2425 932 2469 si
959 2424 1107 2468 minus
1132 2428 1225 2468 tota
1247 2420 1397 2466 tabula
1417 2418 1633 2477 secunda,

105 2499 152 2539 at
178 2493 289 2539 haec
317 2499 515 2538 extrema
545 2495 643 2538 eius
668 2507 775 2553 pars
790 2508 855 2539 ex
881 2494 1088 2553 Aegypto
1117 2491 1339 2551 originem
1367 2490 1515 2536 ducat.

173 2645 239 2684 De
271 2646 402 2684 tertia
432 2643 574 2684 tabula
602 2655 888 2683 mensurarum
918 2648 960 2683 et
988 2643 1220 2694 ponderum
1251 2639 1366 2694 (cap.
1403 2637 1564 2691 VIII).

210 2731 268 2777 De
301 2730 453 2777 tabula
485 2731 645 2789 tertia,
674 2730 766 2776 sive
793 2729 1055 2775 Oribasiana
1082 2730 1226 2790 prima
1252 2728 1305 2789 (S
1326 2727 1415 2787 48),
1443 2742 1624 2774 accura-
1645 2721 1715 2772 60

107 2802 197 2848 tior
224 2804 429 2862 quaestio
460 2803 505 2846 in
533 2802 663 2846 aliam
692 2800 1080 2861 opportunitatem
1106 2800 1316 2860 aliudque
1337 2801 1478 2844 otium
1506 2798 1630 2843 diss'e-

108 2872 246 2918 renda
281 2872 485 2930 videtur,
519 2872 732 2932 quoniam
758 2885 849 2916 non
880 2885 959 2916 eos
997 2885 1081 2917 nos
1117 2884 1218 2916 esse
1247 2869 1518 2916 arbitramur
1552 2867 1630 2928 qui

109 2943 258 2987 omnia
297 2956 387 2989 uno
426 2948 628 3003 tempore
667 2956 767 2988 cum
803 2942 955 2987 fructu
989 2942 1140 3002 aliquo
1170 2940 1352 3000 exsequi
1384 2938 1627 3000 possimus.
