1946 3220
552 169 872 203 SORIPTORES
911 169 1164 203 GRAECOS.
1328 163 1336 169 '
1550 153 1619 206 29

404 279 469 319 De
498 279 674 332 reliquis
702 280 865 331 primae
895 279 1062 319 tabulae
1092 281 1308 320 mensuris.

199 353 370 410 Porro,
406 359 457 397 ut
493 353 673 413 saepius
708 352 928 411 diximuS,
955 353 1007 399 ad
1033 353 1267 414 antiquum
1291 355 1620 414 Aegyptiorum
1648 349 1706 399 18

92 423 294 471 cubitum
330 423 644 468 aPtolemaeis
687 422 851 469 Graeca
890 437 1203 469 mensurarum
1248 423 1365 469 ratio
1405 423 1620 470 translata

93 501 176 540 est.
229 493 340 539 Hinc
365 499 409 538 et
434 494 634 539 minores
660 492 814 538 cubito
840 507 1102 551 mensurae,
1129 489 1406 551 δάκτυλοί,
1433 491 1621 542 παλαι-

94 558 239 623 (τήε,
275 558 449 623 διχάε,
477 558 725 622 επιθαμή,
753 559 917 621 πούς,
944 559 1158 621 πυγών,
1188 560 1384 624 πῆχυς,
1412 571 1456 610 et
1482 566 1621 611 maio·

93 647 195 691 reS,
238 627 452 693 ὀργυιά,
490 629 754 694 πλέθρον,
794 629 1031 693 ετάοιον,
1061 629 1311 691 δίαυλον,
1345 642 1472 681 ortae
1499 642 1620 680 sunt.

94 703 216 759 Quae
256 704 339 749 etsi
377 703 526 750 verbis
558 703 750 750 Graecae
785 704 1015 762 videntur,
1051 711 1201 750 tamen
1227 704 1282 750 ab
1306 705 1374 749 his
1406 711 1531 750 tanto
1558 705 1623 750 di-

91 788 247 820 versae
281 781 415 831 sunt,
462 781 631 834 quanto
669 774 848 820 cubitus
876 775 1204 835 Aegyptiorum
1231 775 1462 833 vulgarem
1489 774 1623 821 Grae-

91 858 250 891 corum
291 844 491 890 cubitum
521 851 706 906 superat
724 840 771 903 ¹).
827 845 1009 891 Accedit
1034 839 1225 893 ἄκαινα
1261 846 1355 890 sive
1390 839 1625 905 κάλαμοί

92 915 246 961 decem
271 915 465 975 pedum,
492 917 622 961 cuius
647 929 886 962 mensurae
914 915 1135 976 originem
1160 929 1184 961 e
1211 915 1421 973 Graecia,
1453 929 1544 961 non
1571 929 1625 960 ex

92 986 324 1046 Aegypto,
360 986 649 1045 repetendam
675 999 775 1032 esse
802 985 889 1031 alio
916 985 1028 1032 loco‘
1047 986 1455 1032 demonstravimus
1468 981 1519 1044 ²).

197 1056 398 1116 Denique
424 1062 667 1116 postquam
688 1057 923 1117 Aegyptus
949 1058 994 1101 in
1019 1057 1323 1103 Romanorum
1350 1063 1626 1116 potestatem

93 1126 274 1172 redacta
307 1132 403 1183 est,
438 1127 666 1187 quomodo
694 1140 775 1188 pes
801 1127 1041 1173 monetalis
1068 1134 1113 1173 et
1139 1128 1377 1187 iugerum,
1404 1127 1628 1172 Romano-

93 1211 192 1242 rum
224 1209 485 1254 mensurae,
511 1212 611 1244 cum
640 1197 926 1244 Ptolemaicis
951 1200 1203 1258 composita
1231 1200 1349 1255 sint,
1378 1198 1463 1242 iam
1491 1210 1629 1256 supra

94 1266 444 1326 significavimus
474 1267 521 1326 (S
555 1267 638 1327 16).
697 1267 806 1313 Nam
842 1268 1028 1328 perinde
1066 1275 1202 1328 atque
1239 1275 1368 1314 antea
1409 1268 1453 1312 in
1484 1280 1626 1326 regno

11 1392 14 1395 η
94 1337 402 1397 PergamenO,
449 1338 512 1384 ita
547 1345 639 1383 tum
676 1339 721 1384 in
755 1342 966 1400 Aegypto
996 1338 1183 1384 Romani
1222 1339 1336 1384 hanc
1376 1345 1546 1384 certam
1584 1343 1628 1382 et

93 1406 339 1467 legitimam
364 1407 586 1454 rationem
613 1409 732 1455 inter
758 1424 863 1455 suas
891 1416 936 1455 et
956 1410 1202 1469 Aegyptias
1223 1422 1458 1454 mensuras
1486 1408 1627 1453 inter-

92 1478 252 1524 cedere
280 1478 549 1537 voluerunt,
589 1487 639 1524 ut
675 1480 800 1540 quini
831 1480 968 1539 pedes
1002 1478 1263 1525 Ptolemaici
1297 1492 1432 1524 senos
1474 1491 1630 1524 mone·
1696 1508 1705 1517 ι

96 1547 237 1606 tales,
278 1550 370 1594 sive
407 1550 532 1609 quini
569 1549 710 1596 cubiti
746 1550 862 1610 regii
896 1563 1097 1595 novenos
1134 1551 1270 1610 pedes
1301 1549 1530 1595 Romanos
1559 1561 1630 1594 ae·

94 1615 350 1680 quarent3).
408 1619 521 1666 Hinc
558 1620 604 1665 in
634 1619 787 1666 tabula
810 1620 1062 1666 Heroniana
1090 1635 1171 1681 pes
1201 1620 1414 1678 Italicus,
1449 1620 1535 1664 hoc
1561 1625 1630 1664 est

93 1689 350 1747 Romanus,
389 1690 604 1736 tredecim
641 1690 810 1750 digitos
845 1705 948 1738 cum
999 1691 1190 1748 triente,
1243 1691 1319 1752 qui
1357 1690 1489 1750 digiti
1525 1696 1629 1734 sunt

93 1759 387 1818 Philetaerei,
421 1760 585 1806 habere
612 1762 802 1819 dicitur,
839 1767 975 1822 atque
1000 1762 1257 1822 ubicunque
1282 1767 1519 1821 praeterea
1546 1760 1632 1805 Ita-

0 1840 15 1863 '-
95 1829 170 1875 lici
196 1830 334 1890 pedes
359 1845 462 1876 cum
480 1830 773 1877 Philetaereis
799 1839 1139 1891 comparantur,
1168 1833 1322 1877 eadem
1343 1831 1459 1876 valet
1485 1829 1629 1885 ratio;

29 1950 39 1957 ,
87 1900 200 1946 hinc
225 1902 358 1947 etiam
386 1897 601 1959 πυγών,
640 1915 876 1947 mensurae
906 1902 1067 1948 modus
1096 1901 1276 1947 Graecis
1317 1915 1407 1946 non
1440 1901 1502 1946 ita
1537 1900 1633 1944 usi-

98 1977 248 2028 tatus,
279 1972 323 2016 in
353 1970 527 2017 tabulas
555 1971 832 2018 Heronianas
861 1979 1073 2032 receptus
1101 1985 1201 2017 esse
1227 1972 1432 2029 videtur,
1462 1971 1631 2030 quippe

214 2136 255 2185 1)
290 2136 405 2175 Vide
438 2148 520 2176 nos
551 2137 600 2176 in
628 2137 810 2177 Metrol.
845 2151 886 2189 p.
919 2137 1015 2177 283.

210 2191 252 2242 2)
286 2193 370 2232 Est
399 2191 525 2233 locus
555 2193 785 2245 Apollonii
814 2193 980 2233 Rhodii
1013 2190 1070 2244 (3,
1107 2192 1256 2244 1323):
1290 2187 1536 2244 ἐργατίνης
1569 2187 1632 2230 ὥ(

97 2244 169 2288 τίς
199 2259 252 2288 τε
282 2246 530 2298 Πελαεγίδι
559 2248 724 2290 vocet-:v
756 2246 947 2301 ἀκαίνῃ,
999 2250 1079 2289 ubi
1119 2248 1376 2289 scholiasta
1416 2247 1632 2287 adnotat:

100 2301 267 2344 ἄκαινά
297 2302 387 2344 ἑετι
420 2303 590 2356 μέτρον
621 2303 880 2358 δεκάπουν,
913 2303 1159 2346 Θεεεαλῶν
1191 2303 1384 2356 εὕρεμα·
1416 2303 1444 2355 ἢ
1467 2301 1634 2355 ῥάβδος

100 2359 343 2412 ποιμενικὴ
367 2359 493 2412 παρὰ
513 2359 773 2412 Πελαεγοῖε
793 2360 1046 2414 ηὑρημένη.
1077 2362 1199 2402 Hinc
1221 2373 1305 2401 nos
1338 2358 1631 2400 inFleckeis.

102 2415 258 2459 annal.
290 2415 351 2468 (a.
376 2418 483 2458 1863
514 2431 557 2470 p.
582 2419 662 2458 169
690 2419 744 2470 s.)
781 2418 1189 2458 demonstravimus
1228 2417 1318 2457 hac
1352 2414 1634 2467 decempeda

102 2472 159 2512 ab
194 2473 526 2524 antiquissimis
564 2474 847 2526 temporibus
894 2474 1097 2514 Graecos
1138 2474 1186 2512 in
1225 2474 1350 2525 agris
1390 2469 1635 2526 met-iendis

100 2539 207 2569 usos
249 2541 369 2578 esse,
423 2529 578 2582 inepte
610 2543 717 2571 vero
757 2531 806 2570 in
843 2529 1041 2582 Etymol.
1072 2531 1133 2569 M.
1182 2528 1303 2568 tradi
1341 2528 1389 2567 in
1426 2527 1636 2580 Aegypto

102 2597 205 2626 eam
235 2585 471 2626 inventam
503 2597 618 2627 esse.
679 2587 750 2626 De
782 2586 929 2626 forma
960 2585 1125 2637 ἄκενα,
1159 2596 1276 2637 quae
1312 2587 1381 2625 est
1412 2582 1638 2624 recentio-

102 2642 166 2682 ris
198 2641 561 2693 consuetudinis,
596 2641 701 2683 vide
731 2643 880 2695 praef.
904 2643 1004 2682 crit.
1040 2641 1098 2681 ad
1128 2640 1248 2682 hanc
1282 2638 1507 2681 tabulam.
1539 2639 1638 2679 Vox

103 2695 329 2749 κάλαμος,
384 2710 518 2751 quam
567 2702 752 2751 praeter
802 2710 1028 2739 acaenam
1069 2700 1257 2751 auctor,
1270 2697 1405 2738 huius
1446 2694 1636 2736 tabulae

104 2753 263 2804 affert,
297 2754 436 2795 etiam
465 2754 513 2795 in
542 2754 919 2808 inscriptionibus
950 2753 1046 2807 legi
1078 2757 1238 2794 auctor
1272 2757 1345 2795 est
1374 2754 1562 2794 Passow
1592 2751 1639 2790 in

103 2809 255 2850 lexico
290 2810 482 2854 Graeco.

217 2867 259 2917 3)
294 2867 476 2919 Didym.
509 2867 563 2908 de
596 2880 738 2908 mens.
773 2869 824 2907 12
865 2867 930 2919 (in
961 2872 1119 2909 nostra
1150 2866 1440 2908 collectione
1474 2863 1639 2916 fragm.

104 2924 131 2963 3
161 2922 187 2972 §
215 2923 275 2974 4).
334 2923 505 2964 Confer
554 2924 747 2965 Hasium
796 2925 845 2964 in
893 2925 1100 2967 Palaeol.
1140 2938 1182 2978 p.
1227 2926 1309 2975 36,
1357 2920 1433 2963 vel
1473 2932 1555 2961 nos
1594 2920 1643 2958 in

103 2978 285 3022 Metrol.
315 2992 359 3033 p.
393 2980 490 3023 281.
