1946 3220
126 131 226 201 [11]
502 147 802 183 PORREOTIS
838 149 907 183 m·
947 148 1265 189 QUADRATIS.
1551 132 1649 186 193

230 255 279 308 6.
317 256 376 309 Ἣ
404 254 594 311 ἄκαινα
624 257 880 321 ςπιθαμὰς
910 256 987 316 ις’.

231 341 276 393 7.
314 340 390 393 Τὸ
417 339 588 405 μίλιον
614 338 655 394 ζ’
678 349 709 392 5
736 341 929 393 ςτάδια.
1501 405 1505 408 .

230 424 276 477 8.
314 425 375 479 Ὁ
406 426 621 490 ςχοῑνος
646 424 786 490 μίλια
813 423 859 478 δ’
883 424 966 477 καὶ
992 424 1022 477 ὁ
1051 424 1394 492 παραςάγγης
1425 425 1483 479 δ’.

464 578 544 630 11.
608 578 812 629 Tabula
849 578 1153 630 Heroniana
1194 579 1311 630 VII.

652 660 789 716 (Vide
819 664 932 718 pr'ol.
963 665 988 715 ἓ
1019 663 1109 718 30.)

123 746 254 801 Τίνα
282 746 410 813 μέρη
439 748 550 801 τῶν
585 746 646 799 ἐν
680 747 794 799 τοῖς
828 747 1062 811 μεγέθεα
1095 747 1396 812 μετρήςευυν
1431 763 1650 813 καταμε-

627 833 867 895 τροῡντα
903 832 970 884 τὰ
1007 830 1133 890 ὅλα;

234 930 277 981 1.
316 930 441 983 Τῶν
472 929 532 982 δὲ
558 928 618 982 ἐν
654 931 766 981 τοῖς
801 930 1036 995 μεγέθεςι
1069 929 1370 995 μετρήςεων
1405 930 1534 995 μέρη
1563 946 1652 982 κα-

123 1016 489 1079 ταμετροῦντα
511 1013 576 1066 τὰ
603 1012 704 1066 ὅλα
735 1013 840 1067 ἐςτὶ
864 1013 1016 1067 τάδε·
1064 1014 1351 1078 δάκτυλος,
1376 1016 1652 1079 παλαιςτή,

124 1098 377 1163 ςπιθαμή,
419 1098 583 1162 πούς,
619 1100 819 1163 πῆχυς,
857 1100 1021 1164 βῆμα,
1065 1097 1268 1163 ὀργυιά.
1329 1098 1552 1152 πάντων
1596 1101 1656 1153 δὲ
1688 1120 1739 1160 10

124 1182 526 1248 ἑλαχιςτότερόν
564 1182 669 1235 ἐςτι
712 1182 997 1235 δάκτυλος·
1047 1183 1320 1247 διαιρεῖται
1361 1183 1421 1236 δὲ
1463 1183 1547 1236 καὶ
1583 1183 1656 1237 εἰς

123 1267 255 1332 μέρη
293 1267 407 1320 ἔςθ’
433 1266 523 1320 ὅτε
549 1267 644 1331 μὲν
670 1266 772 1330 γὰρ
807 1267 891 1318 καὶ
915 1275 947 1319 s
975 1266 1060 1318 καὶ
1083 1265 1147 1328 γ”
1169 1266 1255 1319 καὶ
1287 1267 1452 1320 λοιπὰ
1484 1267 1654 1333 μόρια.

125 1350 217 1403 εἰςὶ
242 1353 300 1403 δὲ
323 1351 407 1402 καὶ
432 1350 587 1415 ἕτερα
612 1350 742 1414 μέρη
770 1350 1158 1415 ἐπινενοημένα
1181 1350 1278 1403 τιςὶ
1302 1350 1453 1404 τάδε·
1490 1351 1654 1418 ἄμπε-

123 1437 247 1498 λος,
285 1434 515 1499 πάςςον,
556 1434 747 1498 ἄκενα,
789 1434 1057 1499 πλέθρον,
1097 1434 1377 1500 ἰούγερον,
1422 1436 1654 1498 ςτάδιον,

124 1520 324 1583 μίλιον,
352 1520 594 1584 ςχοῑνος,
631 1521 846 1584 ςχοῖνος
873 1518 1102 1584 Περςικὴ
1129 1519 1214 1572 καὶ
1239 1520 1451 1584 ςχοῖνος
1477 1520 1653 1585 Ἑλλη-
1688 1541 1740 1580 15

123 1604 240 1670 νικὴ
270 1603 354 1657 καὶ
379 1604 556 1657 λοιπά.

372 1688 434 1741 Τί
460 1691 572 1742 τῶν
599 1687 892 1754 εἰρημένων
919 1688 1140 1742 ἕκαςτον
1162 1686 1408 1746 δύναται;

231 1771 279 1824 2.
319 1772 461 1824 Κατὰ
494 1773 589 1836 μὲν
622 1773 720 1838 τὴν
760 1772 993 1826 παλαιὰν
1024 1772 1224 1825 ἔκθεςιν
1260 1770 1656 1837 παραλιπόντες

1681 699 1706 738 5

36 1857 40 1862 ’
125 1858 190 1910 τὰ
217 1856 434 1922 περιςςὰ
457 1857 556 1921 τὴν
580 1858 680 1910 νῦν
707 1858 1004 1920 κρατοῦςαν
1032 1855 1255 1921 δύναμιν
1282 1854 1625 1920 ὑπετάξαμεν.

234 1940 281 1994 3.
319 1941 381 1994 Ὅ
406 1941 692 2006 παλαιςτὴς
723 1940 832 2005 ἔχει
863 1940 1158 1994 δακτύλους
1183 1938 1242 1992 δ’.
1687 1962 1741 2001 20

232 2025 280 2078 4.
315 2026 375 2078 Ἡ
416 2025 639 2090 ςπιθαμὴ
679 2023 787 2089 ἔχει
819 2024 1110 2078 παλαιςτὰς
1145 2025 1315 2090 τρεῖς,
1359 2022 1654 2077 δακτύλους
1703 2047 1706 2050 ·

128 2108 206 2175 ιβ’.

232 2192 280 2245 5.
317 2192 378 2245 ‘O
404 2193 543 2246 ποὺς
569 2193 678 2257 ἔχει
705 2194 964 2258 ςπιθαμὴν
989 2192 1038 2246 α’
1056 2190 1134 2257 γ”,
1161 2192 1451 2246 παλαιςτάς
1477 2189 1538 2256 δ’,
1566 2195 1655 2243 δα-

129 2277 351 2330 κτύλους
386 2273 462 2337 ις’.

243 2450 285 2487 2.
325 2440 390 2489 ἵεν
428 2443 607 2499 ςτάδια]
650 2445 709 2503 ,Ζς
741 2457 767 2487 κ
797 2446 824 2487 θ
854 2444 938 2499 Pr,
989 2440 1025 2489 ξ’
1056 2449 1103 2488 ω’
1129 2446 1181 2487 ςθ
1212 2445 1301 2496 ΡΘ,
1348 2438 1561 2501 ,ἶς’ςπιθ.
1595 2444 1657 2484 Le

130 2520 170 2559 3.
203 2515 254 2559 ‘O
287 2529 373 2558 om.
404 2516 462 2556 pe

242 2588 283 2629 6.
315 2585 435 2640 τοῖς]
482 2587 588 2628 ταῖς
616 2586 680 2627 Ρ0
796 2586 838 2627 7.
868 2587 972 2639 post
1010 2583 1098 2626 ὅλα
1138 2582 1240 2624 add.
1282 2593 1405 2633 κεφα
1433 2580 1502 2623 Pb
1618 2584 1659 2625 8.

129 2654 260 2710 Τῶν]
293 2655 393 2699 Τὸν
413 2657 486 2710 Pe,
517 2655 589 2698 Τὰ
608 2657 672 2698 Le
705 2669 729 2697 e
750 2655 854 2697 Vat.
889 2669 916 2696 a
947 2667 1040 2696 rec.
1069 2667 1127 2695 m.
1215 2650 1266 2693 ἐν
1297 2665 1383 2696 om.
1406 2651 1471 2693 Le
1557 2652 1660 2694 τῶν

133 2731 240 2768 ante
273 2726 545 2779 μετρήςεων
584 2726 688 2770 add.
719 2724 815 2767 ΡΜ
846 2725 912 2766 Le
1019 2721 1132 2775 μέρη
1165 2735 1252 2765 om.
1282 2720 1377 2764 Phe
1407 2722 1473 2763 Le
1592 2723 1658 2763 10.

131 2794 351 2849 πάντων]
386 2795 481 2839 πάν
504 2829 512 2839 .
534 2828 543 2838 .
564 2797 619 2838 P⁰
738 2797 806 2836 11.
837 2794 960 2837 ἐςτιν
992 2793 1018 2835 ὁ
1048 2791 1276 2836 δάκτυλος
1298 2792 1353 2832 Pc
1442 2789 1517 2831 καὶ
1551 2794 1658 2832 ante

133 2863 199 2908 εἰς
229 2864 343 2919 μέρη
374 2880 462 2912 om.
492 2868 559 2909 Le
676 2867 745 2908 13.
772 2863 822 2906 δὲ
852 2878 939 2906 om.
970 2865 1026 2905 Ρο
1126 2866 1192 2905 14.
1225 2861 1401 2905 παςςὸν
1432 2860 1496 2905 Le
1595 2861 1660 2901 15.

134 2933 300 2987 μήλιον
329 2936 385 2977 Ρο
498 2939 568 2978 21.
601 2933 748 2989 τρεῖς]
781 2929 823 2987 γ’
853 2935 909 2977 Pc
940 2935 1003 2976 Le

191 3017 363 3051 senum
395 3019 595 3049 amnon.
630 3019 663 3049 1.
1342 2999 1407 3052 13
