1946 3220
259 41 261 45 Α
283 40 286 45 .
338 35 349 44 a
377 45 383 52 ,
423 34 434 43 ··ι
525 51 530 55 “
576 37 627 53 ..ω-
654 46 657 49 ,

75 102 79 109 .

4 743 37 1219 ξ

8 1683 48 1882 ε

8 172 10 175 ·
106 155 245 242 {120}
398 214 402 216 ,
531 189 742 224 omum}
777 190 847 223 nn
885 189 1227 224 voum-:mnus
1275 219 1279 223 .
1568 170 1634 223 97
1709 241 1711 245 ¹

116 290 374 364 argentum
412 306 640 364 argento,
680 299 872 363 liquidis
911 315 1021 349 cum
1059 301 1300 363 mergitur
1337 299 1496 349 undis.
1682 301 1762 341 155

58 380 63 386 ”
112 385 236 435 haec
275 384 445 434 eadem
485 398 610 446 puro
650 384 958 448 deprendere
996 399 1258 449 possumus
1295 398 1432 440 aure,

25 479 45 489 ”
115 470 155 519 si
192 480 282 534 par
320 469 538 532 corrupti
579 468 769 530 pondus
805 483 920 533 pars
959 467 1107 517 altera
1149 474 1318 532 gestet.

49 568 53 574 ¹
114 568 224 601 nam
265 553 490 617 quotiens
527 553 680 601 ternis
718 567 832 616 pars
871 551 1068 602 inlibata
1109 554 1323 616 gravarit

112 643 393 699 corruptam
434 636 647 698 dragmis
685 636 776 685 sub
815 652 962 700 aqua,
1003 642 1075 685 tot
1111 638 1269 686 inesse
1308 636 1496 686 notabis

112 722 300 784 argenti
338 719 513 775 libraS,
557 736 676 784 quas
715 721 849 770 fraus
888 723 1171 784 permiscuit
1208 737 1343 771 auro,
1555 735 1559 738 ’
1683 721 1763 763 160

111 820 226 869 pars
266 807 409 854 etiam
448 806 645 869 quaevis
682 804 859 863 librae,
901 807 941 853 si
978 806 1104 855 sorte
1142 808 1378 869 supersit,

114 890 235 939 haec
275 904 470 952 quoque
509 889 822 951 dragmarum
863 889 1009 938 simili
1047 890 1135 939 tibi
1174 896 1311 954 parte
1350 898 1561 940 notetur.

218 974 318 1023 Nec
355 988 453 1021 uon
493 980 540 1022 et
577 975 680 1022 sine
719 975 856 1037 aquis
896 975 1066 1023 eadem
1106 974 1412 1039 deprendere
1451 975 1634 1024 furtum

111 1073 190 1107 ars
229 1058 421 1113 docuit,
463 1074 607 1123 quam
647 1067 698 1106 tu
736 1074 927 1108 mecum
969 1060 1222 1122 experiare
1261 1058 1436 1108 licebit.

114 1159 171 1193 ex
210 1158 328 1191 auro
368 1143 510 1205 fingis
547 1142 692 1191 librili
732 1143 950 1207 pondere
990 1144 1220 1199 sormam,
1682 1143 1763 1186 165
1828 1197 1830 1199 ,

109 1242 297 1292 parque
338 1243 394 1276 ex
434 1234 637 1290 argento
677 1228 831 1276 moles
870 1229 984 1282 siet:
1028 1242 1146 1290 ergo
1186 1228 1376 1277 duobus

111 1312 278 1375 dispar
317 1314 409 1359 erit
446 1312 639 1376 pondus
679 1311 902 1374 paribus,
943 1314 1052 1377 quia
1093 1312 1293 1362 densius
1331 1328 1505 1362 aurum
1545 1319 1632 1361 est.

110 1402 222 1461 post
258 1396 378 1444 haee
419 1396 478 1444 ad
519 1396 706 1446 lancem
746 1397 940 1460 rediges
979 1397 1267 1461 pondusque
1305 1399 1528 1461 requires

115 1482 328 1544 argenti,
370 1496 482 1528 nam
522 1483 618 1529 iam
658 1487 826 1538 notium
868 1488 937 1529 est
978 1481 1106 1544 quod
1146 1482 1356 1529 diximus
1396 1482 1525 1537 auri,

107 1565 187 1614 fac
224 1571 270 1613 et
308 1565 355 1613 id
395 1571 599 1629 argento
638 1566 832 1628 gravius
870 1572 1088 1613 sextante
1127 1572 1396 1629 repertum.
1681 1565 1762 1606 170

91 1645 224 1698 ⁴tune
264 1665 382 1697 auro
423 1651 559 1698 euius
597 1651 764 1698 vitium
806 1650 1086 1713 furtumque
1124 1651 1334 1714 requiris

110 1734 238 1795 tinge
278 1747 445 1796 parem
486 1735 674 1797 argenti
712 1735 921 1782 formam
961 1734 1250 1798 pondusque
1290 1741 1479 1782 notato:

113 1817 265 1866 altera
304 1834 399 1882 quo
438 1824 654 1882 praestat
692 1817 941 1882 leviorque
980 1826 1052 1866 est
1088 1818 1239 1866 altera
1277 1817 1430 1866 moles

110 1903 172 1950 sit
209 1904 422 1951 semissis
458 1918 607 1951 onus:
651 1911 787 1965 potes
827 1917 886 1950 ex
923 1902 1016 1950 hoc
1055 1902 1218 1950 dicere
1258 1909 1491 1965 quantum

109 1990 301 2050 argenti
338 1986 467 2035 fulvo
507 1988 708 2035 mixtum
750 1985 935 2034 celetur
972 1988 1021 2034 in
1061 2001 1195 2034 auro,
1679 1986 1762 2028 175

0 2057 2 2060 ’
34 2071 35 2074 ’
108 2086 223 2120 nam
262 2073 375 2134 quia
414 2072 665 2120 semissem
708 2070 905 2135 triplum
946 2073 1178 2120 sextantis
1216 2070 1478 2128 habemuS,

109 2161 210 2204 tres
247 2156 445 2204 inerunt
482 2156 589 2204 auri
626 2154 804 2211 librae,
848 2155 1073 2218 quodque
1113 2155 1319 2219 amplius
1356 2155 1450 2204 hoc
1489 2164 1584 2213 est,

50 2409 54 2411 Α
224 2353 315 2394 155.
348 2353 395 2391 in
425 2352 610 2404 liquidis
645 2365 745 2391 cum
776 2352 984 2405 uergitur
1016 2352 1048 2392 C
1175 2338 1276 2392 ¹156.
1311 2352 1541 2407 defindere
1573 2351 1629 2400 B,

110 2421 399 2475 dephqndere
432 2423 467 2463 C
587 2424 680 2463 157.
716 2418 816 2474 par]
852 2435 959 2474 pars
992 2422 1025 2462 C
1140 2426 1351 2474 corrupto
1382 2425 1500 2474 vulgo
1531 2428 1630 2463 ante

47 2532 51 2537 ,
109 2491 406 2532 Endliclzerum
493 2505 600 2545 pars
631 2506 707 2532 om.
741 2498 781 2531 et
812 2493 853 2531 in
884 2506 1015 2544 mary.
1037 2493 1138 2534 add.
1167 2491 1220 2531 Α1
1341 2494 1435 2533 158.
1468 2489 1627 2545 ternis]

107 2565 178 2602 ter
208 2563 331 2601 senis
362 2562 404 2601 B
491 2575 598 2615 pars
628 2575 706 2604 om.
734 2563 766 2602 C
850 2562 1044 2601 inlibato
1071 2562 1128 2613 Α,
1161 2561 1345 2602 illibata
1374 2562 1417 2602 B
1534 2563 1627 2606 160.

110 2633 227 2684 aqua]
257 2645 358 2672 mox
391 2645 491 2672 esse
515 2633 570 2683 B,
606 2636 720 2685 aqui
751 2633 918 2672 totiens
950 2633 1000 2671 Ee
1026 2631 1060 2671 C
1175 2633 1267 2672 160.
1301 2629 1429 2684 auro]
1460 2633 1526 2672 llic
1555 2634 1629 2673 de·

43 2697 63 2742 ’ἱ
107 2703 208 2742 sinit
239 2696 273 2741 C
387 2705 482 2743 161.
515 2703 662 2742 librae
696 2704 884 2754 quaevis
916 2703 1032 2754 vulyo
1152 2703 1243 2743 163.
1278 2700 1425 2756 aquis]
1459 2703 1526 2743 hic
1556 2704 1628 2743 de-

53 2762 56 2767 *
108 2772 264 2812 sinitB
381 2774 475 2815 167.
506 2773 689 2812 densior
722 2785 831 2812 auro
862 2771 971 2822 libri,
1003 2785 1118 2811 corr.
1140 2771 1296 2814 Christ.
1317 2773 1430 2815 Mus.
1448 2773 1527 2815 Rlz.
1540 2772 1631 2812 XX

50 2855 65 2899 j
105 2854 152 2894 p.
186 2845 242 2883 73
366 2844 461 2884 169.
494 2856 603 2884 auro
641 2842 862 2895 typotheta
899 2843 1017 2893 apud
1043 2841 1361 2889 Endliclzerum,
1400 2848 1516 2883 certe
1546 2856 1629 2883 non

109 2913 248 2959 codex
279 2911 410 2964 (conf.
435 2913 686 2953 Endliclaeeri
711 2911 869 2963 notam)
987 2914 1080 2953 170.
1113 2912 1189 2951 fac
1222 2916 1268 2952 et
1287 2913 1497 2964 Beni-sius,
1533 2913 1630 2953 fac-

50 2978 58 3019 ,-“
111 2993 196 3033 que
227 2982 267 3021 Α
385 2985 479 3023 171.
512 2984 717 3035 requires
748 2980 807 3021 ΑΙ
929 2983 1021 3025 174.
1054 2982 1197 3022 honus
1229 2981 1287 3022 A¹

166 3063 338 3094 semper.
371 3065 570 3092 menon.
607 3065 659 3093 11.
710 3068 712 3070 ’
1383 3051 1412 3102 7
