1946 3220
197 1458 261 1526 34

283 132 352 186 52
802 141 1187 179 PROLEGOMENA
1217 141 1272 174 m

285 277 401 320 mus,
427 262 499 308 cui
533 266 714 322 praeter
739 255 1121 317 exspectationem
1146 253 1235 300 duo
1264 253 1404 300 cubiti
1435 253 1528 299 sive
1550 260 1644 299 tres
1669 253 1809 314 pedes

286 331 576 379 tribuuntur?
622 329 839 374 Nimirum
866 326 974 371 haec
1001 324 1054 370 ad
1073 324 1317 370 Romanam
1342 337 1600 370 mensuram
1628 323 1811 372 redacta

286 409 408 449 sunt.
487 402 595 446 Nam
642 412 743 444 cum
780 393 917 456 βῆμα
955 393 1285 440 Philetaereum
1331 409 1440 440 suos
1474 394 1611 456 pedes
1651 394 1812 441 habeat

285 473 351 519 lis
379 471 426 529 (ss
451 469 547 531 18),
587 469 622 512 V
647 474 798 513 autem
830 465 971 527 pedes
998 464 1269 511 Philetaerei
1304 464 1502 512 efficiant
1540 478 1617 511 sex
1650 465 1812 511 Roma-

286 555 386 599 nos,
416 541 622 600 sequitur
650 544 700 583 ut
724 537 840 582 idem
873 533 1009 596 βῆμα
1038 535 1263 582 Romanos
1289 536 1427 597 pedes
1453 535 1616 582 habeat
1639 535 1695 581 111
1720 537 1810 581 sive

286 610 461 657 cubitos
487 609 535 654 ΙΙ.
595 608 784 655 Omnino
829 607 971 667 igitur
1006 606 1314 653 Philetaereae
1358 620 1598 652 mensurae
1641 607 1687 652 in
1729 606 1814 651 hac

287 679 436 727 tabula
471 680 789 741 reperiuntur,
824 684 1144 738 praeterquam
1177 677 1299 737 quod
1337 675 1473 737 βῆμα
1509 677 1562 722 ad
1586 676 1813 723 Romanos

285 750 421 811 pedes
457 757 502 796 et
538 750 716 797 cubitos
752 748 988 809 redigitur.
1039 745 1169 802 Quod
1194 748 1362 794 factum
1392 761 1492 794 esse
1527 747 1704 793 videtur
1728 746 1813 793 He-

281 821 538 867 braicarum
566 833 881 867 mensurarum
919 816 1240 876 similitudine,
1276 819 1331 863 de
1368 818 1535 879 quibus
1562 817 1660 863 vide
1686 817 1814 864 tabu-

282 890 370 937 lam
403 891 564 938 Iuliani
602 889 887 938 Ascalonitae
927 888 1000 948 (fr.
1029 891 1109 946 16,
1146 889 1264 950 prol.
1294 889 1323 948 S
1353 887 1438 948 35).
1491 888 1692 949 Denique
1727 888 1814 934 hoc

282 960 383 1008 luce
410 961 578 1008 clarius
607 967 793 1022 apparet
820 974 912 1006 non
937 959 994 1008 ab
1021 958 1202 1005 Euclide
1231 960 1348 1006 hanc
1373 959 1571 1005 tabulam
1597 958 1813 1019 scriptam

283 1045 411 1091 esse,
439 1046 552 1092 quae
580 1038 625 1077 et
650 1032 752 1078 loco
781 1038 826 1076 et
852 1044 902 1076 re
928 1030 1154 1076 artissime
1182 1045 1283 1076 cum
1308 1030 1575 1076 Heronianis
1600 1030 1814 1075 vetustis-

283 1103 409 1148 simis
445 1103 685 1149 coniuncta
721 1101 776 1148 ad
806 1102 992 1147 eandem
1028 1101 1122 1147 fere
1158 1108 1351 1147 aetatem
1387 1108 1524 1162 atque
1562 1099 1666 1146 illae
1697 1100 1813 1148 refe.-

283 1173 423 1219 renda
448 1186 547 1219 esse
573 1173 789 1218 videatur.
843 1172 930 1218 Sed
957 1178 1128 1229 tamen,
1165 1178 1217 1217 ut
1252 1171 1448 1217 breviter
1483 1185 1580 1217 eam
1615 1171 1813 1217 tabulam

285 1243 513 1304 appellare
537 1242 696 1303 liceat,
723 1243 960 1289 Euclideae
989 1256 1154 1288 nomen
1188 1249 1436 1288 teneamus.

516 1368 582 1407 De
607 1366 849 1419 fraymento
879 1363 999 1418 Περὶ
1029 1343 1348 1418 πηλικότητοε
1381 1362 1580 1417 μέτρων.

386 1455 706 1514 Fragmentum
738 1447 874 1512 Περὶ
916 1447 1264 1512 πηλικότητοε
1307 1448 1511 1512 μέτρων
1547 1452 1814 1514 priusquam

284 1525 583 1586 explicemus,
616 1525 662 1570 id
695 1537 978 1584 nequaquam
1014 1523 1069 1568 ad
1092 1522 1392 1583 Epiphanium
1430 1529 1663 1570 auctorem
1699 1524 1814 1570 refe-

283 1596 472 1642 rendum
507 1609 607 1641 esse
641 1608 1061 1640 commemoramus.
1123 1593 1233 1639 Nam
1270 1608 1372 1640 cum
1409 1608 1463 1640 ex
1500 1594 1698 1640 editione
1733 1595 1815 1641 Le-

282 1666 448 1726 Moynii
487 1664 542 1725 (v.
570 1665 710 1726 praef.
750 1663 869 1723 crit.)
908 1664 1002 1709 veri
1037 1664 1183 1710 simile
1219 1664 1447 1710 videretur
1480 1666 1595 1711 hanc
1633 1679 1815 1726 quoque

284 1736 482 1783 tabulam
518 1750 571 1781 ex
605 1734 841 1796 Epiphanii
876 1734 993 1780 libro
1028 1730 1149 1794 περὶ
1181 1730 1390 1795 μέτρων
1435 1730 1518 1782 καὶ
1556 1734 1814 1795 εταθμῶν,

283 1807 568 1867 quiinteger
592 1820 684 1852 non
710 1811 857 1851 exstat
885 1802 931 1866 (S
957 1804 1057 1863 87),
1095 1805 1334 1866 repetitam
1365 1819 1488 1863 esse,
1519 1812 1681 1866 postea
1705 1807 1815 1852 vidi-

281 1891 381 1923 mus
409 1891 491 1923 nec
526 1891 579 1922 ex
614 1876 913 1936 inscriptione
941 1876 1185 1935 fragmenti
1216 1890 1364 1936 neque
1398 1876 1609 1939 θὶς-’,10007
1654 1891 1744 1937 quo
1771 1878 1815 1923 id

284 1947 331 1993 in
368 1947 523 1994 codice
557 1947 739 1993 Antonii
775 1946 968 2007 Eparchi
1004 1947 1224 2007 scriptum
1259 1948 1515 2007 reperitur,
1569 1947 1815 2008 quidquam

284 2017 505 2063 eiusmodi
536 2018 699 2063 coniici
725 2031 876 2078 posse.
927 2016 1114 2062 Maxime
1144 2023 1292 2062 autem
1329 2025 1375 2062 et
1409 2017 1630 2062 orationis
1668 2018 1813 2075 color,

285 2087 432 2148 qualis
468 2094 537 2132 est
573 2087 618 2132 in
652 2087 736 2133 hac
774 2087 953 2144 tabula,
989 2094 1034 2132 et
1069 2088 1278 2133 universa
1313 2088 1568 2148 argumenti
1597 2089 1814 2135 tractandi

215 2153 220 2157 ’
284 2158 399 2204 ratio
426 2158 562 2216 longe
586 2158 724 2203 distat
749 2157 802 2203 ab
821 2156 1118 2218 Epiphaniani
1143 2158 1297 2217 operis
1322 2165 1553 2204 contextu.
1608 2157 1812 2220 Quapro-

283 2235 411 2289 pter,
440 2235 491 2274 ut
514 2228 559 2273 in
583 2242 632 2273 re
659 2228 855 2286 incerta,
885 2234 1116 2274 auctorem
1141 2228 1385 2287 fragmenti
1411 2243 1468 2275 ne
1497 2230 1811 2290 anquiramus:

283 2313 336 2344 ea
369 2305 517 2344 autem
548 2311 663 2359 quae
700 2299 746 2343 in
779 2300 880 2359 ipso
917 2299 1170 2358 fragmento
1205 2298 1424 2358 leguntur
1463 2313 1598 2360 quam
1633 2314 1813 2346 accura-

286 2370 457 2414 tissime
482 2369 799 2429 expendamus.
1173 2421 1176 2424 ⁴

390 2439 571 2484 Initium
611 2446 759 2485 autem
795 2438 1045 2500 explicandi
1070 2439 1323 2485 faciendum
1348 2453 1447 2485 esse
1479 2440 1656 2486 videtur
1681 2455 1704 2486 a
1732 2441 1815 2486 mi-

286 2506 404 2553 liarii
423 2522 648 2567 mensura,
669 2523 784 2570 quae
810 2516 1033 2571 septem
1058 2510 1309 2556 stadiorum
1330 2524 1430 2556 esse
1451 2511 1631 2557 dicitur.
1665 2511 1815 2557 Omni-

287 2590 347 2621 no
380 2579 580 2623 videmus
614 2587 848 2627 auctorem
876 2580 1081 2638 tabulae⁷
1121 2581 1197 2640 qui
1235 2588 1380 2627 aetate
1417 2582 1661 2642 Byzantina
1707 2590 1814 2643 post

287 2647 514 2692 saeculum
550 2648 583 2690 V
620 2647 870 2710 scripsit¹)‚
907 2651 1047 2697 fuisse
1083 2658 1129 2696 et
1171 2651 1395 2698 hominem
1434 2666 1527 2698 non
1563 2651 1812 2710 indoctum,

229 2757 233 2761 ,
288 2717 367 2777 qui
400 2716 541 2763 multa
571 2717 623 2762 de
660 2722 884 2767 mensuris
912 2737 938 2767 a
971 2721 1297 2768 vetustiorIbus
1335 2723 1505 2783 scripta
1538 2722 1730 2783 legisset
1770 2730 1813 2768 et

403 2894 444 2945 1)
474 2894 727 2946 Faenius,
768 2898 978 2950 Eutropii
1015 2901 1265 2954 interpres,
1319 2901 1396 2954 qui
1430 2902 1483 2942 in
1520 2901 1609 2943 hac
1647 2901 1810 2943 tabula

289 2948 333 3003 (ξ
366 2950 434 3002 12)
469 2951 660 3003 citatur,
692 2953 806 2993 vixit
837 2955 1023 2996 saeculo
1054 2957 1095 2999 V
1126 2959 1335 2998 exeunte.

1911 212 1946 267 25¹¹}-
1944 195 1946 200 ,
