1946 3220
314 142 382 196 88
836 152 1223 190 PROLEGOMENA
1247 153 1303 187 m

315 279 462 330 stant,
499 285 588 331 qua
622 270 676 316 de
713 270 844 314 rein
879 265 1163 328 praefatione
1199 265 1357 313 critica
1391 266 1696 326 exposuimus.
1748 265 1838 313 Sed

315 343 647 389 CharterIanam
683 338 924 384 editionem
958 351 1052 382 non
1097 335 1246 382 solum
1279 342 1528 398 propterea
1561 337 1835 398 sequendam
1915 344 1946 399 Ῐζ

315 426 414 459 esse
448 411 680 467 duximus,
720 408 842 469 quod
878 406 1061 468 plurimi
1098 407 1179 452 viri
1215 406 1338 453 docti
1381 407 1526 454 adhuc
1560 421 1656 453 eam
1695 408 1837 454 citare

316 487 621 536 consuerunt,
659 479 735 524 sed
765 479 899 524 etiam
926 478 1031 538 quia
1058 477 1212 524 eadem
1237 479 1302 523 ita
1326 477 1503 539 plenior
1533 484 1579 524 et
1602 478 1840 538 copiosior

315 559 382 597 est
408 552 597 608 ceteris,
625 555 677 594 ut
701 550 740 594 si
764 549 907 595 varias
934 547 1215 594 collectionis
1242 548 1411 594 formas
1435 550 1555 594 inter
1581 562 1629 595 se
1656 563 1840 610 compa-

314 636 415 668 rare
440 621 566 678 velis,
594 620 682 665 hoc
709 621 838 680 quasi
865 619 1205 665 fundamentum
1231 618 1389 664 subiici
1418 632 1605 665 necesse
1632 619 1706 665 sit.

396 799 544 840 Prima
573 800 787 852 expositio
819 800 872 839 de
902 799 1154 839 medicorum
1182 802 1386 839 mensuris
1416 805 1458 839 et
1481 799 1744 851 ponderibus

951 857 1202 898 illustratur.

228 936 296 987 50
423 943 619 990 Primam
647 942 976 1004 expositionem
1004 942 1058 988 de
1086 941 1362 988 medicorum
1397 943 1624 989 mensuris
1651 949 1697 987 et
1722 956 1840 1003 pon-

313 1013 524 1071 deribus,
572 1028 688 1074 quae
718 1013 936 1059 Galeneae
973 1013 1258 1059 collectionis
1288 1013 1436 1072 capita
1464 1013 1482 1058 I
1507 1013 1562 1058 ad
1583 1013 1616 1058 V
1640 1012 1841 1074 comple·

314 1086 477 1143 ctitur,
504 1098 595 1130 non
620 1090 725 1130 ante
752 1082 920 1130 saeculi
948 1083 982 1126 V
1009 1084 1186 1129 initium
1213 1084 1425 1144 scriptam
1453 1097 1553 1129 esse
1581 1083 1668 1128 iam
1698 1084 1840 1147 signi-

311 1153 554 1201 ficavimus.
606 1153 692 1200 Sed
727 1154 898 1214 scripta
933 1160 1002 1199 est
1038 1153 1091 1199 ab
1125 1153 1303 1199 homine
1342 1168 1424 1200 nec
1454 1153 1637 1200 indocto
1662 1168 1746 1200 nec
1770 1156 1838 1199 in-

313 1225 616 1271 considerato.
661 1224 702 1270 Is
726 1226 932 1285 priorum
958 1224 1232 1270 medicorum
1261 1237 1510 1284 eorumque
1537 1225 1614 1285 qui
1641 1225 1695 1271 de
1723 1238 1838 1284 pon-

310 1294 495 1340 deribus
523 1296 798 1355 scripserant
833 1294 1002 1352 libros,
1026 1293 1256 1355 Tquantum
1292 1309 1365 1340 res
1405 1295 1691 1355 postulabat,
1726 1296 1841 1341 satis

313 1372 601 1424 cognoverat.
664 1364 830 1411 Omitto
871 1364 1051 1410 titulum
1090 1361 1122 1412 Γ
1125 1362 1327 1424 αλήνου
1371 1364 1468 1412 τοῦ
1515 1359 1838 1426 εοφωτάτου

313 1442 358 1481 et
385 1441 559 1493 cetera,
612 1436 690 1495 qui
715 1435 869 1481 nescio
901 1450 955 1480 an
984 1435 1037 1481 ab
1066 1434 1212 1482 aliena
1237 1450 1383 1480 mamr
1397 1442 1557 1496 postea
1581 1436 1838 1496 adscriptus

313 1506 400 1562 sit,
433 1505 512 1550 sed
536 1505 634 1566 ipse
659 1507 956 1566 expositionis
989 1506 1186 1566 scriptor
1211 1505 1431 1551 infinitam
1464 1519 1563 1552 esse
1591 1506 1837 1552 secundum

310 1577 524 1636 regiones
576 1576 899 1636 hominumque
942 1590 1093 1621 mores
1139 1576 1391 1636 ponderum
1437 1582 1482 1622 et
1524 1590 1838 1623 mensurarum

311 1646 572 1691 varietatem
602 1659 694 1691 non
730 1646 938 1705 ignorat,
975 1652 1113 1707 atque
1140 1647 1193 1692 de
1224 1647 1279 1692 iis
1307 1660 1420 1707 quae
1444 1649 1633 1693 maxime
1656 1646 1838 1707 vulgata

312 1717 403 1761 sint
432 1716 653 1776 explicare
689 1717 773 1762 sibi
807 1716 1025 1777 proponit
1051 1716 1165 1777 (cap.
1188 1717 1236 1776 1).
1296 1717 1384 1767 lam
1410 1718 1607 1778 primum
1631 1718 1687 1763 de
1712 1717 1838 1762 notis

310 1786 564 1849 ponderum
602 1793 651 1837 et>
683 1801 999 1832 mensurarum
1043 1788 1379 1833 accuratissime
1418 1789 1482 1833 ita
1526 1789 1737 1849 exponit,
1785 1794 1838 1833 ut

310 1864 541 1915 veterum,
576 1857 620 1903 h.
650 1871 687 1902 e.
718 1858 994 1918 scriptorum
1026 1858 1161 1918 primi
1198 1858 1438 1904 secundive
1473 1858 1668 1917 saeculi,
1708 1872 1838 1918 prae·

311 1933 443 1987 cepta
468 1934 687 1987 sequatur
713 1926 792 1987 (ΙΙ,
822 1931 870 1973 1;
906 1924 1019 1975 τοῖς
1044 1924 1292 1976 παλαιοῖς
1317 1926 1837 1987 κατακολουθοῦντα,

311 1996 372 2041 ib.
398 1999 448 2041 6:
495 1993 641 2056 παρὰ
677 1993 969 2059 παλαιοῖε);
1015 2005 1107 2044 tum
1145 1999 1198 2044 de
1239 1999 1543 2059 ponderibus,
1584 1999 1744 2044 deinde
1782 1998 1838 2043 de

310 2067 537 2112 mensuris
563 2067 820 2127 liquorum,
849 2076 1049 2114 extremo
1075 2068 1255 2114 brevius
1281 2069 1334 2114 de
1362 2071 1585 2114 mensuris
1606 2069 1838 2114 aridorum

309 2137 462 2182 tradit.
508 2137 557 2182 ln
585 2151 636 2182 ea
664 2145 813 2184 autem
837 2145 966 2200 parte
993 2153 1107 2198 quae
1134 2146 1204 2184 est
1229 2140 1282 2184 de
1309 2140 1533 2184 mensuris
1559 2139 1836 2199 liquidorum

313 2202 426 2267 (cap.
453 2206 524 2265 IV)
563 2207 800 2254 admodum
849 2210 1046 2254 scienter
1090 2209 1292 2268 pondera
1335 2211 1562 2254 variorum
1605 2210 1836 2269 liquorum

310 2276 588 2323 definiuntur
624 2284 669 2323 et
703 2280 749 2323 in
786 2278 939 2324 tabula
976 2279 1166 2338 quadam
1196 2285 1545 2340 proponuntur,
1581 2279 1836 2339 ibidemque
1910 2273 1913 2276 ’

312 2346 542 2393 Oribasius
570 2349 764 2408 citatur,
807 2349 1100 2409 gravissimus
1138 2348 1260 2395 illius
1301 2350 1461 2396 aetatis
1489 2356 1649 2395 auctor
1674 2348 1721 2409 (S
1748 2348 1836 2408 48).

310 2417 507 2478 Denique
534 2425 731 2464 extrema
759 2419 1044 2480 expositione
1079 2415 1192 2481 (cap.
1220 2420 1269 2478 V,
1296 2419 1339 2479 8)
1377 2419 1550 2465 infinita
1588 2420 1836 2470 solidarum

311 2501 464 2532 rerum
490 2489 703 2548 ponderis
727 2491 920 2536 varietas
947 2503 1048 2535 esse
1074 2490 1239 2535 dicitur
1264 2486 1396 2538 κατὰ
1431 2487 1527 2550 τὴν
1554 2488 1647 2549 τῆς
1677 2484 1836 2548 ἰατρι-

309 2554 403 2614 κῆς
438 2553 626 2617 τέχνης
659 2555 994 2607 διδαεκαλίαν
1037 2557 1213 2607 καθὼς
1248 2555 1298 2607 οἱ
1337 2556 1444 2620 πρὸ
1478 2556 1629 2619 ἡμῶν
1674 2554 1838 2619 εοφοὶ

315 2620 482 2685 ἰατροί
506 2639 562 2675 τε
592 2624 676 2688 καὶ
699 2626 1001 2678 διδάεκαλοι
1025 2629 1191 2678 ταῦτα
1218 2627 1339 2691 ἡμῖν
1367 2626 1756 2691 διεεαφήνιεαν.

418 2708 535 2756 Haec
578 2711 718 2770 igitur
760 2714 814 2759 de
851 2714 1057 2761 doctrina
1110 2715 1347 2775 scriptoris
1392 2729 1441 2760 ac
1479 2715 1532 2760 de
1571 2713 1835 2760 auctoribus

314 2777 478 2838 quihus
505 2794 615 2826 usus
644 2788 733 2826 est:
766 2783 853 2828 iam
881 2786 1003 2844 ipsas
1029 2785 1127 2830 eius
1152 2785 1353 2843 tabulas,
1382 2784 1419 2830 si
1447 2785 1554 2844 quid
1579 2786 1626 2829 in
1653 2785 1723 2830 his
1755 2783 1835 2829 ob-

314 2848 491 2895 scurius
520 2862 620 2895 esse
652 2851 880 2911 videatur,
911 2854 1201 2914 explicemus.

419 2932 484 2978 Ad
511 2934 659 2993 capita
690 2936 882 2994 primum
910 2943 955 2980 et
986 2939 1229 2983 secundum
1266 2937 1378 2983 nihil
1414 2937 1717 2984 adnotandum
1749 2943 1832 2982 est.
