1946 3220
216 1860 272 1902 20

298 125 404 179 338
895 140 1217 176 FRAGMENTA
1567 165 1571 167 >
1699 125 1829 198 [106]
1871 158 1931 214 g»

299 254 398 307 τοῦ
435 250 688 318 βαςιλέως
714 251 825 302 τῶν
856 247 1265 315 ἀργυραμοιβῶν
1291 250 1557 316 πρότερον
1590 253 1718 306 δέκα
1743 252 1830 308 καὶ

302 333 344 390 (’
369 335 627 401 ὅβΟλΟύΕ,
657 332 751 385 Οὓ(
779 332 998 399 φόλλεις
1026 336 1304 399 καλοῦςιν,
1333 334 1466 400 ὑπὲρ
1494 335 1617 389 ἑνὸς
1645 339 1827 403 ςτατῆ-

300 436 396 488 90(
438 420 635 484 ΧΡυΕΟὓ
674 418 951 482 προῖεςθαι
987 419 1102 472 τοῖς
1128 419 1511 486 ξυμβάλλουςιν
1538 418 1828 486 εἰωθότων,
1902 415 1946 493 {gs

300 503 463 558 αὐτὸς
492 502 920 568 ἐπιτεχνώμενος
947 502 1107 569 κέρδη
1135 503 1327 579 οἰκεῖα,
1365 502 1418 557 π’
1445 504 1528 556 καὶ
1556 502 1603 569 ρ’
1628 505 1828 570 μόνους

245 600 271 640 5
302 588 435 654 ὑπὲρ
460 589 557 641 τοῦ
585 589 838 652 ςτατῆρος
865 586 1099 641 δίδοςθαι
1120 588 1248 641 τοὺς
1273 587 1506 654 ὀβολοὺς
1533 590 1825 654 διετάξατο,
1904 620 1907 621 ⁷
1935 619 1937 627 =

299 674 497 740 χρυςοῦ
526 671 680 737 ἕκτην
707 670 1111 737 ἀποτεμόμενος
1141 674 1347 738 μοῖραν.

411 755 725 823 Κερματίζει,
749 754 819 810 εἰς
845 756 1015 810 λεπτὰ
1039 759 1238 823 διαιρεῖ.
1276 758 1360 810 καὶ
1384 758 1697 823 κερματίων,
1716 759 1828 813 τῶν

302 840 375 895 εἰς
394 841 563 896 λεπτὰ
589 841 1033 906 διακεκομμένων.
1072 842 1154 895 καὶ
1179 841 1313 907 μέγα
1333 842 1630 908 κεφάλαιον
1650 841 1829 908 ἠθροί-

302 930 392 991 ςθη
443 927 552 979 τῶν
606 927 819 979 λεπτῶν
869 926 1178 991 κερματίων.
1252 926 1335 980 καὶ
1386 925 1832 993 κατακερματίζει·
1910 924 1911 927 ’

216 1020 271 1061 10
303 1010 579 1076 (ἐξήγαγεν
607 1009 665 1063 ἐκ
689 1012 781 1074 τῆς
808 1010 981 1075 ζώνης
1006 1011 1131 1064 τοὺς
1156 1014 1385 1077 χρυςοῡς
1413 1012 1712 1077 Δαρεικοὺς
1739 1028 1830 1065 κα·

301 1094 664 1161 τακερματίςαι
690 1094 863 1149 θέλων
888 1095 971 1148 καὶ
997 1096 1332 1149 διαλύςαςθαι
1361 1101 1437 1165 τῷ
1465 1097 1757 1150 πανδοκεῖ.’
1789 1142 1791 1145 ,

413 1180 639 1245 Κῆνςος,
697 1179 759 1231 τὸ
807 1178 1057 1245 νόμιςμα,
1115 1180 1320 1245 έτήςιον
1360 1179 1529 1234 τέλος.
1586 1180 1731 1246 παρὰ
1765 1178 1833 1234 τὸ
1912 1169 1917 1178 ’

299 1265 465 1318 καίνω
477 1305 490 1327 ,
523 1263 585 1317 τὸ
611 1263 808 1322 κόπτω.

413 1347 656 1402 Κοδάλου
681 1349 863 1415 χοῖνιξ.
895 1348 1148 1414 παροιμία
1168 1348 1254 1402 ἐπὶ
1273 1351 1384 1404 τῶν
1403 1347 1597 1415 μείζοςι
1621 1348 1830 1415 με’ῒβθῑ(

217 1439 271 1481 15
300 1432 657 1499 κεχρημένων.

413 1517 603 1582 Κόμμα.
657 1516 1066 1583 Ἀριςτοφάνης·
1105 1517 1265 1572 “ἕοικε
1292 1518 1349 1571 δ’
1372 1517 1509 1573 εἶναι
1538 1519 1637 1571 τοῦ
1662 1533 1830 1584 πονη-

303 1603 404 1666 ροῦ
429 1601 730 1666 κόμματος.’
770 1601 878 1655 ἀπὸ
905 1603 1215 1669 μεταφορᾶς
1245 1604 1356 1657 τῶν
1389 1602 1749 1668 νομιςμάτων,
1776 1601 1832 1657 ἐξ

302 1683 489 1747 ὀλίγου
545 1685 761 1751 χρυςίου
806 1686 1273 1751 ἀποκεκομμένων.
1352 1687 1468 1741 ἀντὶ
1514 1689 1613 1740 τοῦ
1663 1686 1831 1742 εἰπεῖν

303 1770 542 1836 ’φαύλου
575 1771 929 1836 ςυςτήματος.’
966 1801 1028 1809 -
1056 1771 1314 1837 Πονηρόν
1348 1771 1549 1838 κόμμα,
1589 1770 1621 1826 ὁ
1658 1786 1832 1837 παρα-

301 1854 623 1919 κεκομμένος
647 1855 897 1920 ἄργυρος.

415 1938 646 2004 Κοτύλη,
679 1939 710 1992 ὃ
737 1941 837 1994 νῦν
860 1941 1110 1993 καλοῡςιν
1136 1939 1423 2005 ἡμίξεςτον.
1463 1938 1610 2005 παρὰ
1635 1940 1698 1993 τὸ
1725 1937 1835 1993 ἐκεῖ

302 2025 495 2076 κεῖςθαι
523 2024 620 2088 τὴν
648 2023 796 2089 ὕλην.
845 2021 991 2077 εἶδος
1017 2023 1276 2089 ποτηρίου
1304 2023 1594 2090 ὁμωνύμου
1623 2027 1700 2092 τῷ
1737 2023 1831 2087 ἀγ-

301 2109 428 2174 γείῳ
459 2109 569 2160 τῶν
596 2107 804 2173 ὑγρῶν,
834 2107 908 2162 ῶς
935 2109 1117 2174 χοῖνιξ.
1154 2107 1237 2161 καὶ
1263 2105 1409 2162 εἶδος
1440 2108 1650 2173 μέτρου.

419 2309 457 2348 7.
489 2303 755 2359 κερματίων
783 2307 885 2348 τῶν
917 2318 1029 2348 corr.
1066 2305 1246 2347 Gronov.
1276 2318 1357 2359 pro
1387 2305 1578 2360 vulgato
1609 2316 1833 2358 κατακερ-

305 2375 611 2428 ματιώντων;
643 2376 805 2418 Bernlz.
829 2376 946 2418 coni.
965 2373 1396 2428 κεκερματιςμένων
1428 2376 1545 2429 quod
1575 2389 1667 2419 ree.
1690 2375 1831 2419 Beklc.

304 2448 343 2488 9.
385 2444 784 2500 κατακερματίζει]
838 2443 1225 2499 κατακερματίςαι
1274 2445 1411 2487 Beklc.
1560 2446 1626 2485 18.
1670 2441 1834 2496 ὀλίγου

304 2530 385 2569 pro
418 2515 531 2559 ὅλου
564 2529 677 2558 corr.
717 2517 850 2569 Toup.
883 2529 907 2557 e
940 2515 1084 2557 schol.
1118 2515 1176 2556 ad
1205 2514 1345 2558 Arist.
1377 2515 1498 2558 Plut.
1520 2515 1624 2556 863:
1658 2511 1829 2566 κόμμα,

306 2583 430 2627 εἶδος
481 2585 669 2638 φαύλου
718 2584 1012 2639 νομίςματος.
1071 2583 1179 2627 ἀντὶ
1215 2583 1265 2626 δέ
1301 2585 1388 2627 τοῠ
1441 2581 1592 2627 εἰπεῖν
1642 2581 1831 2635 φαύλου

305 2654 619 2710 ςυςτήματος,
669 2657 881 2710 πονηροῦ
932 2654 1172 2708 κόμματος
1218 2653 1369 2698 εἶπεν.
1429 2653 1610 2708 εἴρηται
1646 2651 1696 2695 δὲ
1734 2651 1829 2695 ἀπὸ

306 2726 574 2776 μεταφορᾶς
613 2728 714 2769 τῶν
753 2724 986 2778 κιβδήλων
1024 2723 1322 2777 νομιςμάτων
1361 2723 1433 2766 διὰ
1463 2723 1521 2765 τὸ
1554 2721 1714 2774 ὀλίγον
1745 2721 1829 2774 μὲν

304 2791 428 2844 ἔχειν
467 2795 659 2848 χρυςόν,
700 2794 897 2841 πλείονα
933 2794 982 2838 δὲ
1020 2794 1209 2848 χαλκόν.
1325 2791 1709 2846 ἀποκεκομμένου
1748 2793 1826 2836 ΑΒ

307 2862 500 2916 aliique,
541 2865 701 2906 Bernh.
820 2868 885 2909 23.
926 2867 1026 2908 τῶν
1064 2861 1243 2919 ὑγρῶν]
1285 2865 1355 2917 τῷ
1386 2862 1516 2918 ὑγρῷ
1548 2863 1686 2918 vulgo
1720 2866 1829 2906 ante

304 2931 444 2975 Bekk.
