1946 3220
5 767 15 777 ³*
3 694 24 758 ‘'3109
3 613 23 688 22⁴5-
24 363 35 373 v,

32 595 34 598 ·
35 515 38 517 v
30 430 42 443 ‘a
30 375 33 377 ’
30 347 33 358 *⁴
33 284 44 306 ·.·
42 266 46 267 ,

47 207 65 231 ;«
141 176 272 247 [107]
384 195 472 234 ‚Ex
507 168 882 234 ΕΤῩΜοιοοιοο
920 199 1099 235 MAGNO
1137 201 1426 238 EXOERPTA.
1559 185 1667 241 353

138 305 392 369 κληθῆναι
417 304 641 361 ςπάδιον
663 306 748 359 καὶ
773 307 997 362 ςτάδιον.
1045 309 1078 375 ἢ
1110 308 1190 362 ὅτι
1213 313 1576 376 τετραποδιςτὶ
1598 313 1667 367 τὸ

139 388 304 443 πάλαι
332 393 778 455 περιπατοῦντες,
813 393 942 456 μετὰ
967 393 1029 446 τὸ
1056 393 1333 459 εὑρεθῆναι
1356 395 1453 450 τὸν
1481 397 1664 463 Δημη-

138 473 354 539 τριακὸν
387 475 596 540 καρπὸν
630 473 938 541 ἀνέςτηςαν·
974 476 1058 530 καὶ
1094 478 1381 544 εὐρωςτίας
1415 479 1663 537 ἐπίδειξιν

30 572 53 610 .’
137 557 452 623 ποιούμενοι
484 558 688 625 δρόμον
722 559 1069 624 ἠγωνίζοντο.
1117 562 1203 616 διὰ
1235 563 1333 630 τὴν
1363 565 1535 618 ςτάςιν
1562 563 1662 620 οὖν

137 642 362 697 ςτάδιον.
416 642 487 698 εἰς
509 643 576 696 τὰ
601 644 785 709 ςχόλια
813 645 1103 712 Πινδάρου.
1692 664 1720 704 5

242 726 469 792 (τατήρ,
499 727 608 780 ἀπὸ
642 731 740 781 τοῦ
777 728 973 794 ἵςτημι,
1010 731 1204 795 ςτήςω·
1256 733 1340 784 καὶ
1375 734 1508 798 παρ’
1538 734 1661 798 ἡμῖν

134 809 220 864 ἐπὶ
251 813 348 864 τοῦ
383 811 702 878 νομίςματος
737 813 951 867 τίθεται·
1001 815 1053 868 οἱ
1093 817 1153 870 δὲ
1194 815 1404 881 ἀρχαῖοι
1441 816 1526 869 ἐπὶ
1563 819 1662 870 τοῦ

133 894 407 950 δανείζειν.
458 895 820 962 ὀβολοςτάτας
856 902 993 962 γοῦν
1029 900 1080 953 οἱ
1111 900 1330 953 Ἀττικοὶ
1355 901 1482 954 τοὺς
1508 899 1662 964 ὀλίγα

131 979 476 1036 δανείζοντας
500 981 692 1046 ἔλεγον
719 982 1100 1049 ὑπερβολικῶς.
1129 1007 1154 1036 *
1179 984 1210 1038 ὁ
1235 985 1294 1038 δὲ
1319 984 1514 1050 Ὦρος,
1545 1001 1662 1039 ςτα-

130 1064 227 1129 τὴρ
243 1064 305 1118 τὸ
327 1064 574 1131 νόμιςμα·
600 1066 709 1120 ἀπὸ
727 1070 824 1121 τοῦ
847 1067 1032 1133 ἵςτημι,
1057 1071 1154 1123 τοῦ
1181 1069 1503 1124 δανείζεςθαι
1528 1085 1661 1135 παρ·
1693 1082 1746 1123 10

130 1150 410 1213 ιςτῶντος,
444 1151 509 1204 τὸ
532 1151 755 1217 νόμιςμα
788 1153 854 1206 ἂν
880 1152 1072 1218 ἐῤῥήθη
1088 1193 1102 1216 ,
1130 1153 1162 1206 ὁ
1186 1153 1324 1218 πρὸς
1348 1155 1662 1218 δανειςμοὺς

129 1232 213 1286 καὶ
245 1231 529 1288 ἀποδόςεις
558 1235 855 1301 ἑπινοηθεὶς
879 1242 955 1306 τῷ
985 1237 1105 1304 βίῳ·
1147 1237 1272 1292 ὅθεν
1299 1238 1383 1290 καὶ
1410 1240 1661 1303 ςτατῆρες

130 1316 180 1370 οἱ
225 1319 506 1382 χρεῶςται·
554 1319 698 1374 οἷον·
747 1322 961 1374 *πολλοὶ
1005 1323 1280 1386 ςτατῆρες,
1325 1322 1659 1387 ἀποδοτῆρες

131 1399 255 1455 οὐδ’
282 1403 347 1456 ἂν
377 1402 504 1455 etc-⁹
533 1403 848 1469 Ἐπίχαρμος
874 1405 1162 1470 Προμαθεῖ.

237 1485 511 1552 (χοινίον,
545 1487 604 1540 ἐκ
642 1491 741 1540 τοῦ
778 1490 1017 1553 ςχοῑνος·
1055 1491 1219 1542 τοῦτο
1255 1490 1313 1542 ἐκ
1337 1492 1434 1542 τοῦ
1462 1492 1570 1555 ςχῶ
1593 1490 1657 1542 τὸ
1691 1501 1742 1540 15

126 1572 331 1636 κρατῶ·
365 1571 450 1625 καὶ
475 1572 857 1638 ςχοινοφόρος,
883 1573 941 1626 ἐκ
965 1575 1063 1626 τοῦ
1090 1575 1305 1639 ςχοῑνος
1329 1574 1414 1626 καὶ
1437 1575 1535 1627 τοῦ
1563 1574 1660 1639 φέ-

127 1670 235 1720 ρω·
259 1655 322 1709 τὸ
347 1656 409 1710 δὲ
434 1657 648 1722 ςχοῒνος
673 1657 866 1722 μέτρον
892 1656 997 1710 ἐςτὶ
1021 1658 1390 1723 γεωμετρικόν.
1429 1658 1661 1722 ςημαίνει

127 1739 272 1805 τρία,
306 1741 403 1804 τὴν
429 1740 571 1795 πόαν
598 1741 630 1805 ἢ
659 1742 859 1806 νομήν,
887 1742 963 1795 ὡς
989 1743 1052 1795 τὸ
1079 1742 1351 1796 “Ἀςωπὸν
1384 1742 1658 1808 βαθύςχοι-

19 1845 49 1886 ‘.
125 1826 263 1878 νον.’
314 1823 398 1877 καὶ
432 1824 627 1890 μέτρον
652 1826 948 1891 Περςικόν,
986 1827 1017 1879 ὃ
1045 1826 1191 1892 παρὰ
1224 1826 1453 1891 Πέρςαις
1487 1841 1658 1892 παρα-

126 1908 322 1974 ςάγγης
356 1909 593 1974 λέγεται,
630 1909 740 1963 ἀπὸ
775 1913 1104 1977 μεταφορᾶς·
1142 1911 1226 1964 καὶ
1250 1910 1282 1975 ἡ
1307 1914 1654 1975 κατευθυντη-
1684 1919 1740 1960 20
1801 1953 1814 1963 ,

124 1992 214 2058 ρία
239 1992 475 2047 κάθετος.
523 1994 609 2047 καὶ
632 1994 663 2048 ὁ
690 1996 984 2064 ψαλμῳδός
1009 2011 1158 2062 φηςι·
1203 1995 1319 2061 *τὴν
1344 1995 1526 2060 τρίβον
1552 2009 1656 2058 μου

124 2076 208 2130 καὶ
227 2078 324 2142 τὴν
346 2077 563 2143 ςχοῖνόν
584 2095 685 2143 μου
712 2081 771 2134 ςὺ
792 2080 1118 2145 ἐξιχνίαςας.’
1151 2079 1209 2133 ἐκ
1233 2080 1369 2142 γοῦν
1395 2082 1488 2144 τῆς
1515 2079 1655 2144 ςχοί-

123 2175 226 2215 νου
260 2164 358 2215 τοῦ
396 2166 654 2228 μετρικοῦ
678 2163 934 2230 ςπαρτίου
970 2165 1052 2218 καὶ
1086 2164 1152 2218 τὰ
1185 2162 1515 2230 μετρούμενα
1544 2164 1654 2215 τῶν

125 2244 342 2310 χωρίων
369 2247 704 2312 ςχοινίςματα
731 2249 950 2311 λέγεται.

231 2328 533 2385 Τάλαντον·
560 2332 794 2398 ’χρύςεια
818 2335 992 2398 πατὴρ
1015 2331 1238 2386 ἐτίταινε
1262 2331 1530 2384 τάλαντα.’
1568 2345 1652 2394 ςη-
1683 2339 1736 2379 25

124 2413 295 2479 μαίνει
319 2416 379 2470 δὲ
403 2416 671 2471 τάλαντον
697 2418 759 2470 τὸ
788 2418 970 2480 ζυγόν,
1000 2417 1144 2482 παρὰ
1169 2416 1231 2467 τὸ
1257 2414 1420 2468 ταίνω
1447 2412 1596 2477 ῥῆμα.
1626 2431 1650 2463 *

122 2495 390 2553 τάλαντον
419 2499 518 2554 οὖν
543 2501 576 2566 ἡ
603 2501 820 2567 ςτάθμη·
856 2502 938 2554 καὶ
973 2498 1315 2553 ταλαντεύειν
1347 2497 1410 2550 τὸ
1447 2495 1651 2559 ςταθμί·

123 2583 232 2637 Ζειν
257 2582 341 2636 καὶ
365 2586 716 2647 Ζυγοςτατεῖν.
768 2586 827 2639 ἐν
859 2584 1078 2653 Τιμαίῳ·
1105 2583 1222 2647 “τήν
1249 2582 1308 2635 δὲ
1333 2583 1433 2645 γῆν
1458 2582 1650 2634 ταλαν-

121 2667 386 2732 τουμένην
426 2667 726 2734 ἀνωμάλως
762 2670 979 2723 ςείεςθαι
1015 2668 1109 2733 μὲν
1154 2666 1252 2719 ὑπ’
1285 2665 1531 2719 ἐκείνων·
1578 2682 1649 2716 κι-

122 2750 392 2815 νουμένην
431 2753 490 2805 δὲ
524 2753 592 2806 αὖ
625 2753 786 2807 πάλιν
814 2753 989 2805 ἐκεῖνα
1016 2750 1205 2804 ςείειν.’
1234 2770 1257 2801 *
1285 2749 1463 2802 πολλὰ
1489 2747 1648 2814 εὗρον
1680 2759 1735 2798 30

124 2833 387 2896 ςημαίνειν
414 2836 513 2900 τὴν
540 2838 701 2891 λέξιν·
736 2837 768 2899 ἢ
795 2836 939 2899 παρὰ
964 2835 1027 2887 τὸ
1054 2835 1295 2898 μέγιςτον
1326 2833 1543 2898 χρυςίου
1568 2832 1649 2884 καὶ

236 2990 306 3034 14.
335 2988 579 3043 Προμηθεῖ
608 2990 744 3043 vulgo
778 2993 883 3031 ante
919 2989 1053 3042 Gaisf.

179 3083 360 3115 sempr.
393 3086 595 3118 amnon.
629 3086 663 3118 1.
1325 3056 1394 3110 23
