1946 3220
301 144 404 198 130
822 159 1210 196 rnonmoimnA
1231 159 1287 194 m

298 277 451 338 posita
473 281 557 322 est.
608 275 658 320 ln
682 276 828 334 prima
853 278 982 334 parte
1004 271 1185 318 brevem
1211 272 1466 332 ponderum
1489 272 1822 335 expositionem
1908 265 1917 273 ”

300 349 509 408 sequitur
532 344 710 405 cotylae
735 344 1054 404 minorumque
1087 355 1404 389 mensurarum
1429 343 1676 405 descriptio
1708 342 1825 403 (1—
1908 333 1946 405 [ἦ

298 416 385 475 10).
437 417 557 462 Idem
589 413 811 460 secundae
835 413 979 477 partis
1005 411 1221 473 (ll—15)
1258 419 1578 474 argumentum
1605 421 1698 473 est,
1734 417 1822 460 nisi

298 486 422 548 quod
456 485 606 532 omnia
642 484 689 529 in
715 484 897 530 brevius
934 490 1170 531 contracta
1206 490 1328 530 sunt.
1374 484 1579 546 Denique
1609 486 1656 530 in
1686 484 1822 531 tertia

294 562 424 618 parte
452 551 666 616 (16—18)
701 554 823 601 mina
859 554 1077 616 quaedam
1110 554 1186 600 XV
1222 555 1460 602 unciarum
1492 561 1538 601 et
1563 549 1821 616 δηνάριον

295 626 352 672 lV
376 624 681 687 scripulorum
707 625 974 672 afferuntur.

402 709 603 757 Primum
647 709 780 756 uncia
816 710 1062 756 secundum
1100 708 1351 770 legitimam
1387 711 1611 756 rationem
1649 710 1698 756 in
1732 710 1824 755 VIII

297 781 559 840 drachmas,
594 780 803 828 drachma
828 781 874 825 in
900 781 955 826 111
984 779 1183 841 scripula
1212 781 1304 826 sive
1329 779 1383 826 VI
1419 779 1582 826 obolos
1617 779 1824 826 dividun-

295 858 388 897 tur.
435 851 516 897 His
540 851 805 913 praemissis
825 845 1022 911 κοτύλη
1049 851 1346 912 reliquaeque
1372 864 1613 897 mensurae
1639 857 1685 896 et
1709 865 1824 912 pon-

295 921 401 968 dere
442 928 489 968 et
521 923 693 968 mutuis
731 921 851 968 inter
888 935 936 968 se
977 921 1231 968 rationibus
1270 920 1562 968 definiuntur.
1624 919 1824 976 Quarum

293 993 409 1040 hanc
434 993 573 1039 habes
600 992 780 1054 plenam
809 991 1034 1039 tabulam:

634 1087 829 1151 κοτύλη
1039 1095 1061 1135 1

637 1169 917 1236 ὀξύβαφον
1039 1180 1066 1219 2
1171 1178 1192 1218 1

634 1254 832 1307 κύαθος
1040 1262 1068 1304 6
1170 1262 1195 1304 3
1270 1263 1292 1303 1

634 1338 865 1404 μύετρον
1011 1348 1068 1387 24
1140 1346 1193 1386 12
1267 1347 1295 1386 4
1368 1346 1391 1386 1

631 1422 942 1488 κοχλιάριον
1013 1429 1070 1472 48
1141 1432 1197 1471 24
1269 1430 1297 1472 8
1369 1431 1396 1471 2

296 1524 431 1570 Vides
466 1524 577 1571 haec
615 1525 750 1586 plane
787 1540 890 1572 cum
917 1540 969 1572 ea
996 1517 1283 1587 expositione
1317 1539 1432 1586 quae
1460 1524 1507 1570 in
1535 1525 1733 1572 secunda
1758 1531 1827 1572 ta-

292 1595 401 1642 bula
421 1601 568 1641 exstat
584 1593 721 1657 (prol.
745 1595 774 1655 S
794 1592 866 1658 59)
893 1598 1150 1654 convenire,
1179 1610 1326 1657 eoque
1347 1609 1449 1642 esse
1474 1595 1828 1656 praestantiora,

295 1665 418 1726 quod
448 1671 494 1711 et
520 1680 660 1712 unum
696 1661 926 1726 μύετρον
957 1667 1182 1712 invenitur
1218 1673 1264 1712 et
1299 1665 1460 1713 siclum
1494 1668 1713 1713 omissum
1741 1673 1825 1713 est.

293 1736 489 1783 Eandem
514 1737 742 1783 minorum
766 1751 1085 1784 mensurarum
1113 1737 1313 1783 tabulam
1340 1737 1477 1782 etiam
1505 1744 1665 1785 auctor
1688 1732 1827 1797 Περὶ

294 1802 505 1867 μέτρων
533 1807 714 1854 exhibet
741 1807 788 1868 (S
816 1807 903 1867 86).

400 1892 659 1938 Ponderum
678 1900 830 1939 autem
856 1892 973 1939 ratio
1001 1908 1026 1938 a
1051 1891 1201 1953 cotyla
1225 1892 1299 1938 XII
1317 1893 1553 1939 unciarum
1579 1893 1823 1938 derivatur.

296 1961 412 2017 Quid
436 1962 552 2009 hoc?
579 1962 680 2008 Vini
704 1963 843 2010 habet
867 1963 1017 2023 cotyla
1044 1965 1200 2009 uncias
1222 1963 1276 2022 X,
1299 1963 1389 2008 olei
1414 1963 1490 2008 IX:
1520 1977 1690 2023 ergone
1714 1963 1827 2008 haec

293 2032 669 2080 veterinariorum
695 2034 847 2095 cotyla
881 2034 1025 2080 maior
1053 2033 1143 2079 fuit
1176 2047 1310 2094 quam
1346 2033 1546 2093 vulgaris
1582 2033 1827 2079 mensura?

216 2153 221 2158 Ι
293 2102 389 2164 Ego
414 2117 548 2161 vero,
580 2103 619 2149 si
641 2104 696 2150 de
714 2104 816 2165 lege
837 2106 1019 2166 quaeris
1038 2117 1235 2163 veraque
1254 2116 1439 2163 norma,
1461 2118 1606 2164 nego;
1634 2106 1672 2149 si
1692 2118 1827 2149 usum

297 2179 495 2234 spectas,
520 2174 735 2221 concedo.
795 2175 905 2221 Nam
929 2175 1127 2236 primum
1151 2174 1206 2220 de
1230 2174 1436 2234 legitimo
1464 2176 1560 2220 eius
1585 2188 1826 2220 mensurae

294 2244 430 2306 modo
459 2245 525 2290 sic
547 2243 785 2291 concludo.
839 2246 888 2290 In
919 2245 1118 2292 secunda
1152 2244 1408 2305 ponderum
1438 2251 1483 2290 et
1509 2258 1826 2290 mensurarum

298 2314 453 2361 tabula
478 2311 633 2360 eadem
662 2315 839 2377 cotylae
863 2316 1022 2362 divisio
1051 2322 1188 2376 atque
1218 2316 1263 2360 in
1290 2314 1376 2361 hac
1400 2315 1673 2376 hippiatrica
1696 2329 1827 2375 repe-

298 2385 438 2430 ritur:
466 2398 575 2446 ergo
596 2385 733 2432 huius
753 2385 929 2447 cotylae
947 2386 1109 2432 modus
1127 2386 1244 2431 idem
1265 2392 1401 2446 atque
1422 2385 1563 2431 illius.
1591 2385 1684 2430 Iam
1702 2385 1826 2431 illam

259 2505 262 2508 ‚
299 2455 494 2516 cotylam
537 2458 768 2503 semissem
815 2459 1025 2514 sextarii,
1063 2457 1106 2501 h.
1145 2470 1184 2502 e.
1227 2455 1476 2516 legitimam
1519 2456 1825 2502 Romanorum

298 2537 554 2571 mensuram
579 2541 681 2573 esse
709 2541 732 2573 e
759 2527 935 2588 reliqua
961 2526 1115 2573 tabula
1140 2525 1359 2573 efficitur:
1397 2528 1542 2588 igitur
1572 2526 1679 2572 huic
1713 2540 1826 2585 quo-

299 2607 388 2653 que
416 2598 791 2644 veterinariorum
815 2597 993 2659 cotylae
1019 2598 1211 2644 eundem
1244 2598 1429 2643 modum
1460 2596 1600 2642 tribui
1634 2609 1824 2642 necesse

301 2669 386 2709 est.

392 2734 602 2780 Attamen
639 2751 721 2796 per
743 2753 878 2785 usum
914 2739 1098 2786 illorum
1134 2738 1412 2784 medicorum
1447 2736 1579 2783 aliam
1621 2743 1824 2798 praeter-

299 2816 350 2849 ea
377 2805 731 2852 aestimationem
770 2810 1024 2856 obtinuisse
1059 2825 1112 2856 ex
1148 2810 1233 2855 hac
1267 2810 1366 2868 ipsa
1399 2807 1551 2853 tabula
1587 2820 1825 2868 cognoscl-

298 2887 414 2920 mus.
471 2873 617 2934 Supra
651 2876 705 2920 de
752 2881 1024 2926 metricis
1068 2881 1215 2926 unciis
1259 2879 1665 2924 demonstravimus
1710 2891 1822 2937 quas

298 2944 449 3005 cotyla
484 2945 676 2992 habebat
706 2946 777 2990 XII
809 2946 854 3006 (S
884 2950 970 3007 46).
1027 2950 1113 2996 Eae
1139 2950 1321 3010 quidem
1352 2951 1423 2995 hic
1475 2949 1823 2995 stathmicae
