1946 3220
275 141 378 178 XIV
857 138 1153 174 PRAEFATIO
1192 139 1247 172 IN

275 272 408 316 nam,
438 255 763 312 Basileensem,
798 253 1101 309 Neandream,
1139 250 1511 311 Stephanianam,
1546 253 1798 303 Charteria-

278 341 408 382 nam3
438 326 661 386 Nicapp.
690 332 758 371 est
782 321 989 369 Nicandri
1012 320 1162 367 Aldini
1187 322 1421 382 appendix.

380 400 577 442 67-70,
618 394 808 442 Tabulas
834 391 1121 438 Oribasianas
1154 392 1303 437 inveni
1337 393 1385 438 in
1410 394 1564 441 codice
1591 395 1795 443 Parisino

274 471 386 513 2243
417 467 513 526 (fol.
539 469 623 510 640
647 462 927 523 3.),,60116111
964 475 1056 522 quo
1089 461 1393 524 Du-Cangius
1421 478 1533 511 usus
1561 471 1633 512 est
1659 465 1795 527 (prol.

274 538 305 597 S
332 536 418 600 48).
469 537 546 582 Est
580 534 948 580 membranaceus
980 547 1069 579 sec.
1096 533 1189 579 XIV
1214 529 1284 594 (an
1310 533 1477 594 xlm),
1511 534 1796 597 elegantissi-

271 622 343 653 me
369 614 601 662 exaratus,
638 605 927 663 continetque
951 610 1059 662 post
1079 602 1311 649 Nicolaum
1335 604 1594 666 Myrepsum
1620 608 1701 653 has
1729 614 1794 655 ta·

270 676 399 722 bulas
425 676 675 736 ponderum
703 681 748 720 et
772 687 1100 719 mensurarum.
1149 674 1198 719 In
1229 674 1394 734 quibus
1421 677 1630 734 edendis,
1657 692 1792 738 quam

270 746 608 792 accuratissime
640 744 736 791 fieri
774 745 953 805 potuit,
989 744 1132 804 ipsam
1168 745 1338 791 codicis
1374 746 1645 807 scripturam
1671 748 1794 793 exhi-

268 816 365 864 bui.
417 816 525 862 Nam
557 816 769 861 Galeneas
797 814 975 875 quidem
1006 814 1198 874 tabulas,
1224 815 1302 861 ubi
1327 814 1454 862 nullo
1479 817 1633 864 codice
1659 831 1793 864 manu

270 888 440 948 scripto
467 887 534 932 uti
563 887 716 943 licuit,
744 887 806 931 ita
835 885 1073 931 emendare
1097 892 1287 932 conatus
1320 901 1446 945 sum,
1479 893 1533 933 ut
1559 902 1655 934 eam
1682 889 1793 934 scri-

266 964 446 1019 pturam
473 957 760 1003 restituerem
796 969 911 1016 quae
937 956 1147 1003 omnibus
1179 957 1355 1003 illarum
1383 957 1639 1004 tabularum
1669 959 1793 1005 codi-

268 1028 396 1075 cibus
431 1028 661 1088 antiquior
694 1033 837 1072 esset:
878 1033 923 1073 at
948 1021 1281 1074 in‘Oribasiana
1306 1027 1575 1075 collectione
1601 1029 1790 1088 edenda,

270 1113 368 1145 cum
394 1098 513 1145 bono
542 1098 695 1150 codice
721 1103 904 1156 uterer,
932 1098 976 1143 id
1003 1099 1226 1158 agendum
1252 1099 1367 1154 suit,
1400 1105 1452 1144 ut
1476 1113 1572 1145 63111
1597 1099 1809 1146 1011113111,

267 1168 547 1226 exhiberem,
581 1170 626 1214 in
658 1182 789 1229 quam
809 1169 987 1216 ,decimo
1013 1169 1109 1214 sere
1139 1167 1322 1216 saeculo
1348 1169 1594 1216 nonnullae
1630 1183 1683 1215 ex
1717 1169 1790 1215 his

264 1239 431 1285 tabulis
457 1240 663 1285 redactae
692 1253 792 1285 esse
817 1239 1041 1285 videntur.
1089 1239 1209 1285 Nihil
1235 1240 1379 1300 igitur
1401 1240 1490 1285 nisi
1518 1239 1790 1286 manifestos

266 1310 480 1370 quosdam
506 1310 799 1355 librariorum
825 1324 1008 1356 errores
1042 1309 1242 1357 correxi:
1280 1310 1483 1370 reliqua,
1519 1310 1694 1356 etiamsi
1723 1310 1788 1354 vi-

264 1381 383 1426 tiosa
408 1387 585 1439 essent,
614 1380 799 1426 servavi.
846 1381 1114 1427 Emendatas
1139 1382 1282 1441 igitur
1305 1394 1620 1426 mensurarum
1647 1380 1791 1426 ratio·

263 1463 343 1496 nes
379 1451 453 1511 qui
490 1450 643 1511 legere
675 1450 819 1508 volet,
863 1452 984 1498 adito
1022 1451 1237 1497 Galeneas
1281 1450 1483 1506 tabulas3
1529 1452 1606 1511 qui
1638 1456 1788 1497 autem
1830 1443 1841 1446 ”

264 1521 535 1582 scripturam
569 1522 729 1568 aetatis
761 1521 1033 1583 Byzantinae
1069 1536 1346 1582 cognoscere
1380 1521 1541 1607 malet,
1581 1522 1618 1566 is
1643 1520 1787 1580 legito

262 1592 372 1638 haec
397 1592 670 1639 Oribasiana.

369 1666 547 1707 71-77
576 1670 620 1709 61
645 1666 842 1708 78-80.
886 1663 1056 1719 Η3111111
1091 1662 1410 1711 collectionem
1442 1664 1644 1724 priorem
1671 1661 1789 1707 edidi

264 1746 287 1778 e
317 1733 468 1779 codice
493 1733 634 1779 Paris
662 1737 774 1779 2327
802 1732 897 1792 (sol.
925 1737 1009 1778 292
1035 1734 1116 1794 s.,)
1154 1735 1231 1794 qui
1264 1734 1463 1794 scriptus
1490 1739 1560 1779 est
1587 1733 1634 1777 in
1660 1731 1791 1778 Creta

263 1817 301 1848 a.
328 1806 454 1862 1486,
483 1804 670 1850 alteram
695 1819 719 1851 e
744 1805 886 1851 Paris.
911 1808 1023 1849 2275
1049 1803 1147 1863 (fol.
1175 1808 1197 1847 1
1228 1819 1262 1850 s.
1266 1803 1308 1863 ),
1337 1817 1469 1864 quem
1494 1800 1674 1848 Manuel
1700 1802 1789 1847 Ro-

264 1875 403 1919 satius
430 1877 623 1921 exaravit
647 1889 764 1921 anno
791 1878 917 1920 1467.
974 1874 1067 1924 Hae
1091 1875 1206 1921 duae
1233 1873 1528 1920 collectiones
1553 1870 1789 1930 reperiun-

264 1952 339 1989 tur
364 1945 498 1990 etiam
527 1947 574 1991 in
603 1947 703 1992 6011.
731 1948 846 1990 2329
876 1942 973 2007 (fol.
999 1940 1153 1988 216¹'s
1159 1941 1202 2002 .).
1254 1943 1463 2001 Scriptus
1491 1947 1562 1986 est
1586 1939 1662 1985 hic
1690 1938 1788 1998 ipse

265 2014 401 2060 codex
427 2030 561 2062 manu
591 2014 929 2077 elegantissima
957 2014 1136 2060 saeculo
1161 2013 1259 2067 XV,
1297 2012 1376 2057 sed
1402 2013 1448 2056 in
1474 2010 1562 2055 fine
1590 2006 1790 2069 plagulis

207 2131 213 2136 ,
262 2086 416 2144 paucis
445 2070 615 2132 relictis
642 2087 803 2146 aliquis
831 2087 897 2131 vir
921 2085 1082 2131 doctus
1110 2082 1292 2129 saeculo
1311 2081 1404 2126 XVI
1428 2080 1498 2125 vel
1525 2081 1660 2125 etiam
1679 2075 1791 2122 XVII

266 2155 528 2202 festinanter
562 2164 605 2201 et
642 2170 775 2217 quam
811 2155 1126 2201 minutissimis
1169 2154 1425 2198 litterarum
1466 2149 1676 2196 ductibus
1712 2146 1791 2192 ad-

266 2226 446 2285 scripsit
471 2227 664 2286 primum
691 2226 1005 2272 collectionem
1036 2224 1403 2285 Cleopatranam,
1432 2228 1527 2267 tum
1552 2233 1647 2265 eam
1677 2229 1791 2277 quae

263 2295 395 2341 nobis
423 2303 493 2342 est
518 2299 666 2342 tertia.
712 2296 834 2351 Quae
858 2299 945 2343 nos'
969 2302 1153 2357 praeter
1175 2295 1355 2340 initium
1380 2305 1473 2337 non
1499 2289 1790 2337 contulimus.

266 2365 471 2412 Ceterum
501 2368 545 2412 in
570 2367 641 2412 his
674 2367 1019 2414 collectionibus
1045 2365 1230 2414 edendis
1259 2363 1445 2410 eandem
1478 2362 1697 2408 rationem
1722 2370 1792 2403 se-

268 2437 359 2480 cuti
386 2451 542 2483 sumus
570 2452 700 2497 quam
728 2438 864 2484 modo
891 2438 946 2484 ad
971 2434 1149 2483 tabulas
1169 2434 1454 2481 Oribasianas
1479 2429 1790 2491 explicuimus.

372 2508 440 2551 81.
478 2506 794 2566 Fragmentum
820 2496 954 2567 Περὶ
980 2502 1187 2567 μέτρων
1213 2519 1267 2551 ex
1299 2501 1600 2549 Ambrosiano
1635 2497 1791 2544 codice

269 2573 338 2632 (N)
364 2575 502 2619 edidit
527 2576 668 2622 Maius
695 2593 739 2637 p.
769 2581 852 2622 155
880 2578 996 2637 (vide
1025 2591 1163 2637 supra
1190 2576 1242 2621 ad
1269 2574 1329 2634 4).
1385 2573 1481 2633 Ego
1509 2567 1682 2616 contuli
1711 2566 1794 2611 Pa-

268 2643 502 2690 risiensem
539 2649 648 2689 2475
688 2647 766 2692 fol.
796 2642 1039 2707 79¹³(P1’),
1087 2645 1484 2692 vindobonensem
1511 2638 1680 2701 philos.
1709 2637 1792 2682 309

269 2713 348 2761 fol.
374 2709 452 2758 79⁶
473 2711 568 2776 (V),
596 2715 906 2764 Monacensem
931 2721 1014 2763 165
1045 2716 1124 2764 sol.
1152 2711 1231 2761 69¹³
1257 2714 1348 2775 (M).
1378 2738 1439 2747 -—
1468 2711 1499 2770 S
1523 2713 1550 2755 3
1577 2711 1795 2767 corrupta

271 2797 371 2831 esse
396 2791 585 2845 apparet
613 2786 747 2831 verba
779 2784 981 2836 δυνατὰ
1006 2783 1181 2848 ἔχων,
1219 2786 1297 2832 11111
1325 2785 1518 2830 forsitan
1549 2779 1657 2825 olim
1684 2777 1795 2823 scri-

270 2861 398 2915 ptum
445 2855 581 2900 ruerit
620 2850 724 2903 ἔετι
766 2852 826 2903 δὲ
867 2852 899 2903 ὁ
942 2853 1201 2917 μετρητὴς
1253 2847 1466 2914 ἑλαιρὸε
1518 2842 1794 2907 δυνάμει

270 2922 449 2984 χοῶν
476 2919 552 2979 ις’.
579 2924 857 2986 Quamquam
877 2926 962 2972 alia
983 2929 1142 2973 suadet
1166 2926 1362 2972 Calvus'
1348 2938 1396 2970 111
1414 2920 1622 2968 versione
1637 2917 1793 2963 Latina
