1946 3220
9 878 27 907 75

8 670 27 755 ξ

8 799 25 863 ι,

573 141 907 208 {sommus
941 168 1202 205 ΒοΜΑΝοε.
1576 151 1644 204 41

2 287 4 293 ’
86 248 102 267 ⁴
136 298 253 346 quae
279 289 350 330 est
373 283 428 329 de
452 283 729 345 ponderibus
758 280 831 345 (sr.
854 282 954 344 95).
1003 249 1084 330 liic
1103 299 1245 345 pauca
1269 283 1506 330 admodum
1528 284 1647 345 apud

51 351 55 354 ’
132 353 409 401 ΕιιΙνιιῐιγεὼ
447 367 498 400 ea
532 353 675 400 [orma
711 356 842 415 qua'm
883 369 968 401 nos
1011 354 1232 401 edidimus
1273 349 1558 417 differunt¹)‚
1601 356 1647 400 in

133 425 297 486 quibus
335 424 600 485 gravissima
634 432 740 470 sunt
774 425 887 483 duo,
928 427 1118 486 primum
1157 425 1276 486 quod
1304 423 1422 472 Calvi
1450 419 1650 486 scriptor

133 495 179 555 (S
208 495 237 542 6
263 513 334 536 =
357 495 415 540 fr.
442 493 535 551 95,
566 493 614 554 5)
650 495 785 541 variis
825 495 1049 542 drachmis
1082 497 1128 541 in
1166 495 1460 542 Alexandrina
1498 494 1650 542 tabula

133 566 409 612 enumeratis
442 564 611 611 addidit
633 565 943 623 Deliacam,
981 573 1075 612 tum
1109 566 1229 626 quod
1265 567 1309 612 in
1335 565 1423 611 fine
1450 564 1499 625 (S
1526 565 1555 613 9
1579 581 1651 607 =

133 635 187 682 fr.
218 635 312 695 95,
341 632 388 696 8)
416 634 535 680 Calvi
573 635 687 681 liber
714 643 759 681 et
785 635 1017 682 nonnullis
1051 636 1323 697 corruptelis
1355 637 1521 682 vacavit
1553 636 1652 696 qui-

132 706 217 752 bus
253 705 415 766 reliqui
446 706 624 752 codices
658 705 866 752 laborant
902 714 946 752 et
984 707 1199 767 quaedam
1226 721 1315 752 non
1348 707 1511 753 iniuria
1538 706 1651 752 orni-

135 777 251 822 sisse
286 776 473 822 videtur.
549 775 670 832 Quae
713 778 798 822 iam
841 778 907 823 sic
942 777 1060 822 inter
1093 792 1141 823 se
1180 777 1468 824 conseramus
1507 783 1558 822 ut
1599 790 1652 822 ex

134 846 253 893 Calvi
277 846 653 907 interpretatione
677 846 843 893 Graeca
868 846 990 893 illius
1016 849 1255 908 scriptoris
1280 847 1414 893 verba
1440 847 1652 892 restitua-

132 931 232 962 mus
268 931 409 978 eaque
452 931 566 978 quae
601 919 645 963 in
674 917 969 963 Alexandrina
1006 917 1154 964 tabula
1186 918 1399 963 differunt
1424 918 1552 963 uncis
1585 917 1652 962 in-

134 987 258 1035 clusa
286 988 604 1048 adiungamus:
633 983 925 1048 Διαιρεῖται
950 984 1008 1035 δὲ
1030 983 1111 1051 [ἐκ
1129 983 1431 1048 περιουείαε
1451 983 1533 1034 καὶ
1552 987 1649 1032 add.

135 1052 228 1120 ΑΙ.]
274 1053 337 1105 τὸ
384 1052 637 1118 δηνάριον
687 1054 817 1106 κατὰ
858 1053 1151 1118 Ρωμαίουε
1197 1053 1268 1107 εἰε
1313 1053 1441 1118 μέρη
1488 1049 1653 1138 αρνβ’

134 1121 315 1191 [αενβ’
338 1123 456 1191 ΑΙ.]
496 1123 604 1188 ἔχει
627 1124 729 1188 γὰρ
754 1124 1016 1188 τροπαϊκὰ
1044 1123 1087 1189 β’
1112 1124 1261 1192 [μέρη
1290 1123 1354 1189 ιβ’
1382 1128 1448 1173 Al.
1451 1110 1500 1191 ],
1528 1122 1653 1177 νού-

135 1209 266 1257 μουε
291 1192 352 1257 δ’,
381 1193 596 1258 ἀεεάρια
620 1196 678 1247 δὲ
704 1192 780 1252 13'.
824 1194 854 1247 ὁ
883 1195 940 1247 δὲ
966 1198 1166 1258 νοῡμοε
1192 1194 1414 1257 οὐγγίαν
1444 1194 1550 1259 ἔχει
1574 1197 1654 1279 τῷ

135 1268 355 1349 (ταθμῷ.
429 1265 491 1316 τὸ
525 1266 584 1317 δ“ε
617 1264 863 1347 ἀεεάριον
902 1262 1170 1330 διαιρεῖται
1205 1281 1280 1318 ειε
1314 1282 1369 1317 τε
1403 1274 1435 1315 S
1476 1265 1559 1316 καὶ
1593 1260 1654 1324 γ”

134 1351 217 1386 και
246 1331 304 1386 δ”
333 1335 416 1386 καὶ
430 1333 501 1420 3'
527 1329 695 1399 καὶη”
723 1337 803 1388 καὶ
830 1334 889 1388 θ”
913 1333 1049 1387 καὶι’
1053 1331 1195 1403 ’[καὶ
1220 1334 1285 1387 ια’
1288 1334 1423 1385 'add
1451 1335 1542 1402 ΑΙ.]
1570 1333 1654 1385 καὶ

135 1403 212 1468 ιβ”
244 1404 347 1487 [καὶ
378 1402 455 1463 13''
489 1407 573 1458 καὶ
599 1405 662 1469 ιη’
711 1411 808 1456 add.
835 1406 927 1473 ΑΙ.]
955 1406 1038 1458 καὶ
1070 1404 1177 1469 κδ”,
1217 1406 1300 1457 καὶ
1326 1404 1418 1464 λς”
1452 1406 1535 1457 καὶ
1559 1397 1654 1468 μη”

136 1474 241 1542 [καὶ
266 1474 313 1538 μ’
362 1475 445 1527 καὶ
469 1475 514 1528 ν’
517 1474 647 1543 '.Al]
683 1493 765 1528 και
802 1474 908 1541 οβ”.
959 1477 1023 1528 τὰ
1060 1477 1118 1528 δὲ
1154 1477 1281 1540 μέρη
1321 1478 1487 1528 ταῦτα
1524 1474 1656 1528 ἰδίας

136 1545 421 1610 ὀνομαείαε
451 1544 559 1610 ἔχει
587 1547 732 1610 παρὰ
758 1562 869 1599 τοι(
893 1546 1172 1609 Ῥωμαίοις
1209 1548 1485 1607 λογιεταῑε.
1536 1549 1656 1596 Reli-

137 1634 223 1680 qua
250 1634 364 1681 quae
390 1621 479 1667 huc
501 1622 734 1682 pertinent
759 1636 896 1682 supra
925 1621 1220 1682 explicuimus
1249 1621 1295 1681 (ὃ
1325 1622 1423 1668 115
1452 1619 1599 1680 extu).

242 1705 289 1750 ln
326 1704 466 1750 altera
501 1712 630 1766 parte
661 1719 774 1766 quae
801 1706 1047 1766 respondet
1072 1706 1371 1752 Alexandrino
1399 1706 1653 1766 fragmento

136 1771 256 1834 περὶ
289 1770 496 1834 μέτρων
524 1775 626 1834 (81)
656 1783 839 1836 praeter
868 1776 1062 1822 leviores
1093 1776 1310 1837 quasdam
1338 1789 1410 1820 res
1437 1776 1555 1822 infra
1580 1775 1656 1820 ad-

137 1841 362 1903 notatas²)
388 1846 576 1891 maxima
602 1845 850 1892 differentia
879 1854 949 1892 est
976 1854 1083 1907 post
1112 1846 1245 1892 verba
1271 1841 1355 1893 καὶ
1380 1841 1444 1893 τὰ
1472 1840 1655 1905 ἐλαιρὰ
1741 1901 1745 1905 ᾖ

253 2053 298 2105 1)
331 2053 513 2094 Omittit
535 2052 669 2095 Calvi
701 2054 894 2108 scriptor
914 2054 1055 2095 verba
1084 2052 1142 2094 τὸ
1172 2052 1222 2095 δὲ
1251 2051 1302 2095 ἑν
1334 2049 1657 2104 Ἀλεξανδρείᾳ

138 2123 281 2164 usque
315 2110 372 2151 ad
401 2108 632 2162 τεεεάρειε
665 2109 729 2163 (p.
751 2114 830 2152 301
852 2123 920 2152 vs.
943 2110 1094 2161 3—9);
1127 2114 1219 2151 tum
1240 2110 1359 2150 idem
1381 2115 1484 2162 post
1513 2109 1658 2151 verba

138 2169 208 2220 τῇ’
233 2165 428 2219 Ἰταλικῇ
463 2169 553 2220 μνᾷ
581 2181 624 2220 p.
656 2168 735 2208 301
768 2179 837 2208 vs.
872 2168 923 2207 16
955 2166 1102 2206 addit.
1156 2179 1262 2220 quae
1302 2168 1502 2207 denarius
1532 2179 1656 2207 voca-

139 2230 224 2274 tur,
254 2224 426 2276 plurimi
454 2225 560 2263 enim
590 2237 696 2264 nunc
722 2223 820 2275 fere
851 2227 893 2263 in
924 2223 1107 2265 omnibus
1136 2223 1294 2264 Italica
1334 2228 1527 2266 utuntur,-
1564 2225 1658 2261 tum

138 2292 219 2345 pro
249 2279 403 2320 verbis
434 2293 478 2332 p.
508 2280 588 2320 301
626 2292 693 2322 νε.
724 2282 779 2321 20
820 2280 955 2320 editis
987 2277 1127 2320 πάλιν
1157 2277 1214 2319 τὸ
1243 2277 1429 2330 γράμμα
1459 2278 1658 2328 ψεμμῶν

138 2329 192 2386 γ’.
244 2334 270 2376 ὁ
301 2332 466 2386 θέρμος
497 2332 730 2387 κερατίων
762 2330 799 2400 β’
839 2335 973 2377 Calvi
1012 2336 1207 2388 scriptor
1237 2335 1401 2375 habuit
1431 2331 1570 2374 πάλιν
1600 2332 1659 2373 τὸ

139 2389 324 2443 γράμμα
354 2389 488 2444 (ἔχει)
520 2389 715 2444 θέρμους
745 2385 801 2445 γ’,
834 2391 860 2433 ὁ
891 2391 1055 2444 θέρμος
1088 2389 1276 2444 κεράτια
1308 2383 1358 2442 β,
1392 2390 1660 2439 quibuscum

141 2447 300 2489 confer
335 2445 479 2488 ve'rba
511 2460 538 2487 a.
569 2447 804 2489 Salmasio
835 2449 978 2489 citata
1018 2448 1057 2492 <1
1087 2462 1130 2501 p.
1163 2448 1240 2499 81,
1271 2447 1334 2495 11)
1376 2451 1421 2486 et
1460 2445 1660 2487 Parisini

139 2504 251 2545 libri
282 2505 553 2556 scripturam
586 2502 662 2556 (ad
691 2505 715 2546 1
744 2518 788 2558 p.
820 2507 900 2546 301
932 2518 998 2545 νε.
1034 2505 1125 2555 19);
1158 2503 1352 2554 denique
1385 2500 1518 2543 Calvi
1549 2501 1659 2542 scri-

139 2565 242 2614 ptor
265 2560 418 2602 omisit
436 2561 642 2614 proxima
663 2562 804 2602 verba.
826 2560 890 2602 ὡς
915 2559 1033 2603 εἶναι
1056 2564 1142 2602 cet.
1166 2558 1226 2612 (p.
1250 2561 1345 2608 301,
1370 2559 1579 2610 21-302,
1599 2557 1657 2608 2).

254 2631 299 2682 2)
342 2630 599 2683 Amphorae
640 2630 845 2672 definitio
885 2632 932 2671 in
970 2629 1103 2670 Calvi
1148 2628 1264 2670 libro
1302 2628 1464 2669 iisdem
1502 2628 1656 2670 verbis

142 2687 317 2740 scripta
348 2692 448 2727 erat
479 2699 596 2740 quae
628 2688 745 2729 citat
776 2686 1048 2728 Salmasius·
1087 2697 1130 2727 ν.
1161 2684 1249 2725 vol.
1281 2685 1303 2725 I
1333 2698 1377 2738 p.
1410 2685 1547 2735 81,1.
1606 2685 1660 2725 In

139 2742 453 2784 Alexandrina
482 2743 646 2785 tabula
675 2757 718 2796 p.
744 2745 840 2793 257,
864 2745 918 2784 25
939 2741 1068 2782 libris
1088 2740 1305 2781 traditum
1338 2744 1408 2781 est
1439 2739 1656 2792 βρόχουε;

142 2798 313 2841 Calvus
344 2803 496 2840 autem
527 2798 732 2851 πρόχους
763 2799 930 2864 legisse
961 2797 1155 2838 videtur.
1213 2797 1266 2841 P.
1287 2797 1384 2848 258,
1409 2799 1429 2837 1
1461 2797 1660 2838 Alexan·

142 2857 274 2897 drina
310 2854 471 2900 tabula.
508 2860 636 2898 recte
673 2854 729 2906 δὴ
771 2852 934 2905 κογγία
965 2853 1131 2906 habet,
1181 2853 1261 2894 ubi
1299 2851 1506 2904 δικογγία
1542 2853 1659 2907 legit

143 2911 326 2954 Calvus.
384 2911 530 2954 Paulo
569 2917 672 2966 post
709 2911 852 2953 verba
895 2923 1011 2963 quae
1044 2909 1164 2963 apud
1195 2909 1386 2951 Calvum
1416 2910 1658 2951 inveniun-

145 2972 218 3010 tur
245 2969 481 3009 sextarium
516 2982 617 3011 vero
654 2981 727 3009 seu
757 2973 910 3008 xesten
939 2967 1146 3020 Aeyyptit'
1174 2966 1326 3008 henion
1357 2967 1499 3007 dieunt
1528 2978 1657 3019 repe-
