1946 3220
347 153 415 206 96
869 162 1259 201 PROLEGOMENA
1280 165 1337 199 m
1890 0 1946 242 ἲ

349 286 528 339 stimes;
564 282 643 328 sed
666 283 821 342 potius
846 281 975 340 prior
1003 281 1066 325 ita
1090 278 1208 324 facta
1233 291 1331 324 esse
1357 278 1562 339 videtur,
1590 286 1642 325 ut
1668 281 1868 341 scriptor
1919 278 1946 342 Ῑῗ

349 355 445 400 eius
471 353 625 399 eodem
655 352 783 412 quasi
813 350 940 395 sonte
967 356 1103 410 atque
1128 348 1244 395 alter
1268 355 1501 407 uteretur⁷
1541 350 1621 400 sed
1655 351 1726 397 his
1753 365 1866 398 non-
1938 351 1946 364 ’·

347 424 472 470 nulla
496 437 579 483 pro
607 435 689 467 suo
719 420 907 467 arbitrio
941 420 1221 480 adiungeret.

450 494 649 553 Denique
674 492 720 536 in
740 491 827 536 fine
850 491 991 536 totius
1004 489 1321 536 Charteriaiiae
1333 490 1617 538 collectionis
1631 490 1865 553 (cap.XV1)
1926 527 1931 529 Α

345 564 491 610 addita
521 569 591 608 est
615 561 764 608 brevis
792 561 1009 622 quaedam
1036 561 1215 618 tabula,
1241 558 1365 622 ‘quae
1393 568 1437 606 et
1462 576 1512 608 re
1538 569 1584 609 et
1609 562 1706 609 fere
1731 564 1867 609 etiam

343 633 491 679 verbis
516 633 730 693 congruit
754 646 857 679 cum
882 631 1077 678 secunda
1102 638 1314 677 notarum
1341 631 1496 678 tabula
1522 631 1698 693 (1-7).

372 785 438 826 De
466 786 702 838 ponderum
731 785 898 826 ratione
929 786 974 824 in
1002 784 1190 824 secunda
1216 784 1452 835 ponderum
1481 789 1522 825 et
1551 798 1838 826 mensurarum

880 841 1020 882 tabula
1051 839 1167 893 (cap.
1206 838 1339 892 VII).

259 919 323 970 57
449 913 666 976 Sequitur
700 914 1041 961 Charterianum
1072 920 1209 974 caput
1240 913 1312 959 Vll
1349 913 1441 960 sive
1476 921 1635 960 nostra
1670 915 1868 961 secunda

346 984 497 1031 tabula
523 985 578 1031 de
603 985 883 1046 ponderibus
910 992 956 1031 et
982 985 1232 1042 mensuris,
1262 998 1378 1044 quae
1403 984 1668 1032 inscribitur
1691 980 1867 1034 ’Ἑκθε-

346 1067 419 1102 (ιε
446 1051 567 1116 περὶ
594 1054 836 1116 σταθμῶν
861 1050 944 1103 καὶ
969 1051 1175 1116 μέτρων
1202 1049 1553 1116 ἀκριβεετάτη.

447 1126 591 1172 Huius
621 1133 839 1187 quattuor
869 1127 1021 1187 partes
1054 1126 1312 1172 discernere
1337 1126 1469 1185 licet,
1503 1141 1694 1187 quarum
1721 1128 1866 1187 prima

343 1197 594 1256 ponderum
619 1198 817 1242 tabulam
843 1199 1048 1244 continet
1080 1192 1279 1256 (l—ll).
1330 1196 1391 1242 Ea
1424 1211 1615 1257 prorsus
1652 1197 1706 1243 ad
1743 1198 1867 1243 simi-

342 1267 577 1312 litudinem
603 1267 958 1314 Heronianarum
983 1266 1239 1314 tabularum
1269 1269 1522 1328 composita
1550 1275 1634 1313 est.
1682 1268 1790 1314 Nam
1815 1274 1868 1314 ut

342 1337 435 1383 illic
461 1353 485 1384 a
511 1337 682 1396 digito,
710 1338 771 1384 ita
797 1338 870 1385 hic
894 1339 1073 1384 initium
1097 1338 1148 1383 fit
1172 1351 1196 1382 a
1220 1337 1408 1398 siliqua,
1433 1337 1620 1384 minimo
1647 1339 1865 1399 pondere,

343 1421 456 1468 quae
483 1404 650 1467 μονάς
673 1417 863 1455 vocatur
880 1404 927 1471 ¹).
975 1409 1087 1454 Tum
1115 1414 1242 1454 certo
1272 1409 1429 1454 ordine
1461 1409 1631 1455 maiora
1659 1423 1866 1469 quaeque

340 1478 542 1538 pondera
577 1492 630 1524 ex
671 1479 902 1539 prioribus
937 1479 1193 1540 quibusque
1230 1478 1532 1539 definiuntur,
1570 1486 1622 1526 ut
1649 1479 1811 1526 obolus
1841 1494 1867 1526 e

343 1547 523 1608 siliqua,
553 1549 803 1610 scripulum
831 1564 883 1595 ex
910 1548 1067 1608 obolo,
1097 1556 1247 1596 cetera
1274 1550 1430 1595 eodem
1455 1551 1607 1596 modo.
1660 1550 1747 1597 Sed
1771 1564 1864 1597 uno

342 1619 445 1665 loco
474 1633 604 1665 error
629 1619 766 1678 latet,
798 1621 925 1666 cuius
953 1621 1087 1681 culpa
1112 1620 1299 1666 librario
1327 1620 1484 1679 alicui,
1522 1635 1613 1667 non
1647 1621 1864 1682 scriptori

341 1689 546 1747 tabulae,
581 1691 850 1750 assignanda
876 1697 962 1738 est.
1011 1691 1119 1736 Nam
1155 1706 1256 1737 cum
1286 1691 1522 1737 drachmae
1548 1691 1747 1752 scripula
1778 1692 1867 1738 tria

342 1759 602 1806 tribuantur
626 1761 714 1819 ita,
748 1769 799 1807 ut
824 1762 885 1807 sit
909 1761 1051 1807 librae
1076 1776 1180 1822 pars
1215 1764 1506 1822 nonagesima
1534 1769 1683 1821 sexta,
1711 1763 1865 1808 eadem

341 1831 552 1876 drachma
577 1846 678 1877 cum
704 1846 787 1878 suo
815 1833 1058 1878 semisse
1086 1847 1176 1878 non
1204 1839 1356 1894 potest
1383 1833 1563 1879 efficere
1590 1828 1863 1894 δηνάριον,

343 1901 463 1961 quod
497 1915 582 1961 pro
620 1905 953 1963 septuagesima
993 1903 1189 1950 secunda
1218 1911 1346 1964 parte
1382 1903 1525 1949 librae
1553 1911 1862 1965 computatur,

341 1972 419 2017 sed
446 1971 489 2016 itl
514 1967 768 2033 δηνάριον
794 1973 1002 2020 drachma
1042 1988 1144 2019 cum
1172 1989 1254 2020 suo
1282 1975 1449 2020 triente
1476 1973 1645 2021 efficiat
1676 1988 1863 2020 necesse

341 2048 425 2124 es't.
481 2041 777 2089 Scribendum
813 2044 957 2103 igitur
983 2041 1041 2106 (5)
1077 2040 1139 2091 τὸ
1176 2039 1430 2104 δηνάριον
1466 2041 1702 2104 δραχμὴν
1739 2040 1861 2103 μίαν

339 2123 372 2168 γ
427 2111 488 2170 (h.
516 2126 554 2157 e.
586 2109 617 2160 Γ
643 2128 727 2174 pro
755 2109 791 2162 C
819 2121 927 2161 nota
952 2115 1188 2177 semissis).
1240 2116 1329 2160 Iam
1357 2115 1504 2161 omnia
1531 2115 1716 2176 egregie
1742 2116 1864 2161 inter

340 2196 388 2228 se
414 2191 697 2243 congruunt,
734 2185 1109 2245 quemadmodum
1133 2185 1243 2232 haec
1272 2185 1421 2231 tabula
1448 2186 1606 2231 docet:

550 2277 765 2342 κεράτια
864 2285 890 2327 3
935 2283 1069 2328 habet
1111 2278 1333 2344 ὀβολός,
1382 2286 1494 2328 1728
1537 2283 1651 2329 libra

550 2347 783 2413 ὀβολούς
865 2358 891 2397 2
963 2379 1033 2387 —
1103 2349 1338 2414 γράμμα,
1410 2357 1495 2399 576
1562 2379 1622 2387 -

456 2517 496 2567 1)
531 2517 736 2571 Siliquae
769 2518 1022 2572 appellatio
1053 2523 1240 2573 praeter
1271 2518 1486 2572 κεράτιον
1509 2519 1698 2561 affertur
1720 2521 1861 2562 etiam

340 2569 551 2624 κόκκιον,
599 2587 716 2627 quae
748 2575 930 2628 quidem
960 2589 1047 2616 vox
1081 2576 1138 2616 ad
1167 2575 1405 2629 vulgarem
1436 2589 1688 2618 sermonem
1719 2578 1861 2631 perti-

341 2639 450 2667 nere
483 2628 650 2669 dicitur
679 2629 945 2684 (ἰδιωτικῶς
977 2631 1269 2685 λεγόμενον).
1333 2631 1510 2674 Κόκκοε
1550 2634 1671 2686 apud
1708 2634 1860 2675 Hero-

342 2682 495 2722 dotum
528 2683 586 2736 (4,
610 2687 707 2738 143)
741 2692 809 2728 est
838 2688 1031 2730 nucleus
1062 2690 1170 2729 mali
1191 2691 1358 2730 Punici
1380 2688 1733 2743 (Granatapsel):
1763 2694 1860 2731 tum

341 2738 462 2790 apud
491 2740 693 2781 medicos
731 2745 959 2785 variorum
998 2746 1225 2786 fruetuum
1265 2758 1409 2799 grana
1440 2744 1601 2787 κόκκοι
1631 2746 1860 2799 appellari

341 2794 504 2835 solent.
553 2795 628 2836 Sic
662 2799 798 2838 etiam
829 2800 915 2841 hoc
946 2801 1046 2842 loco
1079 2802 1274 2842 alicuius
1306 2801 1485 2842 fruticis
1517 2802 1757 2854 granulum
1787 2803 1857 2842 in-

339 2849 651 2904 tellegendum
684 2857 771 2902 est,
805 2868 890 2907 quo
922 2858 1095 2898 minimi
1125 2858 1341 2912 ponderis
1371 2857 1472 2899 loco
1503 2859 1765 2901 utebantur.
1801 2859 1859 2900 In

340 2905 598 2960 fragmento
636 2906 755 2960 Περὶ
787 2910 970 2962 μέτρων
1004 2912 1045 2964 (ξ
1076 2916 1130 2956 86
1163 2914 1294 2967 extr.)
1333 2912 1494 2956 κόκκοι
1532 2915 1703 2969 piperis
1741 2919 1858 2957 tam-

341 2974 475 3015 quam
506 2963 735 3004 minimum
764 2967 940 3019 pondus
972 2969 1237 3012 afferuntur.
