1946 3220
582 118 902 155 SCRIPTORES
938 118 1193 154 GRAECOS.
1576 116 1655 154 XV

127 241 342 287 maiorem
371 236 575 283 lacunam
602 236 646 280 in
669 233 832 280 Graeca
858 234 1082 295 scriptura
1111 245 1212 279 esse
1231 234 1448 281 indicans.
1490 233 1575 280 Sed
1601 235 1656 281 de

126 311 198 356 his
227 310 273 354 in
306 306 450 354 altero
474 304 700 352 volumine
726 318 959 364 exponam.
1012 302 1135 359 Quae
1161 304 1316 350 eodem
1346 305 1450 351 loco
1479 306 1655 352 correxi

129 375 160 428 ὁ
187 375 368 439 μόδιος
404 371 607 433 ἑκτεύε,
647 382 691 421 et
718 375 747 434 S
778 379 801 418 7
831 369 861 421 ὁ
890 371 1021 434 χοῦς
1046 369 1110 422 τὸ
1140 368 1415 426 ἑξάξεετον
1442 371 1655 436 μέτρον,

128 464 178 496 ea
218 456 377 511 postea
415 448 503 493 vidi
544 444 831 507 comprobari
876 446 1147 491 auctoritate
1188 447 1415 493 versionis
1456 445 1654 492 Latinae.

125 521 324 580 Denique
369 518 523 564 eadem
558 518 671 563 viam
719 516 1045 562 demonstravit
1078 516 1133 562 ad
1167 516 1341 577 reliqua
1371 516 1505 563 verba
1542 530 1657 577 quae

127 592 156 651 S
186 596 219 634 7.
242 590 460 649 leguntur
487 587 776 634 emendanda.
828 586 892 632 lbi
920 586 968 632 in
998 585 1231 632 codicibus
1260 587 1553 633 inveniuntur
1573 600 1656 633 nu-

124 661 237 707 meri
276 653 383 725 QO'
414 667 459 705 et
487 652 630 717 2516,
666 660 712 704 in
740 657 904 718 quibus
932 655 1204 717 explicandis
1231 657 1308 703 diu
1333 658 1505 703 frustra
1532 656 1658 703 labo-

126 731 232 777 ravi.
282 730 368 789 Sed
395 729 628 776 recordari
658 727 873 774 debebam
900 726 1040 772 librae
1070 734 1223 773 notam
1244 724 1315 778 Ην
1342 740 1476 788 saepe
1503 729 1658 789 negle-

125 802 305 862 gentius
331 802 395 846 ita
425 801 626 857 exarari,
664 806 715 844 ut
741 796 960 844 numerali
990 792 1056 859 ’λ
1090 797 1251 844 similis
1286 799 1461 844 existat.
1520 798 1656 845 Recte

126 874 267 932 igitur
292 870 336 915 in
363 874 574 916 versione
599 870 755 915 Latina
781 869 835 914 IX
861 875 906 914 et
932 868 1006 914 XV
1043 867 1236 915 librae
1265 883 1506 931 expressae
1534 876 1654 915 sunt.

126 941 250 988 Unde
276 941 408 988 facile
436 941 522 987 suit
549 940 723 1000 reliqua
751 947 872 986 certa
899 939 1078 985 ratione
1102 940 1355 986 emendare.

229 1014 296 1058 82.
336 1012 555 1072 Excerpta
589 1025 642 1057 ex
668 1010 903 1071 Epiphanii
930 1010 1049 1055 libro
1074 1010 1129 1056 de
1156 1013 1381 1056 mensuris
1407 1025 1459 1058 ac
1484 1011 1658 1071 ponde·

123 1083 269 1140 ribus,
302 1097 404 1129 cum
434 1082 564 1128 libris
591 1096 726 1128 manu
750 1081 931 1141 scriptis
957 1081 1023 1129 uti
1052 1094 1145 1126 non
1169 1081 1356 1139 liceret,
1381 1081 1577 1141 repetita
1604 1095 1657 1127 ex

102 1153 290 1217 ⁴Petavii
317 1153 514 1199 editione
548 1154 711 1213 partim
741 1153 1030 1207 coniectura,
1073 1154 1237 1212 partim
1265 1166 1318 1198 ex
1344 1151 1551 1198 versione
1575 1152 1657 1198 La-

126 1224 217 1270 tina
236 1222 520 1283 reliquisque
540 1223 637 1269 eius
659 1228 880 1269 tractatus
901 1222 1076 1278 formis,
1098 1230 1315 1281 quantum
1334 1223 1486 1283 potui,
1507 1218 1658 1269 emen-

123 1293 236 1339 davi.
286 1293 615 1339 Dindorfianam
644 1300 794 1339 autem
828 1292 1028 1339 eiusdem
1053 1291 1195 1338 libelli
1224 1293 1496 1351 editionem,
1541 1307 1656 1353 quae

121 1365 382 1423 nuperrime
417 1364 611 1424 prodiit,
658 1370 819 1424 postea
853 1364 1030 1409 demum
1067 1364 1220 1424 accepi
1253 1377 1386 1424 quam
1422 1365 1533 1410 haec
1566 1364 1655 1409 mei

121 1433 227 1479 libri
268 1449 372 1494 pars
409 1435 541 1495 typis
577 1448 789 1494 expressa
825 1442 908 1480 est.
968 1432 1089 1494 Ergo
1125 1434 1198 1480 hic
1232 1442 1277 1480 et
1313 1448 1365 1481 ea
1401 1434 1656 1480 adnotanda

124 1511 230 1550 sunt
269 1518 383 1565 quae
421 1519 551 1552 secus
588 1505 808 1565 leguntur
845 1505 965 1565 apud
1002 1504 1051 1549 G.
1087 1504 1394 1563 Dindorfium,
1434 1511 1481 1551 et
1520 1518 1655 1566 expo-

121 1575 342 1634 nendum‚
370 1589 483 1636 quae
510 1578 608 1636 ipse
630 1576 888 1636 quibusque
908 1576 962 1622 de
984 1575 1133 1621 causis
1162 1577 1433 1622 novaverim.
1482 1576 1532 1621 P.
1554 1577 1654 1632 259,

121 1648 187 1689 12.
216 1640 575 1706 ὑπεεχόμεθα,
613 1647 783 1693 Petavii
809 1646 1145 1706 coniecturam,
1183 1647 1358 1708 recepit
1380 1647 1461 1693 Di.
1487 1672 1558 1680 —
1584 1649 1655 1690 22.

118 1711 409 1764 τοεούτου(
444 1732 527 1777 pro
559 1712 833 1765 τοεούτων
860 1724 962 1763 ante
996 1731 1067 1763 me
1096 1718 1294 1763 correxit
1316 1717 1407 1772 Di,
1446 1718 1655 1778 idemque

119 1799 185 1829 vs.
211 1789 269 1829 24
292 1783 583 1836 τοεούτουε
610 1803 695 1849 pro
722 1786 954 1836 τοεαΰτα
985 1788 1159 1834 suadet.
1189 1813 1249 1821 --
1281 1791 1350 1834 23.
1378 1782 1560 1849 βάδων
1589 1787 1656 1833 De·

121 1860 167 1895 et
205 1854 270 1898 sic
302 1868 387 1914 per
422 1856 453 1902 δ
488 1858 659 1917 ubique
693 1857 808 1916 (vide
840 1865 988 1904 tamen
1018 1858 1136 1903 infra
1168 1858 1336 1905 variam
1378 1859 1652 1919 scripturam

120 1921 173 1965 ad
198 1935 242 1981 p.
269 1925 371 1980 260,
396 1923 481 1985 25).
508 1949 571 1957 -
593 1928 640 1970 P.
669 1930 770 1984 260,
798 1933 825 1970 2
849 1923 1011 1987 κὰβο(
1038 1943 1122 1988 pro
1149 1923 1315 1988 κάμοί
1340 1929 1429 1976 iam
1456 1928 1650 1989 Scalige-

118 2004 218 2036 rum
266 1993 570 2040 emendavisse
610 1996 795 2042 adnotat
833 1997 913 2044 Di.
987 1998 1152 2044 Notum
1188 2006 1259 2044 est
1295 1998 1495 2046 litteram
1535 1997 1565 2059 β
1605 2000 1651 2045 in

121 2060 277 2108 multis
304 2063 531 2110 veteribus
562 2065 691 2112 libris
728 2068 790 2113 ita
818 2067 922 2115 duci
957 2069 1131 2127 solere,
1169 2076 1222 2115 ut
1246 2084 1270 2116 a
1297 2082 1332 2130 μ
1357 2070 1555 2117 discerni
1581 2070 1652 2115 vix

120 2128 314 2192 queat¹).
365 2133 422 2180 Ut
458 2135 617 2196 fragm.
646 2140 727 2194 84,
758 2140 786 2182 8
824 2144 936 2185 extr.
977 2134 1144 2199 κάμοί
1177 2140 1314 2187 habet
1347 2141 1488 2187 codex
1522 2142 1652 2196 2031,

118 2207 164 2247 at
188 2210 312 2251 recte
334 2199 498 2265 κάβοε
523 2207 622 2252 cod.
651 2211 778 2254 2361.
830 2208 886 2255 Et
909 2211 955 2255 in
977 2210 1160 2271 antiqua
1186 2211 1394 2258 versione
1414 2211 1650 2273 Epiphanii

116 2270 275 2319 Latina
300 2276 346 2320 in
375 2277 473 2322 cod.
503 2277 642 2324 Vatic.
669 2281 783 2323 3852
807 2281 1026 2341 scriptum
1049 2282 1145 2329 suit.
1163 2282 1328 2340 Canus,
1357 2283 1577 2344 priusque
1602 2296 1650 2343 ιι,

120 2342 163 2387 id
202 2351 272 2390 est
309 2344 362 2404 β,
404 2354 661 2394 correctum
702 2350 749 2396 in
788 2345 842 2397 Β.
868 2376 938 2386 --
962 2354 1030 2396 12.
1062 2347 1241 2416 χορία]
1275 2348 1433 2413 χοιρία
1470 2352 1559 2411 Di,
1598 2359 1651 2397 ut

119 2412 280 2473 vulg03
306 2415 414 2461 item
441 2419 507 2463 17.
535 2413 639 2465 εἰει.
673 2444 730 2452 —-
762 2425 832 2467 25.
859 2424 927 2466 26.
955 2422 1100 2482 Vulgo
1127 2422 1299 2482 legitur
1320 2420 1530 2470 δώδεκα
1557 2417 1649 2483 βά-

119 2480 246 2541 θου,
284 2492 330 2529 et
352 2485 564 2546 Dindorfii
598 2490 737 2536 codex
762 2491 778 2535 1
815 2491 951 2537 habet
987 2484 1050 2552 ιβ’
1076 2488 1271 2552 βάδου,
1307 2494 1340 2538 Β
1367 2485 1430 2553 ιβ’
1458 2487 1649 2553 βάθους

119 2552 216 2611 ipse
242 2554 497 2601 Dindorfius
527 2557 666 2604 edidit
693 2555 756 2618 ιβ’
780 2556 974 2620 βάδων.
1028 2562 1112 2608 Sed
1140 2570 1328 2623 apparet
1357 2558 1518 2623 βάθος
1540 2564 1649 2610 scri-

117 2621 311 2670 bendum
350 2639 450 2671 esse
483 2627 618 2687 idque
643 2631 872 2688 pertinere
904 2633 958 2678 ad
984 2633 1186 2692 proxima
1221 2629 1307 2680 καὶ
1341 2632 1514 2693 τοῦτο,
1543 2635 1647 2691 etc.‘‚

234 2801 275 2851 1)
308 2803 442 2846 Hanc
472 2805 660 2849 litterae
693 2807 719 2859 β
749 2810 941 2852 formam
980 2811 1243 2867 significavi
1281 2815 1422 2855 etiam
1453 2815 1500 2855 in
1530 2814 1645 2867 prol.

119 2855 144 2904 ἓ
178 2858 282 2923 108,
322 2860 403 2900 ubi
446 2875 548 2904 cum
580 2876 610 2914 μ
643 2879 905 2919 expressum
935 2869 1017 2922 sit,
1056 2882 1147 2911 non
1183 2871 1332 2925 ipsum
1363 2882 1396 2922 μ,
1426 2870 1645 2911 exhibere

117 2912 264 2965 volui,
306 2917 386 2957 sed
418 2919 614 2961 similem
645 2923 780 2964 istam
812 2924 1006 2967 formam
1036 2938 1174 2979 quam
1211 2927 1330 2979 dixi,
1362 2928 1430 2967 sic
1462 2927 1563 2967 fere
1592 2939 1641 2968 ιι.
