1946 3220
549 136 876 171 scmp'romzs
909 137 1171 172 GRAECOS.
1554 123 1622 175 79

187 251 275 296 Iam
310 264 416 297 vero
451 252 731 312 posteriores
767 250 956 309 medici,
994 253 1071 312 qui
1108 265 1193 312 pro
1227 253 1374 299 Attica
1410 254 1619 301 drachma

91 321 287 368 Romana
325 320 401 368 illa
439 335 552 382 quae
581 327 652 366 est
677 326 831 367 octava
859 323 1016 368 unciae
1056 336 1162 383 pars
1186 324 1252 369 uti
1277 325 1621 371 consuevissent

0 417 3 420 >
90 399 224 453 atque
248 392 302 438 ad
327 392 416 437 vini
442 391 509 437 vel
536 405 704 452 aquae,
734 405 822 437 non
853 392 958 450 olei,
986 393 1163 453 pondus
1192 393 1313 440 illam
1342 394 1619 441 aestimatio·

0 471 10 493 2
87 475 187 508 nem
228 469 515 520 revocarent,
553 461 597 506 in
640 464 740 507 eum
780 476 982 508 errorem
1019 464 1299 524 inciderunt,
1337 471 1389 510 ut
1423 465 1617 513 Atticam

0 553 1 556 ¹
40 543 42 545 ’
88 531 282 593 cotylam
311 546 402 578 uno
430 533 676 593 quadrante
697 533 917 578 minorem
943 546 1043 579 esse
1069 548 1201 595 quam
1217 535 1459 582 Romanam
1479 537 1618 582 hemi-

0 642 3 643 .
87 618 188 649 nam
225 599 598 662 existimarentss).
652 602 744 658 Qua
773 603 952 663 quidem
977 605 1022 649 in
1050 606 1265 664 opinione
1292 605 1483 652 firmiter
1507 607 1617 653 insi·

3 676 6 678 ’
88 681 206 720 stere
241 673 458 720 Galenum
485 673 726 734 permultis
752 688 776 720 e
802 673 914 720 locis
943 672 1298 735 cognoscum-⁹).

0 830 9 869 .’
92 826 266 880 Reliqua
298 828 500 879 deinceps
528 839 616 866 cum
647 827 699 866 de
731 828 828 866 aliis
849 827 966 879 apud
988 827 1186 867 Galenum
1216 829 1419 868 mensuris
1451 834 1531 868 tum
1562 830 1614 869 de

680 895 811 924 cornu
843 884 1020 924 oleario.

189 970 489 1028 Ponderibus,
515 977 565 1016 ut
591 972 674 1016 iam
701 969 1069 1030 significavimus,
1088 970 1282 1017 Galenus
1310 973 1406 1032 ipse
1429 972 1610 1018 omnino
1633 968 1696 1016 46

0 1044 3 1052 '
85 1041 297 1086 Romanis
335 1041 506 1099 utitur,
556 1040 696 1098 libra,
731 1041 890 1099 uncia,
929 1041 1138 1087 drachma
1179 1041 1271 1088 sive
1309 1039 1495 1088 denario
1535 1043 1611 1103 qui

0 1103 4 1162 Ξ
34 1151 36 1153 ,
87 1119 156 1158 est
182 1119 335 1158 octava
361 1126 466 1173 pars
495 1112 653 1158 unciae
668 1108 711 1171 ¹).
746 1111 832 1157 Sed
859 1111 974 1157 alios
999 1112 1109 1158 dicit
1128 1113 1305 1158 unciam
1331 1120 1409 1159 aut
1436 1121 1605 1174 septem

5 1235 8 1239 ⁴
84 1183 306 1228 drachmis
335 1190 411 1228 aut
441 1190 615 1243 septem
642 1189 688 1228 et
713 1183 900 1228 semisse
940 1183 1177 1228 aestimare
1210 1182 1282 1241 (sr.
1307 1183 1407 1243 44),
1445 1184 1609 1244 quibus

0 1250 8 1255 ”
86 1254 138 1298 de
166 1253 420 1299 rationibus
447 1253 610 1313 partim
639 1267 774 1313 supra
803 1252 996 1298 diximus
1027 1250 1072 1313 (ss
1100 1250 1199 1315 41),
1233 1254 1397 1313 partim
1422 1256 1613 1314 posthac

0 1323 4 1327 ’
84 1324 284 1370 dicemus
318 1321 362 1384 (S
392 1327 482 1385 71).

224 1394 339 1439 Mina
378 1407 425 1439 ea
455 1396 520 1440 uti
556 1393 674 1439 solet
712 1407 826 1454 quae
862 1400 1042 1440 constat
1066 1393 1096 1439 C
1122 1395 1346 1441 drachmis
1373 1394 1612 1442 Ptolemai-

83 1466 146 1512 cis
181 1468 274 1511 sive
310 1465 519 1511 Romanis
559 1463 606 1523 (3
633 1464 733 1524 67),
776 1479 907 1525 quam
947 1464 1087 1510 librae
1135 1465 1361 1511 Romanae
1407 1466 1502 1511 sere
1540 1480 1613 1512 ae-

85 1536 260 1597 qualem
299 1549 400 1581 esse
434 1536 601 1581 diserte
640 1535 750 1581 dicit
787 1534 859 1594 (fr.
888 1534 976 1594 38).
1041 1535 1279 1582 Praeterea
1310 1537 1441 1582 aliam
1470 1551 1611 1597 quan-

80 1607 180 1652 dam
207 1609 370 1652 minam
398 1606 487 1651 XVI
518 1607 754 1652 unciarum
790 1612 1112 1651 commemorat
1139 1605 1217 1664 (fr.
1240 1609 1310 1651 40.
1339 1606 1439 1666 44),
1477 1621 1610 1668 quam

82 1691 168 1723 nos
198 1678 390 1723 Atticam
418 1691 517 1723 esse
544 1677 951 1722 demonstravimus
977 1675 1023 1735 (S
1053 1679 1123 1722 41.
1146 1673 1235 1740 51).
1283 1677 1484 1738 Denique
1509 1677 1612 1723 Ale-

82 1749 341 1794 xandrinam
381 1748 543 1794 minam
586 1747 661 1793 XX
704 1748 860 1794 uncias
895 1747 988 1792 sive
1021 1747 1125 1793 CLX
1170 1748 1403 1794 drachmas
1443 1748 1610 1794 habere

3 1849 8 1855 -
84 1819 220 1865 tradit
260 1818 333 1878 (fr.
364 1821 434 1863 39.
461 1823 531 1863 42.
562 1818 660 1877 44),
705 1820 835 1864 cuius
882 1820 949 1863 rei
993 1818 1077 1863 alia
1125 1831 1306 1878 quoque
1350 1818 1609 1864 testimonia

0 1897 3 1899 ’
81 1897 257 1935 exstant
286 1888 420 1949 (prol.
447 1889 476 1947 S
503 1887 593 1948 66).

191 1961 238 2006 ln
260 1962 481 2005 mensuris
503 1959 642 2005 affero
663 1959 861 2005 modium
884 1959 1131 2005 Romanum
1158 1957 1229 2018 (fr.
1252 1955 1341 2020 30),
1364 1960 1608 2005 sextarium

81 2030 154 2089 (fr.
183 2031 279 2090 36),
310 2038 405 2076 tum
435 2031 615 2076 omissis
644 2025 786 2088 aliis²)
817 2030 1124 2088 heminam,
1164 2029 1391 2075 dimidiam
1423 2030 1605 2076 sextarii

82 2109 280 2162 partem,
310 2115 440 2161 quam
468 2102 566 2162 ipse
590 2115 732 2147 cornu
762 2101 1008 2159 olearium,
1046 2102 1232 2161 eiusque
1270 2107 1424 2162 partes
1450 2100 1606 2146 uncias

82 2281 217 2335 (prol.
249 2283 272 2332 ἕ
302 2281 392 2334 43),
425 2281 520 2322 tab.
555 2284 762 2334 quartam
796 2279 899 2320 Gal.
933 2280 1033 2321 coll.
1066 2281 1090 2331 ξ
1123 2282 1174 2321 15
1205 2293 1264 2321 ss.
1300 2279 1431 2333 (prol.
1463 2280 1486 2329 ἓ
1517 2278 1605 2331 63),

79 2337 372 2444 tab.lCleop5
399 2338 424 2388 ἓ
455 2339 510 2379 20
540 2349 598 2380 ss,
640 2336 776 2390 (prol.
810 2338 833 2387 ἕ
866 2335 958 2389 76),
1009 2336 1381 2379 tab.''decimam
1420 2334 1444 2389 S
1482 2338 1510 2375 4
1548 2347 1608 2378 ss.

83 2395 94 2444 (
131 2408 178 2435 ro
201 2424 211 2435 .
244 2395 269 2444 ξ
299 2397 353 2436 82
378 2424 388 2434 .

99 2409 126 2448 p
192 2451 236 2500 8)
268 2450 407 2490 Plura
437 2449 494 2490 de
527 2462 582 2490 ea
613 2462 661 2490 re
691 2449 797 2489 vide
828 2450 876 2489 in
906 2449 1089 2490 Metrol.
1122 2451 1166 2502 p.
1198 2449 1253 2488 86
1285 2449 1388 2487 adn.
1422 2449 1492 2488 27.

193 2506 240 2560 9)
274 2506 403 2547 Conf.
437 2509 621 2546 nostrae
654 2505 942 2546 collectionis
973 2505 1138 2558 fragm.
1170 2506 1240 2546 34.
1262 2506 1330 2544 37.
1351 2505 1421 2544 47.
1443 2505 1512 2546 49.
1534 2505 1603 2547 50.

195 2563 236 2614 1)
269 2562 459 2603 Plurimi
490 2561 545 2602 de
575 2561 665 2602 hac
697 2561 915 2601 drachma
936 2561 1026 2602 loci
1049 2561 1205 2601 afferri
1226 2563 1430 2613 possunt.
1471 2559 1604 2600 Conf.

81 2620 134 2661 fr.
167 2622 233 2662 31.
268 2620 337 2661 38.
366 2620 422 2659 44
456 2618 530 2670 aL,
564 2618 620 2658 (le
651 2617 786 2659 sanit.
816 2621 881 2657 tu.
912 2617 975 2658 IV
1003 2630 1047 2670 p.
1077 2616 1160 2657 288
1194 2615 1359 2667 (Kiihn.
1391 2615 1480 2660 vol.
1502 2616 1603 2669 VI),

5 2697 7 2699 ·
78 2677 158 2716 ubi
187 2677 327 2717 tertia
356 2688 464 2729 pars
494 2674 642 2714 librae
676 2678 780 2713 sunt
801 2673 1047 2713 drachmae
1070 2674 1144 2722 323
1177 2672 1232 2713 de
1264 2685 1460 2726 compos,
1484 2672 1602 2713 med.

83 2746 125 2786 p.
162 2745 264 2786 gen.
299 2733 362 2773 IV
391 2745 435 2785 p.
470 2732 552 2773 754
573 2743 606 2772 s.
643 2729 748 2780 (vol.
781 2728 911 2779 XIII)
946 2729 1208 2782 aliquoties.

192 2788 236 2838 2)
276 2789 376 2829 Non
416 2791 556 2829 vacat
593 2799 711 2826 nunc
753 2786 906 2826 dicere
946 2798 1032 2826 nec
1072 2784 1127 2825 de
1170 2784 1323 2838 cotyla
1362 2797 1479 2838 quae
1521 2782 1603 2838 16}

82 2845 178 2886 sive
211 2846 264 2885 16
294 2844 458 2885 uncias
490 2843 661 2884 habere
694 2841 862 2882 dicitur
893 2841 969 2892 (fr.
1001 2844 1069 2882 35.
1102 2841 1198 2894 43),
1239 2854 1326 2882 nec
1358 2842 1413 2882 de
1447 2843 1601 2894 congii

84 2900 400 2942 aestimatione
433 2900 507 2951 (fr.
538 2901 606 2941 45.
639 2900 708 2939 46.
740 2897 834 2949 47),
877 2898 924 2938 in
964 2910 1053 2950 qua
1085 2910 1218 2951 quam
1249 2898 1444 2938 maxime
1478 2897 1602 2938 falli-

81 2959 154 2997 tur
186 2957 402 2999 Galenus.
