1946 3220
316 122 417 174 106
827 135 1226 170 PROLEGOMENA
1264 135 1321 168 m
1876 0 1946 193 ξ

312 252 563 313 explicatur
606 251 676 296 his
715 250 890 296 verbis:
934 243 965 306 ἦ
1016 244 1119 306 μνᾶ
1162 242 1298 305 πρὸς
1341 241 1404 294 τὸ
1435 242 1689 300 ,Ἰταλικὸν
1726 242 1838 306 ἔχει
1926 297 1928 299 ,

313 317 551 382 δραχμὰς
599 311 730 380 ppo,
781 313 917 377 πρὸς
962 314 1021 364 δὲ
1055 313 1120 364 τὸ
1155 312 1387 364 Ἀττικὸν
1428 313 1664 377 δραχμὰς
1700 312 1834 377 ρκβ’·

318 388 451 439 dicre
480 389 576 449 τὴν
603 385 851 447 Ἰταλικὴν
879 385 1014 447 μνᾶν
1049 381 1185 435 εἶναι
1209 382 1255 434 λι
1281 382 1329 434 α’
1353 382 1613 446 ἡμίεειαν,
1649 384 1747 447 τὴν
1776 384 1835 436 δὲ

313 458 546 519 Ἀττικὴν
574 456 666 521 (vel
690 455 826 518 πρὸ(
851 455 910 506 δὲ
937 455 1035 517 τὴν
1061 454 1318 520 Ἀττικὴν)
1337 454 1384 504 λι
1405 448 1454 505 α’
1473 455 1512 507 [ὅ
1530 451 1578 516 γ’
1599 454 1835 518 δραχμὰς

313 526 371 580 δ’.
423 530 700 586 Quibuscum
731 531 926 590 primum
963 543 1275 589 comparemus
1312 528 1504 575 similem
1532 529 1681 575 locum
1707 529 1837 574 tabu-

313 602 381 647 lae
407 600 721 646 Dioscorideae
748 599 872 658 (XIV,
894 598 969 659 ,8):
1005 595 1037 658 ἡ
1065 596 1168 658 μνᾶ
1194 593 1326 646 κατὰ
1351 596 1445 658 μὲν
1471 595 1567 658 τὴν
1601 594 1834 658 ἰατρικὴν

311 670 493 731 χρῆειν
521 664 635 727 ἄγει
660 667 699 719 [ὅ
727 662 808 728 ις’,
837 664 1103 718 τουτέετιν
1131 664 1293 717 ὁλκὰς
1321 662 1455 729 ρκη’·
1492 665 1624 717 κατὰ
1652 666 1711 717 δὲ
1736 666 1834 729 τὴν

312 737 562 799 Ἰταλικὴν
599 738 638 790 [ἲ
669 734 750 800 ιη’,
788 736 1025 788 τουτέετι
1051 734 1233 799 λίτραν
1269 735 1389 800 μίαν
1419 734 1682 799 ἡμίεειαν,
1717 735 1751 803 <
1777 737 1836 787 δὲ

312 806 441 871 ρμδ’.
485 810 665 857 Similes
687 824 786 859 esse
808 811 898 856 dixi
919 811 1034 857 duos
1059 810 1205 870 locos,
1231 812 1414 856 minime
1438 817 1586 857 tamen
1608 809 1834 871 aequales.

310 883 510 928 Primum
545 883 665 927 enim
700 883 878 927 numeri
907 881 1124 927 differunt
1147 883 1193 926 in
1218 882 1338 926 mina
1363 883 1511 927 Attica
1536 883 1628 927 sive
1655 881 1837 927 medici-

313 944 432 1012 nali,
474 965 587 1011 quae
623 954 667 997 in
695 953 850 1012 priore
879 952 1029 998 tabula
1053 951 1122 996 vel
1151 951 1311 997 CXXIV
1338 951 1571 1003 drachmas
1598 950 1687 1010 (tot
1718 953 1836 997 enim

311 1030 420 1068 sunt
458 1016 504 1068 λῑ
532 1016 580 1068 α’
606 1019 645 1071 [3
679 1012 726 1079 γ’
751 1021 827 1081 δρ.
863 1015 930 1081 δ’)
965 1021 1033 1067 vel
1067 1022 1235 1085 CXXI—I,
1274 1029 1434 1068 contra
1467 1024 1512 1067 in
1547 1022 1844 1086 Dioscoridea

313 1093 511 1138 CXXVIII
536 1092 702 1138 habere
730 1093 921 1138 dicatur.
978 1093 1089 1137 Tum
1116 1094 1371 1138 accuratius
1397 1093 1435 1137 si
1462 1093 1659 1153 priorem
1685 1092 1835 1149 locum

312 1165 607 1223 inspicimus,
642 1169 830 1223 apparet
853 1176 944 1208 non
977 1169 1067 1207 tam
1099 1163 1153 1208 de
1180 1162 1353 1208 duabus
1378 1162 1564 1208 diversis
1593 1164 1753 1220 minis‚
1786 1170 1838 1207 ut

310 1234 358 1278 in
386 1233 537 1279 tabula
560 1233 874 1292 Illoscoridea‚
912 1246 1046 1293 quam
1069 1232 1124 1278 de
1149 1247 1238 1278 una
1264 1234 1383 1277 mina
1409 1231 1714 1293 sesquilibrali
1744 1234 1835 1291 agi,

312 1318 428 1363 quae
455 1310 499 1348 et
526 1304 689 1348 Atticis
721 1309 766 1348 et
788 1301 956 1348 Italicis
982 1303 1205 1348 drachmis
1233 1302 1486 1348 definiatur.
1540 1301 1686 1358 Quid?
1715 1303 1836 1363 quod

310 1374 475 1420 ibidem
503 1372 563 1432 (2)
592 1375 725 1419 uncia
745 1374 908 1419 Atticis
938 1372 1162 1419 drachmis
1190 1373 1287 1432 vn,
1314 1371 1480 1419 Italicis
1507 1371 1600 1418 VIII
1627 1374 1837 1432 exprimi-

310 1445 414 1489 tur?
450 1450 573 1491 certe
604 1445 737 1489 uncia
771 1442 895 1488 nulla
933 1450 1003 1489 est
1035 1444 1124 1489 nisi
1159 1457 1249 1489 una
1282 1443 1494 1489 Romana.
1551 1443 1659 1488 Cum
1693 1444 1837 1502 igitur

310 1514 513 1573 legamus
554 1515 746 1573 minam,
785 1513 1145 1574 sesquilibralem
1179 1513 1377 1572 scilicet,
1414 1508 1549 1572 πρὸς
1583 1509 1646 1560 τὸ
1676 1509 1836 1561 Ἀττι-

308 1579 425 1632 κὸν
451 1583 616 1630 habere
654 1584 886 1641 drachmas
929 1583 1097 1642 CXXII⁷
1134 1598 1187 1628 ex
1220 1597 1271 1629 ea
1311 1585 1408 1644 ipsa
1443 1586 1620 1630 ratione
1655 1584 1835 1644 pondus

310 1655 486 1700 Atticae
512 1654 747 1699 drachmae
775 1654 1058 1699 efficiendum
1084 1661 1176 1709 est3
1221 1653 1419 1700 efficitur
1444 1660 1593 1700 autem
1620 1667 1834 1700 numerus

309 1726 389 1784 qui
425 1739 557 1785 quam
585 1725 788 1783 proxime
824 1724 1005 1770 accedat
1031 1724 1084 1770 ad
1116 1725 1372 1770 recentiora
1403 1725 1732 1770 tetradrachma
1755 1725 1836 1769 At·

310 1796 399 1847 tica
413 1790 479 1856 ¹).x
515 1794 679 1839 Verum
715 1800 859 1840 tamen
893 1796 1075 1840 minime
1110 1796 1155 1839 in
1194 1795 1276 1840 hac
1310 1796 1488 1840 ratione
1528 1796 1639 1840 satis
1670 1795 1836 1855 proha-

308 1864 390 1910 bili
433 1864 540 1910 licet
582 1866 883 1925 acquiescere.
965 1864 1141 1910 Etenim
1181 1879 1282 1911 cum
1321 1864 1374 1910 ab
1414 1865 1572 1911 eodem
1610 1866 1834 1925 scriptore

310 1936 444 1981 uncia
478 1930 625 1993 παρὰ
654 1933 767 1982 τοῖς
792 1931 1040 1982 Ἀττικοῖς
1072 1935 1305 1981 drachmas
1331 1935 1402 1980 VII
1437 1935 1604 1981 habere
1640 1935 1832 1993 dicatur,

308 2011 390 2050 aut
419 2006 492 2050 hic
527 2006 623 2064 ipse
651 2019 866 2051 numerus
899 2007 1048 2051 minus
1083 2011 1289 2052 accurate
1318 2005 1551 2064 sehabet,
1593 2012 1671 2051 aut
1704 2012 1835 2051 antea

310 2088 395 2134 pro
425 2068 533 2135 ρκβ’
554 2074 837 2121 scribendum
864 2083 934 2121 est
957 2069 1130 2138 pxg'2).
1181 2074 1310 2130 Quod
1337 2090 1422 2121 nos
1448 2076 1494 2120 in
1519 2076 1668 2121 medio
1694 2075 1834 2121 relin-

308 2145 510 2204 quimus⁷
537 2159 806 2205 quamquam
828 2147 972 2205 magis
997 2147 1043 2190 in
1068 2146 1113 2191 id
1137 2144 1423 2204 inclinamus,
1446 2152 1498 2191 ut
1525 2139 1634 2205 ρκβ’
1656 2142 1832 2204 'verum,

310 2206 353 2262 Z'
392 2220 542 2261 autem
568 2215 834 2275 rotundum,
864 2222 915 2261 ut
935 2216 1090 2274 aiunt,
1118 2229 1355 2261 numerum
1381 2229 1480 2261 esse
1508 2217 1832 2261 existimemus.

310 2284 474 2345 Utique
511 2291 658 2330 autem
686 2284 830 2331 aliena
857 2291 963 2331 sunt
1005 2299 1028 2330 a
1070 2287 1266 2344 genuina
1305 2284 1484 2330 tabulae
1518 2286 1664 2331 forma
1698 2284 1832 2336 verba

306 2350 406 2412 τὴν
444 2350 502 2402 δὲ
531 2350 764 2414 Ἀττικὴν
794 2351 840 2401 λῑ
870 2344 918 2402 α’
943 2352 983 2404 Ιῒ
1006 2349 1054 2412 γ’
1078 2351 1314 2414 δραχμὰς
1346 2348 1407 2413 δ’,
1444 2369 1546 2400 nam
1579 2369 1660 2402 nec
1693 2354 1831 2401 ullam

309 2426 501 2470 Atticam
551 2426 716 2471 minam
759 2428 857 2486 ipse
897 2427 1097 2487 scriptor
1130 2421 1290 2471 afferre
1328 2425 1495 2484 voluit,
1539 2439 1621 2471 nec
1659 2439 1832 2471 summa

426 2587 466 2637 1)
497 2588 625 2629 Mina
655 2589 993 2642 sesquilibralis
1022 2589 1166 2630 habet
1196 2603 1386 2643 gramm.
1406 2591 1548 2642 491,2,
1574 2589 1703 2629 cuius
1723 2601 1832 2641 pars

314 2643 422 2682 122⁸
453 2648 555 2682 sunt
587 2658 773 2697 gramm.
805 2648 927 2698 4‚03‚
980 2647 1099 2699 quod
1137 2646 1312 2699 pondus
1351 2646 1448 2686 fere
1488 2647 1699 2698 congruit
1729 2657 1831 2685 cum

310 2698 662 2739 tetradraehmis
682 2701 848 2741 Atticis
870 2715 1057 2755 gramm.
1083 2704 1148 2753 16,
1168 2703 1193 2743 5
1222 2705 1326 2755 post:
1346 2701 1656 2742 Alexandrum
1676 2701 1830 2753 signa-

311 2754 372 2793 tis
403 2752 602 2803 (Metrol.
633 2768 675 2806 p.
701 2756 815 2807 161).

425 2807 468 2859 2)
510 2808 621 2848 Cum
659 2812 825 2851 unciae
865 2814 890 2852 7
931 2813 1178 2854 drachmae
1217 2812 1401 2854 Atticae
1451 2811 1736 2864 tribuantur,
1782 2812 1831 2851 in

310 2864 480 2904 minam
502 2864 868 2960 sqs2q5uilibralem
888 2869 1124 2910 incurrunt
1145 2869 1442 2911 duodevicies
1468 2871 1643 2921 septem
1666 2867 1832 2908 drach-

311 2933 415 2960 mae
445 2936 502 2956 =
617 2952 628 2963 .
