1946 3220
432 273 679 333 Aegyptias
720 271 800 315 has
840 282 1077 314 mensuras
1115 280 1215 312 esse
1255 273 1299 313 et
1336 281 1360 313 e
1396 267 1566 315 verbis:
1622 265 1858 318 καλεῖται
1922 215 1946 298 3

331 338 479 403 παρὰ
515 335 812 398 Αἰγυπτίοις
839 334 869 386 ὁ
895 333 1074 398 Ξέετηε
1107 331 1276 396 ἴνιον,
1314 344 1360 383 et
1397 352 1421 384 e
1457 339 1687 386 choenicis
1720 340 1856 387 modo
1940 336 1942 338 ’

334 415 649 473 cognoscitur.
699 409 870 464 Quibus
899 409 954 455 de
981 408 1117 455 rebus
1146 422 1285 469 supra
1314 407 1508 455 diximus
1537 406 1582 471 (S
1607 406 1695 472 73).

443 480 660 528 Consulto
708 480 852 526 adhuc
893 481 1025 526 omisi
1066 479 1121 525 de
1166 478 1445 540 ponderibus
1488 494 1858 527 commemorare.
1938 497 1942 499 ’

330 552 505 600 Etenim
543 565 635 597 non
673 550 822 597 solum
857 557 1043 596 mutuae
1077 563 1391 596 mensurarum
1428 550 1548 596 inter
1583 565 1632 597 se
1656 552 1858 598 rationes

332 623 626 680 definiuntur,
653 621 732 668 sed
757 623 910 676 etiam,
938 627 1051 682 quot
1079 620 1335 681 quibusque
1362 622 1519 668 unciae
1545 628 1590 667 et
1618 621 1858 668 drachmae

333 694 512 754 aliaque
537 694 711 739 minora
737 692 939 753 pondera
961 691 1256 748 conveniant,
1285 691 1528 751 diligenter
1552 693 1859 753 perscriptum

334 141 435 195 128
854 154 1253 190 PROLEGOMENA
1278 155 1335 189 m

330 771 416 810 est.
466 763 584 810 Haec
624 764 775 809 omnia
807 763 863 809 ad
901 761 1023 808 illam
1069 761 1347 808 medicorum
1387 763 1746 810 aestimationem
1787 777 1858 809 re-

328 834 528 880 vocanda
569 840 700 892 sunt,
743 847 796 880 ex
841 847 930 894 qua
973 832 1151 894 cotylae
1191 832 1264 879 LX
1311 832 1548 880 drachmae
1593 833 1860 880 tribuuntur

330 900 378 966 (g
405 907 473 951 43.
498 903 586 963 45).
986 955 991 961 ,

432 974 589 1020 Restat
624 975 758 1020 tertia
795 973 1019 1035 particula
1058 971 1237 1020 tabulae
1272 986 1586 1020 mensurarum
1622 972 1694 1033 (29
1707 973 1857 1034 —31)‚

327 1044 407 1092 ubi
433 1052 479 1091 et
511 1046 751 1105 georgicae
787 1045 1006 1105 quaedam
1041 1057 1305 1102 mensurae,
1342 1044 1396 1090 de
1434 1044 1601 1105 quibus
1636 1044 1857 1091 continuo

330 1117 573 1176 separatim
599 1116 828 1174 dicemuS‚
864 1122 910 1161 et
936 1115 1095 1176 Syrius
1130 1121 1345 1161 metretes
1373 1113 1530 1176 (supra
1560 1114 1589 1174 S
1617 1114 1689 1174 74)
1718 1114 1857 1176 expli-

329 1193 505 1232 cantur.
565 1186 765 1247 Denique
801 1186 855 1232 ab
895 1185 983 1232 alio
1025 1185 1320 1246 grammatico
1362 1185 1580 1246 quaedam
1616 1185 1671 1231 de
1707 1186 1859 1247 cotyla

327 1256 673 1318 minoribusque
707 1258 934 1303 mensuris
976 1257 1203 1317 adscripta
1238 1262 1370 1314 sunt,
1415 1269 1557 1317 quae,
1602 1257 1690 1302 nisi
1736 1257 1859 1318 quod

326 1322 578 1389 τρυβλίον
621 1327 859 1389 oxybapho
895 1326 1084 1389 aequale
1120 1340 1221 1374 esse
1245 1327 1439 1387 dicitur,
1471 1341 1563 1373 non
1591 1326 1807 1374 differunt
1834 1342 1858 1374 a

328 1398 581 1459 prioribus.

842 1522 908 1561 De
936 1521 1148 1574 yeoryicis
1176 1521 1396 1562 mensuris.

243 1607 305 1657 77
434 1606 674 1668 Singulare
705 1608 932 1669 quoddam
956 1622 1272 1655 mensurarum
1299 1621 1441 1668 genus
1478 1606 1591 1654 illud
1627 1614 1698 1654 est
1735 1608 1858 1670 quod

328 1681 526 1740 scriptor
556 1679 732 1725 tabulae
760 1679 1085 1740 Cleopatranae
1123 1673 1182 1727 ἐν
1221 1676 1333 1727 τοῖς
1366 1676 1678 1739 γεωργικοῖς
1714 1693 1763 1726 se
1791 1680 1858 1725 in-

325 1751 506 1796 venisse
540 1750 676 1795 tradit
703 1748 808 1809 (29).
858 1748 1030 1804 Quibus
1064 1749 1213 1796 verbis
1247 1756 1403 1796 utrum
1439 1748 1605 1796 librum
1634 1750 1857 1811 quendam

326 1821 650 1880 georgicorum
708 1834 764 1866 an
815 1821 998 1866 omnino
1051 1834 1147 1866 rem
1197 1820 1413 1866 rusticam
1461 1820 1858 1883 agricolarumque

325 1905 461 1936 usum
482 1889 727 1950 significet,
747 1905 840 1936 non
862 1891 972 1937 satis
999 1890 1166 1952 liquet;
1198 1897 1245 1936 at
1270 1890 1359 1937 hoc
1383 1890 1579 1937 dubitari
1601 1905 1693 1938 non
1717 1905 1855 1953 posse

325 1962 526 2020 videtur,
558 1961 667 2022 quin
689 1961 742 2008 ad
765 1962 1025 2022 Aegyptum
1044 1975 1123 2008 eae
1151 1975 1391 2008 mensurae
1417 1962 1693 2023 pertineant.
1736 1961 1854 2019 Quas

325 2045 411 2077 nos
437 2031 523 2077 iam
552 2034 867 2091 georgicas
899 2033 1097 2078 breviter
1122 2030 1418 2093 appellemus.

425 2101 473 2147 In
499 2101 570 2147 his
600 2098 795 2162 κοτύλη
827 2103 982 2163 sesqui
1017 2103 1159 2148 maior
1193 2108 1263 2148 est
1297 2103 1447 2150 Attica
1477 2101 1655 2165 cotyle‚
1685 2104 1854 2165 quippe

326 2185 441 2231 quae
467 2172 650 2218 sextarii
682 2175 740 2219 sit
765 2173 1047 2231 dodrans,
1085 2187 1177 2219 non
1205 2173 1340 2219 semis
1357 2168 1401 2235 ¹).
1451 2173 1640 2234 Reliqua
1677 2174 1742 2220 sic
1777 2174 1854 2220 de-

323 2241 568 2288 finiuntur:

803 2308 999 2374 κοτύλη
1150 2316 1169 2356 1

805 2380 983 2444 ξέετηε
1148 2381 1221 2441 1113
1345 2386 1367 2428 1

805 2453 937 2515 χοῦς
1121 2458 1175 2498 12
1343 2456 1371 2499 9

805 2520 1080 2587 ἀμφορεύε
1116 2529 1172 2570 48
1317 2528 1371 2570 36

802 2592 1056 2656 μετρητής
1113 2598 1170 2641 96
1313 2600 1369 2639 72

800 2663 1050 2727 μέδιμνος
1084 2669 1166 2712 136
1285 2669 1385 2713 102.

325 2796 448 2824 sura.
506 2786 628 2838 Ergo
682 2789 822 2830 etiam
871 2790 1004 2831 huius
1052 2791 1219 2844 prioris
1269 2789 1458 2831 tabulae
1498 2789 1702 2831 secunda
1738 2803 1846 2845 pars

325 2844 428 2893 post
459 2853 560 2881 eum
590 2843 736 2894 ipsum
766 2845 914 2886 locum
946 2847 1124 2899 incipit.

440 2897 481 2948 1)
531 2898 586 2937 In
622 2899 725 2951 ipsa
765 2900 1040 2954 Cleopatrae
1079 2903 1242 2943 tabula
1279 2902 1446 2943 vitiose
1486 2901 1659 2955 legitur
1706 2900 1846 2956 εὗρον

324 2950 416 3003 τὴν
446 2951 653 3006 κοτύλην
682 2953 843 3007 τρίτον
874 2957 902 3008 ἢ
933 2957 1161 3010 τέταρτον
1191 2957 1371 3010 ξέετου,
1403 2971 1510 2999 nam
1540 2959 1742 3016 inomni
1771 2973 1846 3001 re-
