1946 3220
324 134 393 187 64
844 147 1017 181 PROLE
1025 143 1242 179 GOMENA
1270 145 1326 178 IN

325 280 504 324 ramus,
542 277 648 309 num
683 265 729 308 in
764 268 861 307 tota
896 260 1168 319 antiquitate
1191 257 1312 304 ullus
1340 257 1521 304 cubitus
1552 257 1690 303 suerit
1719 258 1850 304 cuius

327 333 591 396 quadrantal
618 333 791 379 modios
816 329 908 376 XIII
932 334 964 376 5
991 334 1186 390 caperet.
1238 327 1417 375 Minime
1446 342 1564 374 vero.
1614 327 1848 374 Rationem

327 406 571 452 subducas:
622 402 795 448 nullum
833 401 967 446 talem
1008 399 1211 446 cubitum
1254 397 1363 458 fingi
1406 412 1543 460 posse
1586 394 1850 458 invenies9).

324 477 478 536 Itaque
504 473 755 534 gravissimi
780 472 951 517 erroris
981 471 1263 517 convincitur
1288 471 1500 530 quisquis
1523 482 1574 515 ea
1600 482 1715 529 quae
1741 469 1853 514 dixi-

327 561 425 591 mus
459 543 588 589 verba
627 543 682 588 ad
707 542 1013 589 Heronianum
1039 538 1273 602 problema
1301 541 1556 602 adscripsit.
1608 539 1751 586 Causa
1776 554 1853 585 au-

329 624 416 662 tem
463 615 633 661 erroris
684 613 787 658 inde
833 611 964 658 facile
1007 611 1282 672 explicatur,
1331 611 1454 672 quod
1501 610 1577 656 ille
1623 612 1853 670 antiquam

325 685 686 731 Ptolemaeorum
721 682 919 729 artabam
957 690 1004 729 et
1037 682 1338 728 recentiorem
1370 681 1614 728 Romanam
1652 682 1772 727 inter
1807 694 1856 726 se

326 755 545 802 confudit.
596 755 703 800 Nam
736 768 838 800 cum
876 767 973 800 eam
1011 753 1235 811 artabam,
1271 767 1385 812 quae
1410 753 1544 798 tertia
1580 766 1686 812 pars
1714 751 1855 798 cubiti

328 833 422 884 est,
467 827 762 871 vetustiorem
799 825 948 882 illam,
992 839 1083 870 non
1117 826 1417 870 recentiorem
1450 836 1552 869 esse
1590 824 1856 884 opinaretur

330 898 463 957 eique
488 896 664 942 modIos
688 896 742 941 IV
768 900 800 943 5
832 895 1074 952 tribueret,
1101 909 1241 955 porro
1269 894 1487 942 adductus
1515 901 1602 952 est,
1631 899 1682 940 ut
1705 894 1856 940 decem

327 967 432 1013 illos
457 967 633 1012 modios
670 968 746 1026 qui
779 966 978 1012 cubitum
1016 973 1261 1026 aequarent
1286 966 1510 1011 Romanos
1541 979 1641 1011 esse
1670 971 1859 1026 negaret

330 1045 375 1083 et
415 1036 616 1084 cubitum
655 1037 832 1083 modios
868 1037 959 1082 XIII
991 1041 1022 1084 5
1059 1036 1223 1083 habere
1261 1036 1442 1082 diceret.
1498 1036 1699 1096 Denique
1735 1035 1857 1095 quod

329 1108 445 1153 idem
483 1107 682 1154 artabam
717 1114 935 1167 quattuor
962 1107 1139 1153 modios
1175 1106 1341 1153 habere
1377 1106 1561 1164 scribit,
1603 1107 1687 1152 etsi
1718 1120 1775 1152 ne
1803 1105 1857 1155 ,id

330 1179 507 1238 quidem
535 1193 636 1224 cum
661 1180 825 1224 ceteris
850 1179 1074 1237 convenit,
1102 1184 1250 1223 tamen
1277 1192 1368 1223 non
1394 1191 1586 1238 prorsus
1614 1190 1858 1238 aspernan-

329 1249 439 1294 dum
474 1249 665 1294 videtur.
715 1248 828 1294 Puta
864 1250 982 1294 enim
1007 1249 1184 1294 modios
1219 1247 1523 1310 illum-minus
1560 1254 1766 1295 accurate
1792 1247 1859 1292 di-

330 1321 449 1364 xisse
473 1318 653 1364 artabae
687 1319 983 1379 quadrantes:
1011 1318 1202 1380 colliges
1230 1320 1373 1380 igitur
1400 1332 1452 1364 ex
1477 1319 1565 1364 hoc
1588 1319 1708 1376 loco,
1738 1317 1860 1378 quod

329 1404 412 1450 per
448 1403 495 1435 se
534 1390 628 1435 fere
661 1396 1014 1436 consentaneum
1048 1397 1142 1447 est,
1177 1390 1358 1436 artabae
1391 1390 1534 1435 fuisse
1569 1396 1722 1450 partes
1753 1402 1859 1449 qua-

330 1459 575 1517 drantales,
597 1474 710 1519 quae
736 1460 941 1520 singulae
962 1460 1197 1520 capiebant
1216 1462 1438 1506 sextarios
1457 1461 1548 1506 XIII
1569 1467 1614 1506 et
1636 1461 1857 1506 trientem.

436 1530 579 1576 Unum
614 1530 702 1576 hoc
737 1530 838 1578 loco
880 1531 1130 1577 addendum
1164 1531 1366 1589 videtur,
1405 1531 1603 1577 artabam
1638 1532 1860 1577 minorem

335 1602 426 1646 sive
451 1601 707 1647 modiorum
733 1601 786 1646 III
807 1608 852 1647 et
878 1603 1056 1647 trientis
1084 1615 1342 1648 mensuram
1369 1603 1502 1647 etiam
1528 1601 1583 1648 ab
1607 1601 1859 1663 Epiphanio

334 1678 378 1716 et
404 1672 703 1733 Hieronymo,
734 1673 811 1733 qui
841 1679 1030 1718 exeunte
1063 1673 1157 1718 iere
1187 1672 1366 1719 saeculo
1397 1673 1451 1717 lV
1477 1675 1787 1735 scripserunt,
1816 1679 1860 1718 et

334 1743 379 1787 in
409 1745 606 1789 carmine
638 1743 691 1788 de
717 1742 994 1804 ponderibus
1021 1750 1066 1788 et
1092 1745 1316 1789 mensuris
1343 1745 1688 1790 commemorari
1703 1739 1766 1802 ¹⁰).

488 1895 552 1934 De
583 1896 859 1935 vetustissima
890 1894 1032 1935 tabula
1059 1897 1296 1947 ponderum
1328 1901 1368 1935 et
1398 1908 1700 1936 mensurarum.

250 1981 317 2030 40
444 1982 534 2027 Hac
577 1984 842 2042 quaestione
881 1983 935 2027 ad
971 1982 1102 2028 finem
1137 1983 1356 2044 perducta
1391 1997 1482 2029 non
1513 1985 1718 2044 exiguam
1756 1998 1863 2044 par·

339 2058 427 2097 tem
453 2052 750 2112 praefationiS
778 2059 962 2098 nostrae
1002 2053 1303 2112 absolvimus,
1341 2068 1455 2114 quae
1481 2054 1662 2114 quidem
1689 2056 1860 2115 praeci-

336 2135 425 2182 pue
462 2122 723 2169 versabatur
773 2125 819 2169 in
868 2124 1138 2184 fragmentis
1176 2124 1447 2170 Heronianis
1494 2138 1608 2185 quae
1655 2132 1761 2172 sunt
1807 2126 1862 2172 de

337 2194 568 2239 mensuris
613 2193 886 2254 explicandis
922 2200 968 2239 et
1003 2194 1300 2241 illustrandis.
1353 2195 1441 2240 Iam
1480 2197 1526 2240 in
1562 2196 1698 2241 alium
1732 2197 1861 2257 quasi

338 2277 545 2324 campum
582 2263 905 2310 descendamus
935 2279 985 2310 ac
1011 2267 1259 2325 praeterito
1295 2265 1496 2312 Pollucis
1523 2259 1626 2313 loco
1656 2267 1710 2312 de
1740 2281 1861 2312 men-

338 2335 457 2379 suris
486 2335 604 2381 cavis
618 2330 677 2393 ¹),
716 2336 793 2396 qui
828 2334 997 2381 nullam
1034 2335 1345 2382 difficultatem
1383 2337 1542 2394 habet,
1580 2338 1861 2398 inquiramus

451 2514 494 2566 9)
536 2514 679 2554 Modii
720 2514 798 2569 133
841 2514 1020 2556 faciunt
1059 2515 1150 2557 litr.
1195 2517 1341 2569 118‚2‚
1390 2517 1510 2558 unde
1550 2516 1601 2558 fit
1647 2521 1861 2571 porrecta

342 2581 553 2609 mensura
584 2571 759 2615 millim.
789 2573 887 2625 490,
900 2573 941 2617 6.
1019 2572 1079 2614 At
1107 2572 1255 2614 nullus
1287 2575 1499 2627 antiquus
1532 2573 1710 2614 cubitus
1741 2574 1861 2618 hunc

342 2624 518 2664 modum
547 2625 702 2667 habet.

428 2680 496 2730 10)
537 2681 589 2723 V.
621 2683 743 2724 infra
774 2684 888 2737 prol.
919 2686 943 2735 ἓ
974 2685 1051 2738 87,
1095 2686 1600 2727 Pseudo-Priscianum
1631 2699 1674 2729 v.
1705 2687 1781 2737 89,
1817 2690 1861 2727 et

345 2734 398 2776 de
430 2736 708 2788 Hieronymo
741 2739 1025 2794 Queiponem
1053 2743 1076 2783 Ι
1105 2756 1148 2795 p.
1181 2744 1262 2783 212
1294 2755 1329 2783 s.

367 2847 376 2855 0
458 2791 498 2842 1)
531 2792 614 2831 Est
643 2794 773 2834 nobis
805 2796 967 2849 fragm.
1001 2798 1069 2841 28.
1131 2798 1221 2849 Qui
1258 2798 1387 2840 locus
1418 2797 1624 2852 longiore
1657 2798 1860 2853 explica-

345 2851 466 2887 tione
506 2860 594 2887 non
636 2853 753 2902 eget.
813 2852 1069 2895 Medimnus
1110 2856 1229 2896 enim
1261 2859 1307 2896 et
1339 2855 1533 2896 choenix
1563 2856 1860 2909 reliquaeque

345 2915 584 2943 mensurae
615 2905 798 2945 Atticae
830 2912 946 2952 sunt.
1007 2911 1095 2951 Sed
1125 2915 1282 2953 tamen
1311 2910 1537 2953 diversum
1570 2912 1708 2953 etiam
1738 2924 1861 2952 men-

345 2971 478 3000 surae
503 2972 644 3013 genus
666 2961 924 3013 imprudens
945 2966 1107 3008 Pollux
1139 2968 1406 3021 immiscuit3
1438 2981 1545 3010 nam
1577 2981 1694 3022 quae
1727 2969 1861 3011 ehoe-
