1946 3220
303 129 411 183 210
673 145 986 182 FRAGMENTA
1024 144 1093 178 DE
1131 143 1393 179 MENSURls
1608 114 1843 198 [33—35}

1858 0 1946 82 ‘ww

1879 95 1891 104 s

309 271 422 322 μως
455 255 485 308 ὁ
521 254 753 318 λιτραῑος
791 250 1015 316 ςταθμὸς
1046 252 1157 306 τῶν
1195 254 1430 316 ςτερρῶν
1464 251 1725 318 ςωμάτων
1759 259 1841 324 τῷ
1885 248 1909 300 s

314 339 531 406 λιτραίῳ
570 338 744 404 μέτρῳ
779 337 889 388 τῶν
931 334 1142 400 ὑγρῶν,
1187 335 1219 388 ὃ
1257 335 1509 402 πάμπολυ
1544 337 1669 390 καθ’
1706 337 1845 402 ὅλην
1921 352 1926 355 ’

315 423 412 488 τὴν
439 422 596 475 πόλιν
626 419 763 474 ἐςτὶν
797 418 851 473 ἐξ
877 418 1005 484 ὕλης
1030 418 1305 485 κερατίνης
1327 420 1662 486 γιγνόμενον.

429 602 513 655 33.
563 601 798 653 Indidem
825 602 922 669 (ck.
947 605 1092 666 Χιιι,
1123 607 1507 666 658.·K.X111,
1539 611 1635 655 416
1662 607 1733 667 s.).

259 733 284 773 5
422 714 540 767 *Τὰ
569 714 627 767 δ’
652 714 789 766 ἄλλα
824 717 916 779 τῆς
953 715 1260 780 ςυμμετρίας
1286 715 1367 783 (ἐν
1393 720 1469 786 τῷ
1495 715 1629 781 Ἣρᾶ
1661 715 1845 783 βιβλίῳ

312 801 424 853 τῶν
463 798 810 866 φαρμάκων),
838 797 913 851 ῶς
938 798 1038 851 ὑπ’
1062 799 1193 864 ἐμοῦ
1227 800 1546 865 γέγραπται,
1584 799 1726 864 πλὴν
1761 798 1847 853 ὅτι

313 882 543 937 κοτύλας
585 883 819 947 ἐκεῖνος,
860 881 925 935 οὐ
960 882 1139 948 λίτρας
1178 883 1384 949 ἐγραψε
1415 886 1512 937 τοῦ
1551 901 1611 938 τε
1647 883 1844 936 ὕδατος

312 967 398 1021 καὶ
432 970 530 1021 τοῦ
560 966 741 1020 ἐλαίου
776 968 842 1033 μὴ
873 967 1114 1032 δηλώςας
1148 967 1366 1023 ὁπόςων
1394 968 1628 1032 οὐγγιῶν
1655 967 1843 1034 βούλε-
1912 979 1928 983 ·”

313 1068 399 1106 ται
445 1051 581 1106 εἶναι
614 1052 711 1117 τὴν
749 1051 978 1116 κοτύλην
1016 1052 1135 1122 ἤτοι
1170 1055 1462 1118 ςταθμικῶν
1499 1053 1532 1118 ἢ
1568 1053 1844 1117 μετρικῶν.

233 1152 287 1194 10
316 1135 369 1189 αἱ
397 1136 491 1202 μὲν
527 1135 631 1201 γὰρ
661 1136 1024 1201 ςταθμικαὶ.τὸ
1054 1135 1218 1201 βάρος
1251 1136 1486 1202 κρίνουςι
1518 1140 1630 1193 τῶν
1669 1135 1846 1202 ςωμά·

316 1237 458 1285 των,
485 1218 538 1272 αἱ
561 1220 619 1273 δὲ
644 1219 877 1284 μετρικαὶ
899 1219 996 1274 τὸν
1031 1218 1212 1283 ὄγκον.

414 1366 500 1440 34.
553 1387 790 1440 Indidem
816 1392 918 1453 (012.
947 1393 1095 1452 xm,
1126 1395 1239 1440 661.
1286 1393 1514 1453 K.X111‚
1547 1396 1646 1439 428
1672 1391 1745 1456 s.).

425 1484 672 1540 *Ἐλαίου
698 1486 757 1540 δὲ
779 1486 1006 1542 κοτύλας
1025 1488 1165 1553 τρεῖς
1187 1486 1414 1553 ἡγοῦμαι
1431 1488 1660 1556 γράφειν
1680 1487 1847 1543 αὐτὸν

318 1570 730 1638 (Ἀνδρόμαχον)
759 1570 853 1624 τὰς
882 1571 1115 1624 Ἀττικὰς
1142 1572 1174 1637 ἢ
1205 1572 1424 1627 πάντως
1462 1572 1527 1627 ἂν
1559 1572 1849 1639 ἐγεγράφει

236 1671 289 1713 15
318 1654 512 1721 λίτρας.
548 1655 717 1709 καίτοι
742 1656 1051 1722 θαυμάςειεν
1079 1656 1146 1711 ἄν
1170 1674 1248 1710 τις
1278 1657 1430 1712 ὅπως
1454 1657 1514 1712 ἐν
1533 1656 1708 1725 Ῥώμῃ
1733 1661 1843 1710 δια-

315 1740 513 1806 τρίβων
538 1739 656 1794 ἀντὶ
679 1742 873 1806 λιτρῶν
896 1741 1140 1807 ὠνόμαζε
1164 1742 1416 1795 κοτύλας·
1459 1741 1719 1807 ἐπιχώρια
1741 1741 1847 1806 γὰρ

315 1827 483 1879 ταῦτα
518 1823 759 1889 ὀνόματα
786 1826 850 1879 τό
885 1843 943 1880 τε
976 1829 1070 1891 τῆς
1103 1826 1284 1891 λίτρας
1318 1826 1402 1879 καὶ
1436 1826 1500 1880 τὸ
1532 1829 1631 1880 τοῦ
1661 1826 1846 1882 ξέςτου

317 1910 403 1964 καὶ
442 1911 505 1964 τὸ
550 1912 643 1976 τῆς
694 1909 925 1974 οὐγγίας.
991 1910 1050 1965 ἐκ
1081 1912 1305 1966 πολλῶν
1344 1909 1644 1978 φαρμάκων
1682 1910 1850 1964 πάλαι

233 1994 297 2069 4324?
321 1994 797 2059 ςυγγεγραμμὲνων
841 1995 966 2061 πρὶν
1004 1994 1075 2050 εἰς
1111 1998 1340 2050 τοςοῡτο
1374 1994 1652 2060 δυνάμεως
1689 1994 1844 2059 ηὐξῆ-

235 2095 291 2137 20
320 2083 435 2133 ςθαι
469 2080 536 2133 τὰ
567 2082 679 2134 τῶν
705 2079 983 2145 Ῥωμαίων
1010 2079 1371 2146 ἐςτοχαςάμην
1398 2079 1465 2146 ἣν
1492 2078 1846 2144 ὀνομάζουςιν

204 2153 210 2158 ’
319 2163 514 2217 ἐκεῖνοι
558 2163 786 2229 κοτύλην
830 2163 945 2229 ἰ’ςην
997 2163 1134 2218 εἶναι
1174 2165 1287 2216 ταῖς
1326 2163 1458 2217 κατὰ
1499 2164 1598 2229 τὴν
1641 2165 1741 2217 νῦν
1787 2162 1847 2217 ἐν

318 2246 495 2316 Ῥώμῃ
533 2246 713 2312 λίτραν
748 2247 986 2312 οὐγγίαις
1019 2246 1195 2302 ἐννέα.
1242 2248 1309 2313 μή
1343 2265 1392 2301 τι
1426 2246 1525 2301 οὖν
1553 2247 1637 2299 καὶ
1671 2246 1702 2299 ὁ
1732 2246 1847 2301 Ἀν-

320 2331 591 2398 δρόμαχος
629 2330 726 2385 τὰς
758 2334 899 2396 τρεῖς
932 2331 1160 2385 κοτύλας
1195 2331 1332 2386 ἀξιοῖ
1357 2331 1597 2398 βάλλειν,
1631 2330 1705 2384 ῶς
1731 2329 1850 2383 ἑκά-

326 2430 446 2480 ςτης
482 2414 662 2470 αὐτῶν
698 2414 858 2480 οὔςης
895 2415 1130 2479 οὐγγιῶν
1163 2415 1229 2481 θ’,
1265 2415 1350 2469 καὶ
1382 2415 1516 2469 κατὰ
1546 2414 1645 2469 τὸν
1680 2413 1845 2468 αὐτὸν

242 2514 295 2554 25
326 2498 492 2561 λόγον
518 2501 603 2554 καὶ
626 2499 721 2554 τὰς
745 2502 843 2555 τοῦ
874 2500 1068 2555 ὕδατος
1091 2499 1219 2559 δύο;

469 2651 553 2705 35.
602 2653 838 2707 Indidem
865 2659 963 2724 (Ch.
987 2660 1130 2718 XIII,
1161 2662 1274 2706 662.
1321 2658 1376 2703 K.
1402 2657 1548 2715 XIII,
1578 2657 1707 2716 429).

437 2748 610 2815 *Αὕτη
635 2752 668 2816 ἡ
693 2752 1022 2819 ἕμπλαςτρος
1038 2782 1109 2793 -
1126 2751 1322 2821 ῥᾳδίως
1342 2751 1431 2818 (ἂν
1455 2750 1692 2818 γένοιτο)
1713 2751 1848 2804 ἀπο-

328 2830 623 2897 πίπτουςα,
659 2835 757 2890 κᾶν
796 2837 1067 2893 ἑκκαίδεκα
1100 2837 1186 2891 καὶ
1221 2837 1460 2901 δίμοιρον
1499 2833 1715 2897 οὐγγίας
1748 2834 1847 2900 τὴν

328 2908 557 2983 κοτύλην
590 2915 729 2983 ἐχειν
756 2918 1103 2988 ὑποθώμεθα,
1133 2920 1369 2986 καθάπερ
1397 2917 1530 2976 ἔνιοί
1555 2934 1696 2985 φαςι.
