1946 3220
287 159 430 198 XXIV
889 159 1187 194 PRAEFATIO

285 279 421 324 Doch
450 281 510 323 ist
539 277 617 320 die
645 274 788 318 Form
816 275 952 320 tkeils
979 273 1357 331 ausfiaflzrle'cher,
1399 275 1536 319 theils
1562 275 1810 337 qedrc‘inq-

287 357 375 394 ter.
433 347 532 392 Das
559 345 694 390 Ende
729 345 879 389 lautet
914 343 1221 390 centenarium
1257 345 1435 389 numeri
1463 358 1628 390 nomen
1654 353 1724 392 est
1749 361 1810 394 eo

288 418 407 478 quod
445 423 622 461 centum
660 413 876 460 librarum
898 414 1112 474 ponderis
1140 415 1226 472 sit,
1267 413 1387 474 quod
1411 414 1589 474 pondus
1617 423 1811 477 propter

287 488 614 548 perfectionem
647 486 893 531 centenarii
927 486 1100 530 numeri
1137 486 1435 530 instituerunt
1459 487 1632 530 romani
1662 481 1810 548 [coni'r

286 558 389 605 lsid.
426 555 481 601 fr.
512 555 638 614 125,
679 550 784 617 23].
835 554 1050 612 He'erauf
1078 554 1198 614 folyt
1230 556 1314 612 fol.
1355 557 1441 599 111
1475 555 1528 600 de
1567 558 1808 602 mensuris.

287 628 386 672 Der
413 626 609 686 Anfan9
644 627 795 672 lamec
832 640 1045 671 mensura
1082 632 1150 670 est
1185 640 1258 670 res
1286 625 1434 685 aliqua
1458 626 1592 671 modo
1620 641 1702 672 suo
1730 626 1807 672 uel

288 707 492 758 tempore
519 698 873 756 circumscripta.
923 697 1034 742 haec
1058 702 1135 741 aut
1160 697 1365 755 corporis
1392 701 1460 741 est
1487 703 1563 742 aut
1589 698 1806 758 temporis

290 765 431 829 [conf.
459 768 560 812 lsid.
588 768 644 812 sr.
673 767 799 824 126,
831 763 911 828 1];
948 767 1036 812 das
1061 766 1197 811 Ende
1232 767 1485 812 coaceruati
1523 767 1639 812 enim
1668 767 1807 813 modii

287 840 476 898 triginta
495 839 640 883 instar
667 837 795 883 collis
818 838 1030 882 uidentur
1051 844 1096 882 et
1116 851 1230 882 onus
1250 836 1423 883 camelli
1445 836 1648 882 efficiunt
1665 832 1805 900 [conf.

286 908 395 955 ibid.
415 909 443 967 S
458 904 564 970 22].
607 908 697 954 Die
715 908 1078 968 Bemerlcunyen
1099 909 1226 953 auch
1254 908 1408 960 dieses
1431 907 1677 954 Tractaees
1698 908 1812 953 sind-

287 980 392 1024 dem
426 979 587 1024 Inkalc
623 981 751 1024 nacla
789 983 873 1024 mit
913 979 1016 1023 dem
1055 978 1481 1024 Laclimannsclzen
1523 979 1668 1022 Tea-te
1709 978 1811 1024 bei-

288 1051 416 1096 nahe
442 1051 700 1107 idenciscli,
729 1050 846 1095 aber
870 1050 1186 1095 versch2·eden
1217 1049 1469 1109 abyefasst.
1518 1048 1635 1094 Haec
1658 1048 1807 1094 Helbi·

285 1122 410 1182 gius:
459 1121 577 1166 unde
621 1122 730 1166 satis
766 1127 954 1180 apparet
994 1120 1124 1165 aliam
1160 1119 1351 1165 formam
1388 1126 1703 1178 excerptorum
1748 1119 1806 1167 de

283 1191 581 1250 ponderibus
611 1198 654 1235 et
691 1192 748 1235 de
780 1196 1016 1235 mensuris
1042 1193 1094 1235 in
1119 1191 1316 1249 liquidis
1345 1190 1494 1235 inesse
1519 1190 1565 1233 in
1590 1189 1806 1235 Vaticano

284 1262 437 1308 codice
473 1268 609 1322 atque
646 1263 688 1306 in
718 1261 945 1318 Gudiano,
985 1268 1120 1321 atque
1154 1261 1337 1306 eandem
1373 1261 1563 1320 propius
1593 1260 1809 1306 accedere

283 1333 422 1377 videri
458 1333 511 1378 ad
545 1334 642 1392 ipsa
676 1332 834 1377 Isidori
868 1332 999 1378 verba
1034 1345 1166 1391 quam
1203 1331 1451 1377 Gudianum
1486 1336 1746 1376 contextum
1781 1344 1804 1375 a

282 1403 568 1448 Lachmanno
616 1402 800 1448 editum.
841 1428 909 1436 —
949 1403 1148 1462 Denique
1188 1402 1277 1447 hoc
1310 1401 1413 1446 loco
1458 1415 1808 1446 commemoran-

285 1474 390 1517 dum
431 1480 500 1518 est
536 1474 583 1517 in
619 1473 715 1518 cod.
743 1473 946 1518 Parisino
974 1473 1113 1519 8680
1142 1473 1288 1517 omnia
1323 1473 1409 1516 tria
1447 1471 1695 1530 fragmenta
1731 1485 1807 1516 eo-

284 1543 385 1588 dem
424 1543 579 1588 ordine
618 1549 662 1587 et
698 1543 851 1588 eadem
889 1543 1034 1588 forma
1072 1549 1207 1602 atquc
1234 1543 1278 1586 in
1307 1542 1506 1587 Gudiano
1534 1541 1650 1601 legi,
1689 1542 1806 1585 sicut

284 1614 417 1658 docet
443 1614 746 1658 Mommsenus
783 1613 834 1657 ad
866 1613 1019 1658 Volus.
1046 1613 1180 1658 Maec.
1208 1628 1251 1672 p.
1283 1611 1410 1667 287,
1452 1612 1528 1671 qui
1554 1611 1806 1656 Parisinum

285 1683 451 1728 librum
477 1683 713 1728 levissimis
742 1690 915 1728 tantum
942 1683 1076 1728 rebus
1103 1697 1124 1727 a
1153 1682 1353 1727 Gudiano
1380 1682 1727 1741 discrepantem,
1754 1695 1807 1726 ex

282 1755 370 1799 hoc
398 1756 498 1814 ipso
526 1754 801 1813 descriptum
828 1768 927 1798 esse
954 1755 1228 1813 suspicatur.

360 1823 504 1870 ⁷140.
546 1822 789 1868 Salmasius
824 1825 869 1868 in
906 1824 1055 1868 Resut.
1095 1825 1336 1883 utriusque
1378 1822 1552 1868 elenchi
1588 1822 1806 1882 Cercope-

284 1895 445 1939 taviani
473 1910 521 1954 p.
550 1894 612 1940 25
642 1894 771 1939 affert
799 1900 933 1939 vetus
956 1894 1282 1954 fraymentum
1310 1895 1512 1937 latinum
1541 1893 1598 1937 de
1618 1893 1805 1951 ponde-

283 1965 416 2009 ribus
459 1969 510 2009 in
555 1964 871 2011 Antidocarz'o
912 1965 963 2009 R.
1004 1965 1057 2009 Β.
1097 1963 1145 2023 (i.
1186 1978 1223 2009 e.
1260 1964 1422 2023 Regiae
1466 1962 1804 2022 bibliothecae),

285 2035 404 2094 quod
450 2049 533 2080 nos
572 2049 661 2080 non
705 2035 1004 2080 omittendum
1046 2049 1146 2080 esse
1179 2035 1399 2080 duximus.
1452 2034 1706 2094 Repetitum
1735 2040 1804 2079 est

285 2119 336 2149 e‘x
362 2105 521 2150 lsidor.
551 2105 606 2149 sr.
639 2105 755 2162 125,
787 2106 866 2150 17.
1261 2153 1264 2157 ,

392 2174 507 2219 141.
546 2175 663 2220 Calvi
697 2177 951 2220 versionem
977 2176 1168 2235 repetivi
1194 2189 1245 2220 ex
1271 2176 1367 2234 ipsa
1394 2175 1681 2234 Hippocratis
1711 2173 1803 2218 edi-

285 2246 406 2290 tione
434 2245 638 2305 principe
661 2246 856 2291 Romana
883 2245 968 2304 (=
997 2245 1110 2303 Ro),
1140 2246 1266 2290 cuius
1295 2245 1499 2304 exemplo
1525 2244 1802 2289 Berolinensi
1848 2284 1856 2291 .

282 2316 349 2359 uti
377 2316 485 2360 mihi
511 2315 640 2360 licuit
669 2312 779 2377 (vide
804 2315 920 2375 prol.
952 2314 980 2372 S
1006 2314 1105 2360 114
1132 2315 1229 2360 adn.
1259 2314 1323 2371 1),
1352 2315 1426 2359 ubi
1453 2316 1563 2360 haec
1587 2314 1703 2359 Calvi
1733 2315 1802 2358 in-

282 2387 551 2444 terpretatio
578 2385 748 2446 legitur
775 2400 818 2445 p.
847 2385 1072 2430 DCXCVlll
1103 2400 1150 2432 s„
1169 2384 1227 2446 (in
1255 2385 1499 2430 Basileensi
1530 2385 1803 2444 repetitione

281 2470 326 2514 p.
354 2455 455 2501 472
483 2454 552 2514 s.).

387 2665 540 2711 Restat
576 2666 769 2727 denique
807 2674 858 2711 ut
894 2672 1187 2726 conspectum
1217 2658 1439 2711 variarum
1465 2671 1672 2710 notarum
1702 2665 1802 2723 qui·

283 2732 369 2777 bus
396 2736 595 2793 pondera
623 2743 667 2781 et
694 2750 930 2782 mensurae
958 2738 1001 2781 in
1028 2736 1098 2780 his
1130 2736 1331 2796 reliquiis
1361 2734 1670 2794 significantur
1695 2747 1800 2794 pro-

283 2816 471 2862 ponam;
510 2820 560 2850 ac
594 2806 786 2865 primum
824 2807 1003 2866 quidem
1041 2806 1156 2851 assis
1182 2813 1334 2866 partes
1363 2820 1444 2851 suo
1472 2805 1626 2850 ordine
1652 2817 1799 2863 usque

285 2873 338 2916 ad
365 2874 635 2933 scripulum,
676 2883 770 2921 tum
806 2877 1006 2936 reliquas
1040 2882 1172 2922 notas
1210 2876 1452 2921 secundum
1489 2875 1662 2919 litteras
1698 2888 1799 2934 per-

284 2955 465 3002 sequar.
