1946 3220
560 149 884 186 Semnones
911 149 1172 184 Gaancos.
1530 130 1630 183 121

105 265 268 324 LXXII,
296 266 484 326 eiusque
510 263 628 310 mina
653 263 800 311 unciis
819 263 1031 311 Romanis
1056 263 1130 309 XV
1142 259 1188 326 ¹).
1244 262 1365 310 Haec
1389 263 1488 323 ipsa
1514 265 1632 310 mina

21 362 28 366 -
107 336 155 455 ἒ.)
201 334 354 382 tabula
397 335 669 397 hippiatrica
716 333 830 396 (cap.
867 334 958 394 xil)
1003 335 1255 396 reperitur:
1301 327 1335 394 ἡ
1371 330 1477 394 μνᾶ
1522 327 1633 394 ἔχει

177 417 250 454 ΙΕ.
1243 421 1246 423 ’

104 529 172 569 De
209 530 487 569 vetustissima
514 527 801 569 ptolemaicae
839 528 1064 635 cjtraclzmae
1102 529 1392 569 aestimatione
1424 541 1451 568 α
1481 527 1635 569 Roma·

755 585 820 625 nis
871 590 983 625 aeta.

213 657 367 703 Monet
399 670 470 702 me
507 656 546 703 is
581 656 710 703 locus
747 671 882 718 quem
912 659 1063 703 statim
1097 657 1258 715 attuli,
1295 664 1347 703 ut
1378 657 1464 703 alia
1498 657 1552 703 de
1579 671 1629 703 re
1660 650 1718 702 71

106 727 372 806 gravissima
396 740 762 774 commemorem.
814 728 934 774 ldem
953 728 1070 773 enim
1098 734 1259 773 auctor
1283 728 1450 773 minam
1470 723 1633 775 ὁλκὰς

106 787 202 859 ριβ’
227 802 259 846 β
285 797 450 843 habere
477 797 586 844 dicit
618 804 665 843 et
700 798 920 844 continuo
953 797 1077 844 addit
1101 791 1133 856 ἡ
1160 792 1311 857 λίτρα
1337 792 1447 857 ἔχει
1470 793 1633 846 ὁλκὰς

104 860 170 928 Q'.
216 867 333 914 Haec
354 868 555 928 quamvis
575 869 690 913 mira
709 867 960 925 videantur,
991 867 1204 914 facillime
1227 874 1374 914 tamen
1400 867 1633 914 illustran-

107 935 242 998 tur2).
289 937 465 983 Etenim
490 951 593 984 cum
620 938 765 984 eidem
791 939 937 984 minae
959 938 1219 984 tribuantur
1243 944 1289 984 et
1315 938 1476 984 unciae
1492 938 1567 983 XV
1587 944 1635 984 et

105 1010 342 1056 drachmae
379 1007 485 1054 CXII
517 1012 579 1067 5,
621 1007 841 1066 efficitur,
885 1014 938 1054 ut
972 1009 1193 1055 eiusmodi
1231 1008 1466 1054 drachmas
1500 1009 1634 1054 uncia

104 1080 269 1126 habeat
289 1077 360 1124 Vll
376 1082 426 1136 5,
454 1078 570 1125 libra
589 1078 672 1125 XC.
725 1079 835 1125 Item
861 1077 1054 1125 Galenus
1080 1093 1134 1125 eo
1159 1078 1264 1125 loco
1291 1078 1370 1125 ubi
1395 1079 1450 1124 de
1475 1079 1635 1125 drach·

104 1163 280 1196 marum
328 1149 546 1195 varietate
595 1150 691 1210 agit
733 1149 809 1209 (fr.
849 1149 923 1209 44)
971 1149 1260 1210 plurimos
1312 1149 1422 1196 dicit
1473 1150 1635 1196 unciae

106 1220 342 1268 drachmas
369 1219 441 1265 vll
466 1223 498 1264 5
528 1219 741 1265 tribuere.
797 1220 889 1266 Iam
921 1233 1029 1266 vero
1055 1221 1273 1266 memoria
1297 1226 1555 1281 repetamus
1589 1219 1635 1265 id

108 1291 232 1352 quod
270 1290 439 1336 totiens
476 1290 695 1348 diximus,
732 1289 1052 1336 Ptolemaicam
1083 1291 1338 1336 drachmam
1368 1305 1392 1336 a
1422 1289 1635 1337 Romanis

106 1375 207 1409 cum
242 1373 295 1406 eo
332 1360 518 1406 denario
556 1360 632 1420 qui
674 1367 744 1406 est
782 1362 943 1407 unciae
978 1368 1133 1407 octava
1163 1375 1268 1421 pars
1295 1361 1635 1421 aequiperatam

105 1444 222 1478 esse.
273 1429 361 1476 Sed
390 1429 585 1476 Neronis
623 1430 803 1477 demum
840 1437 987 1476 aetate
1029 1431 1085 1476 ad
1118 1431 1163 1476 id
1200 1431 1381 1491 pondus
1423 1431 1636 1477 denarius

105 1501 319 1549 redactus
354 1506 449 1557 est;
483 1501 596 1547 haec
631 1501 731 1562 ipsa
761 1500 904 1562 igitur
938 1501 1190 1547 aestimatio
1220 1502 1485 1561 neutiquam
1513 1501 1566 1547 ad
1590 1502 1637 1547 id

107 1580 285 1633 tempus
320 1572 554 1632 pertinere
587 1578 743 1632 potest
782 1568 886 1633 quo'
909 1571 1106 1632 primum
1136 1571 1370 1632 provincia
1406 1571 1524 1618 sacta
1563 1578 1636 1617 est

103 1644 356 1703 Aegyptus.
427 1641 569 1703 Atqui
604 1642 847 1688 vetustiori
880 1642 1066 1688 denario
1104 1649 1200 1688 tum
1238 1641 1450 1688 drachma
1483 1642 1638 1703 aequi·

105 1718 265 1774 perata
300 1711 400 1758 est?
466 1712 672 1768 Minime3
706 1727 809 1758 nam
844 1726 946 1759 cum
979 1713 1018 1758 is
1055 1713 1266 1759 denarius
1288 1713 1493 1772 >septima
1530 1727 1636 1774 pars

106 1782 273 1829 unciae
300 1788 448 1841 esset,
490 1782 764 1830 Ptolemaica
809 1790 958 1829 autem
994 1782 1207 1829 drachma
1239 1783 1479 1829 manifesto
1515 1790 1638 1829 esset

106 1852 281 1912 levior,
305 1852 403 1898 fieri
428 1864 519 1898 non
547 1855 716 1914 potuit,
741 1859 793 1898 ut
820 1853 1007 1899 Romani
1034 1859 1268 1899 externum
1294 1853 1472 1914 pondus
1499 1853 1636 1914 idque

104 1921 252 1969 levius
284 1936 386 1970 cum
424 1922 595 1969 denarii
631 1924 703 1969 sui
736 1924 907 1970 maiore
941 1923 1145 1984 pondere
1179 1924 1438 1971 miscerent.
1492 1923 1634 1970 lmmo

107 2000 262 2040 exacta
295 1994 473 2040 ratione
508 1993 708 2041 calculos
744 1994 1062 2041 subducamus.
1123 1993 1186 2040 Ex
1224 1995 1338 2055 ipsis
1380 1994 1635 2055 ponderum

106 2063 414 2110 monumentis
448 2067 772 2126 cognovimus,
812 2070 977 2125 quanta
1004 2064 1087 2110 suh
1110 2065 1416 2111 Romanorum
1443 2065 1637 2126 imperio

105 2133 379 2181 Ptolemaica
409 2135 530 2180 mina
563 2133 775 2196 fuerit'*(§
800 2134 888 2194 67).
939 2134 1077 2181 Cuius
1105 2135 1363 2182 drachmam
1404 2135 1497 2181 sive
1532 2149 1636 2181 cen·

109 2204 312 2251 tesimam
333 2211 508 2265 partem
537 2207 574 2251 si
602 2219 704 2252 cum
729 2207 863 2252 uncia
888 2220 1225 2266 comparamus,
1255 2212 1370 2267 quot
1398 2205 1637 2252 drachmae

106 2276 154 2321 in
180 2277 358 2322 unciam
385 2276 658 2323 incurrunt?
707 2276 872 2337 Utique
905 2283 1078 2338 septem
1105 2291 1207 2324 cum
1245 2272 1503 2335 semisse³)‚
1533 2287 1638 2336 per-

223 2439 265 2491 1)
302 2441 433 2481 Mina
471 2439 760 2482 Ptolemaica
801 2454 858 2482 ex
894 2441 1198 2482 Romanorum
1243 2440 1447 2492 ratione,
1500 2452 1636 2493 quam

109 2499 274 2538 auctor
311 2497 367 2537 de
398 2496 586 2538 talentis
616 2499 846 2551 sequitur,
889 2501 958 2539 est
995 2498 1235 2538 unciarum
1268 2496 1374 2551 1233
1415 2495 1532 2537 adde
1563 2496 1636 2538 his

109 2553 315 2606 quintam
345 2556 547 2607 partem.
579 2553 692 2593 fiunt
720 2554 888 2595 unciae
921 2555 988 2594 15.
1047 2553 1164 2594 Vide
1197 2551 1363 2596 Christ.
1394 2566 1438 2606 p.
1470 2554 1542 2594 82.

221 2609 266 2660 2)
304 2609 500 2650 Rectam
540 2610 638 2651 eius
677 2611 746 2651 rei
792 2609 1142 2664 cognoscendae
1191 2609 1317 2650 viam
1362 2609 1640 2650 monstravit

109 2662 278 2706 Christ.
310 2679 355 2718 p,
387 2667 440 2706 82
472 2678 508 2707 s.
528 2666 662 2707 84s.

224 2720 268 2774 3>
300 2722 513 2763 Pondera
543 2723 669 2776 ipsa,
701 2725 753 2762 ut
782 2722 1143 2762 demonstratum
1174 2723 1244 2762 est
1274 2718 1319 2775 (ἓ
1350 2722 1404 2763 67
1437 2721 1542 2762 adn.
1575 2720 1638 2774 1),

107 2776 305 2830 produnt
334 2779 503 2819 minam
526 2792 590 2832 gr.
614 2779 757 2830 352‚6,
789 2778 1050 2819 drachmam
1073 2791 1140 2832 gr.
1159 2779 1275 2829 3,53.
1314 2778 1451 2818 Hanc
1473 2777 1636 2819 drach-

109 2846 230 2874 mam
262 2846 479 2888 compara
510 2848 613 2876 eum
644 2835 782 2875 uncia
812 2834 1020 2875 Romana
1051 2847 1118 2888 gr.
1153 2835 1302 2884 2739:
1338 2833 1554 2887 efficitur,
1585 2837 1641 2874 ut

109 2889 356 2931 drachmae
388 2892 487 2943 7,74
535 2893 774 2933 incurrant
819 2891 867 2931 in
915 2891 1113 2934 unciam.
1169 2891 1230 2931 At
1278 2890 1325 2931 id
1375 2890 1494 2943 quod
1543 2890 1639 2930 dixi

109 2944 356 2987 drachmae
394 2947 570 3000 pondus
608 2946 765 3001 paullo
806 2945 955 2988 levius
993 2947 1095 2990 fuit.
1153 2947 1327 2988 Divide
1365 2947 1551 2988 unciam
1588 2946 1638 2985 in
