1946 3220
325 144 432 198 204
680 134 999 194 vmm(mamam
1033 157 1104 190 DE
1139 154 1398 192 MENsUms
1662 139 1753 207 [23.
1773 138 1853 210 24]
1890 123 1927 182 j}

326 286 515 324 νονται
548 268 731 332 πήχεις
756 266 867 318 υπ’·
898 265 1126 318 τούτους
1161 263 1595 318 πολυπλαςίαςον
1621 265 1850 319 δεκάκις·

285 407 287 410 ,
327 355 411 406 καὶ
439 354 505 406 τὰ
537 351 791 415 γινόμενα
827 349 987 402 πάλιν
1020 347 1487 402 πολλαπλαςίαςον
1525 349 1613 402 ἐπὶ
1645 350 1773 403 τοὺς
1806 348 1851 403 δ’
1927 357 1933 362 ’

328 437 510 501 πήχεις
534 437 631 487 τοῦ
661 433 881 499 βάθους·
915 434 1000 485 καὶ
1033 432 1267 498 εὑρήςεις
1300 435 1519 498 χωροῦν
1554 434 1618 486 τὸ
1655 435 1849 488 πλοῖον

329 520 472 573 ςίτου
493 517 711 583 μοδίους
732 524 765 570 ᾶ
788 516 879 587 ,θς’
905 517 1199 570 Ἰταλικούς.
1237 517 1334 571 ἐὰν
1358 517 1418 570 δέ
1439 533 1518 569 τις
1538 516 1609 570 εἰς
1633 534 1851 583 καςτρη-

272 617 297 656 5
329 604 471 656 ςίους
508 592 627 671 εἴπῃ
662 601 910 666 μοδίους,
946 601 1214 655 ἀνάλυςον
1250 602 1378 655 τοὺς
1412 601 1631 666 μοδίους
1667 600 1739 655 εἰς
1772 602 1851 656 Ξέ-

328 704 477 750 ςτας,
510 686 594 739 καὶ
621 686 861 751 ψήφιςον
895 686 993 740 τὸν
1030 686 1219 750 μόδιον
1244 687 1341 738 τοῦ
1370 685 1512 738 ςίτου
1538 686 1671 739 κατὰ
1696 684 1741 738 δ’
1771 685 1850 740 ξέ-

330 788 473 824 ςτας·
495 770 737 834 γίνονται
758 769 900 823 ςίτου
925 770 1098 835 μόδιοι
1123 769 1370 834 μυριάδες
1398 768 1442 834 β’
1468 769 1606 839 ‘ou-x<
1657 769 1688 822 ὁ
1714 769 1852 823 ποὺς
1920 773 1922 775 ’

329 856 538 921 δέχεται
561 853 779 920 μοδίους
806 852 865 920 β’.

461 1041 464 1043 »
539 1007 627 1061 23.
677 1008 856 1060 Simile
874 1007 1152 1074 problema
1178 1023 1244 1058 θα)
1271 1008 1447 1058 eodem
1475 1007 1626 1058 libra.

245 1126 299 1166 10
746 1094 927 1171 Ἑτέρα
963 1106 1199 1170 μέτρηςις
1235 1104 1443 1159 πλοίου.

429 1204 638 1256 Πλοῖον
667 1204 1003 1268 μετρήςωμεν
1031 1202 1228 1255 οὕτως·
1256 1204 1350 1256 ἐὰν
1379 1204 1472 1272 ἔχῃ
1500 1203 1684 1268 πήχεις
1716 1202 1763 1267 μ’
1789 1204 1853 1257 τὸ

326 1290 490 1352 μῆκος
503 1287 587 1355 [τὸ
601 1286 763 1353 βάθος
775 1283 861 1356 δ’],
885 1288 918 1352 ἡ
939 1288 998 1340 δὲ
1017 1287 1294 1351 διάμετρος
1314 1290 1406 1352 τῆς
1429 1288 1649 1352 πρώρας
1667 1287 1854 1362 πήχεις

327 1371 391 1435 ς’,
415 1375 508 1436 τῆς
529 1371 771 1436 πρύμνης
790 1371 976 1436 πήχεις
995 1370 1058 1435 ς’,
1079 1371 1278 1424 κοιλίας
1298 1372 1482 1437 πήχεις
1500 1371 1567 1436 η’,
1593 1365 1733 1436 ὕψος
1753 1389 1854 1436 πη-

326 1458 441 1520 χῶν
463 1455 523 1508 δ’·
548 1455 983 1509 πολυπλαςίαςον
994 1455 1091 1519 τὴν
1104 1456 1330 1520 πρώραν
1351 1457 1438 1509 ἐπὶ
1452 1456 1580 1509 τοὺς
1602 1457 1694 1519 τὴς
1718 1456 1854 1520 πρύ-

244 1556 297 1597 15
325 1556 459 1604 μνης
474 1556 485 1567 ·
509 1539 751 1602 γίνονται
773 1536 874 1599 λς’·
904 1539 1088 1592 ςύνθες
1111 1540 1238 1592 τοὺς
1260 1538 1306 1599 ς’
1326 1541 1408 1592 καὶ
1426 1540 1554 1593 τοὺς
1576 1540 1649 1604 η’·
1671 1540 1854 1602 γίνον-

326 1641 411 1676 ται
433 1622 519 1677 ιδ’·
555 1623 634 1676 ὧν
659 1624 722 1676 τὸ
748 1623 898 1688 ἥμιςυ
922 1622 1124 1685 γίνεται
1145 1621 1208 1677 ζ’·
1239 1624 1467 1677 τούτους
1491 1624 1577 1677 ἐπὶ
1601 1625 1663 1677 τὸ
1692 1625 1854 1690 βάθος

326 1708 567 1769 γίνονται
601 1708 786 1772 πήχεις
812 1707 914 1772 κη’·
948 1707 1176 1760 τούτους
1215 1707 1300 1759 ἐπὶ
1323 1707 1387 1760 τὸ
1419 1711 1583 1773 μῆκος
1613 1707 1855 1770 γίνονται

326 1792 511 1855 πήχεις
547 1788 691 1861 ,αρκῖ
762 1791 793 1844 ὁ
830 1794 1002 1857 πῆχυς
1035 1793 1202 1856 χωρεῖ
1236 1790 1468 1856 ἀρτάβας
1503 1789 1575 1854 γ’·
1614 1792 1855 1854 γίνονται

328 1875 549 1941 ἀρτάβαι
585 1871 716 1944 ,γτξῖ
785 1875 894 1940 ἔχει
928 1876 961 1940 ἡ
999 1874 1203 1940 ἀρτάβα
1237 1875 1455 1938 μοδίους
1492 1875 1549 1942 β’.
1615 1876 1646 1929 ὁ
1681 1879 1855 1942 πῆχυς

243 1974 298 2014 20
328 1961 493 2023 χωρεῖ
518 1958 738 2024 μοδίους
762 1955 810 2029 ι’,
835 1959 1115 2036 Ἰταλικοὺς
1144 1958 1362 2023 μοδίους
1387 1959 1450 2020 ιγ’
1475 1969 1522 2012 5.

548 2139 636 2191 24.
686 2141 948 2192 Mensura
965 2141 1150 2205 fossae
1174 2156 1240 2190 em
1265 2141 1442 2191 eodem
1467 2141 1619 2193 libro.

800 2237 1060 2303 Μὲτρηςις
1096 2237 1378 2303 κολύμβου.

438 2334 714 2400 Κόλυμβον
769 2336 1104 2400 μετρήςωμεν
1156 2334 1352 2388 οὕτως·
1408 2335 1541 2389 ἔςτω
1589 2335 1853 2403 κόλυμβος

330 2418 472 2481 ἔχων
510 2421 673 2484 μῆκος
712 2422 900 2472 ποδῶν
937 2418 1003 2483 μ’,
1038 2419 1102 2471 τὸ
1143 2421 1218 2482 δὲ,
1240 2420 1444 2474 πλάτος
1475 2422 1664 2474 ποδῶν
1694 2419 1756 2484 κ’,
1788 2422 1853 2474 τὸ

245 2516 298 2555 25
329 2503 387 2553 δὲ
416 2502 578 2567 βάθος
606 2507 794 2557 ποδῶν
821 2501 890 2555 δ’·
927 2502 1101 2568 εὑρεῖν
1126 2503 1327 2560 πόςους
1351 2503 1608 2568 μετρητὰς
1632 2505 1798 2568 χωρεῖ
1820 2503 1853 2556 ὁ

330 2584 616 2650 κόλυμβος·
643 2586 783 2640 ποίει
811 2585 1009 2639 οὕτως·
1037 2586 1470 2641 πολυπλαςίαςον
1497 2588 1559 2640 τὸ
1580 2590 1743 2651 μῆκος
1767 2587 1855 2640 ἐπὶ

329 2666 392 2718 τὸ
415 2668 642 2721 πλάτος·
671 2670 912 2732 γίνονται
938 2671 1103 2724 πόδες
1132 2670 1216 2722 ω’·
1242 2670 1468 2724 τούτους
1493 2670 1852 2723 πολυπλαςία-

331 2764 425 2801 ςον
454 2749 541 2802 ἐπὶ
570 2752 632 2804 τὸ
665 2754 849 2817 βάθος·
892 2754 1132 2816 γίνονται
1158 2755 1322 2807 πόδες
1347 2753 1459 2823 ssc'·
1496 2754 1619 2816 λέγε
1654 2753 1735 2807 ὅτι
1763 2769 1853 2806 το-

441 2932 511 2971 20.
542 2926 597 2982 ιγ’
617 2930 663 2985 5]
697 2928 753 2983 ιγ’
785 2935 870 2975 duo
899 2936 1009 2977 libri
