1946 3220
95 124 98 125 ⁷
136 143 265 240 [116]

675 189 833 222 umen
871 189 942 223 DE
979 188 1125 224 Assa.
1592 173 1660 225 73

136 313 357 363 quaeque
395 296 591 348 illarum
630 306 678 348 et
714 299 764 347 in
803 298 920 348 alias
957 304 1121 364 partes
1159 299 1387 349 dividitur
1422 314 1545 364 quae
1581 315 1658 349 se·

136 382 399 432 cundariae
437 389 551 431 sunt
588 382 647 431 ad
688 389 868 439 totum;
908 385 1068 432 omnis
1106 384 1234 433 enim
1263 398 1377 448 pars
1403 385 1556 448 partis
1582 389 1657 433 to-

134 467 229 515 tius
277 480 392 530 pars
441 471 528 514 est.
558 464 669 533 [4.]
711 467 843 530 quod
892 466 1103 515 diximus
1151 466 1509 531 explanandum
1557 474 1657 517 est:

135 548 391 598 cuiuslibet
447 550 663 613 integrae
722 551 795 598 rei
849 551 899 598 in
956 549 1216 599 duodecim
1263 556 1429 615 partes
1477 550 1657 602 divisae

134 647 329 696 semper
388 632 676 682 duodecima
726 648 843 697 pars
889 635 1031 683 uncia
1080 634 1281 691 dicitur,
1338 641 1490 685 restat
1539 650 1655 684 vero
1687 640 1713 681 5

135 716 320 772 deunx;
381 722 428 765 et
483 716 574 765 hae
631 723 744 765 sunt
791 723 957 781 partes
1007 719 1195 781 primae
1244 718 1505 767 divisionis,
1556 716 1655 784 [5.]

89 838 96 846 .
134 800 254 849 haec
301 800 361 850 de
409 801 529 850 assis
575 799 794 864 partibus
843 808 1110 850 tractamus
1148 802 1240 850 nisi
1279 817 1336 850 eo
1376 802 1521 850 modo
1560 818 1656 866 quo

134 882 420 948 simpliciter
458 890 570 933 sunt
607 890 771 948 partes
808 890 862 933 ut
898 886 1076 948 integri
1101 886 1271 941 totiuS‚
1311 887 1499 950 species
1526 887 1656 935 enim

132 967 262 1016 illius
311 967 694 1017 innumerabiles
740 974 879 1025 sunt;
930 984 1040 1019 nam
1092 975 1332 1033 quotquot
1377 976 1490 1018 sunt
1531 970 1655 1018 inte-

132 1065 249 1114 grae
286 1052 522 1107 unitates,
566 1053 764 1101 totidem
804 1068 1006 1103 necesse
1044 1061 1117 1102 est
1152 1052 1358 1116 intelligi
1394 1054 1514 1102 assis
1550 1068 1655 1103 esse
1689 1059 1742 1099 10

131 1136 334 1200 species.
378 1132 477 1200 [6.]
519 1151 687 1185 earum
726 1138 965 1186 unitatum
1004 1135 1250 1201 quaelibet
1287 1136 1436 1186 divisa
1479 1138 1528 1186 in
1576 1153 1656 1186 ae·

134 1219 303 1284 quales
340 1225 504 1283 partes
542 1235 626 1268 sex
664 1227 851 1270 sextam
879 1220 1078 1269 habebit
1103 1210 1402 1276 sextantem,
1443 1221 1656 1286 reliquas

131 1303 436 1359 dex'tantem3
478 1317 595 1366 ergo
636 1305 704 1353 sic
730 1310 891 1368 potest
917 1304 1088 1352 dividi:
1129 1318 1244 1368 pars
1269 1319 1365 1353 una
1392 1306 1512 1354 assis
1539 1306 1656 1354 dex-

132 1394 263 1442 tans,
305 1386 454 1436 altera
492 1394 700 1437 sextans.
744 1386 843 1452 [7.]
873 1390 988 1437 item
1027 1386 1287 1436 cuiuslibet
1325 1390 1397 1437 rei
1434 1389 1656 1451 integrae

129 1471 178 1518 in
227 1477 437 1534 quatuor
483 1477 648 1534 partes
686 1470 913 1535 aequales
953 1471 1130 1520 divisae
1169 1477 1355 1535 quarta·
1377 1487 1492 1535 pars
1531 1487 1648 1535 qua-
1682 1477 1735 1518 15

131 1554 278 1603 draus
307 1552 603 1610 vocabitur,
651 1553 871 1618 reliquae
920 1554 1151 1604 dodrans.
1195 1552 1295 1620 [8.]
1335 1556 1450 1603 item
1495 1557 1657 1604 cuius-

129 1637 247 1687 libet
295 1639 369 1687 rei
416 1638 465 1686 in
515 1645 616 1687 tres
662 1645 826 1702 partes
875 1638 1053 1694 divisae
1100 1639 1224 1688 duae
1268 1637 1464 1687 illarum
1501 1639 1657 1688 bessis

131 1720 490 1777 nominabitur,
529 1721 749 1785 reliquae
787 1722 956 1771 triens,
998 1720 1095 1787 [9.]
1123 1737 1297 1771 rursus
1331 1723 1546 1772 cuiusvis
1582 1726 1656 1772 rei

130 1806 308 1854 divisae
357 1806 404 1853 in
451 1803 572 1854 tales
616 1804 735 1853 duas
774 1812 962 1868 parteS‚
1014 1819 1220 1869 quarum
1260 1805 1411 1855 altera
1451 1804 1653 1855 alteram

130 1891 333 1952 septima
371 1889 447 1937 sui
486 1889 632 1937 totius
670 1895 808 1952 parte
846 1895 1070 1952 superat,
1110 1895 1318 1952 septunx
1346 1888 1652 1954 nuncupabi-
1685 1894 1741 1934 20

131 1980 224 2029 tur,
266 1980 495 2037 superata
535 1973 799 2035 quincunx.
843 1970 977 2038 [1Ο.]
1015 1978 1151 2021 sexto
1191 1972 1336 2021 modo
1375 1987 1455 2021 res
1493 1972 1654 2037 aliqua

128 2059 316 2121 integra
365 2057 413 2105 in
463 2055 584 2104 duas
634 2055 861 2120 aequales
912 2057 1142 2105 minutias
1187 2063 1470 2120 separatur,
1529 2071 1654 2121 quae

129 2148 367 2204 utraeque
418 2141 566 2189 semis
614 2139 858 2188 dicuntur.
926 2139 1060 2205 [11.]
1110 2141 1315 2204 septima
1366 2139 1534 2189 divisio
1581 2140 1656 2189 his

129 2225 326 2288 adiungi
375 2229 558 2287 potest;
606 2237 718 2272 nam
767 2223 839 2272 rei
885 2225 1106 2286 integrae
1144 2226 1191 2272 in
1231 2229 1341 2272 octo
1379 2232 1544 2287 partes
1583 2223 1653 2272 di-

129 2307 364 2358 stributae
403 2322 516 2371 pars
553 2306 802 2373 quaelibet
841 2322 897 2356 ex
936 2306 1030 2356 illis
1069 2307 1177 2356 sine·
1211 2305 1315 2355 aliis
1342 2307 1649 2356 considerata
1681 2311 1738 2350 25

128 2392 379 2440 sescuncia
418 2391 510 2440 (lici
549 2399 730 2455 potest,
771 2390 990 2455 reliquae
1027 2390 1429 2440 semuncideunx.
1472 2438 1476 2442 .

235 2515 371 2583 [12]
399 2516 534 2566 Licet
571 2518 692 2567 assis
731 2517 898 2582 plures
929 2518 1025 2565 sint
1051 2516 1336 2573 divisiones,
1378 2523 1536 2565 tamen
1578 2515 1654 2565 his

128 2607 313 2666 septem
371 2601 637 2650 numerarii
694 2602 1065 2650 ratiocinatores
1113 2601 1269 2663 magis
1318 2605 1546 2656 utuntur,
1605 2607 1653 2650 et

126 2741 272 2748 ———

240 2825 278 2863 5.
311 2827 456 2864 restat
486 2822 577 2873 Bo'‘',
613 2828 743 2863 sexta
774 2823 860 2872 Ro,
897 2827 1111 2862 caeterae
1144 2824 1251 2864 coni.
1286 2822 1345 2863 Gr
1489 2825 1526 2864 7.
1561 2836 1650 2864 non

126 2892 215 2932 nisi
245 2897 351 2935 coni.
378 2893 451 2946 Gr,
483 2893 574 2934 nisi
603 2894 873 2944 participium
905 2904 996 2932 esse
1026 2893 1162 2932 videri
1192 2893 1368 2933 adnotat
1397 2891 1469 2932 Bo·
1585 2895 1650 2934 12.

30 2985 40 2993 «
79 2967 82 2970 ’
126 2959 335 3002 sex'add.
370 2961 442 3005 Gr.
558 2963 625 3004 25.
656 2961 748 3002 illis
780 2964 886 3003 coni.
922 2961 994 3012 Gr,
1028 2962 1086 3001 iis
1117 2960 1200 3013 Ba,
1238 2961 1345 3002 aliis
1379 2961 1444 3002 Ro
