1946 3220
582 0 790 19 ww
800 0 983 22 w*
998 0 1230 26 wat-*sm
1245 0 1307 16 ³⁴⁷·-
1321 0 1335 12 ν
1352 0 1377 4 »ἡ
1389 0 1395 3 -
1439 0 1443 3 -
1477 0 1482 3 -

726 25 731 27 ·
750 27 754 30 -
831 36 834 38 v
890 21 895 28 ·
931 20 971 35 ’,υ
1019 34 1022 35 γ
1055 26 1058 27 γ

61 133 235 220 Ῡ[1,17]
370 149 378 174 ·’
489 151 613 219 noct
649 167 681 219 n
718 165 886 218 memo
925 167 992 219 ¹5⁹¹?
1030 165 1220 218 mmm.
1562 150 1630 203 75

106 282 157 343 et
181 277 503 344 septuaginta,
542 277 697 327 triens
733 292 819 327 sex
834 282 895 342 ·et
918 278 1196 341 nonaginta,
1236 277 1630 341 quincunx-cen-

43 365 62 373 ”
105 354 210 410 tum
251 366 299 409 et
335 361 530 424 viginti,
578 361 725 410 semis
764 366 959 410 centum
1000 366 1049 410 et
1085 366 1293 426 quatuor
1331 367 1381 410 et
1418 358 1629 425 quadra-

57 462 61 463 *
103 445 254 508 ginta,
282 450 494 508 septunx
521 450 716 493 centum
745 450 792 493 et
819 450 928 493 octo
956 450 1003 493 et
1027 445 1300 509 sexaginta,
1332 444 1489 507 bessis
1516 458 1630 494 cen·

50 567 55 570 ,
104 533 210 576 tum
248 532 296 577 et
333 526 457 576 duos
495 534 541 576 et
578 528 866 591 nonaginta,
907 527 1123 577 dodrans
1148 527 1386 578 ducentos
1417 534 1465 579 et
1489 527 1631 578 sede-

105 612 224 667 cim,
265 610 467 660 dextans
494 611 742 660 ‘ducentos
780 618 828 661 et
865 610 1208 677 quadraginta,
1250 611 1412 661 deunx
1449 611 1630 662 ducen-
1661 622 1688 662 5

103 701 180 744 tos
229 700 276 744 et
322 700 532 760 quatuor
561 701 624 744 ‘et
662 696 936 759 sexaginta,
985 709 1037 744 as
1075 694 1310 745 ducentos
1348 702 1394 745 et
1432 702 1544 746 octo
1584 701 1631 745 et

107 779 372 842 octoginta.
1045 787 1048 790 ⁴
1139 772 1146 775 ’

7 794 36 935 μηεικκ
9 762 30 778 ’,-
7 636 34 755 πει-ετ
6 408 48 628 Wffffl„

108 929 227 981 117.
301 929 432 980 Loci
455 946 483 980 e
510 930 653 980 Festi
687 930 839 980 libris
862 930 926 980 de
951 929 1228 981 verborum
1253 931 1633 996 siqnificatione

484 1020 637 1081 atque
662 1030 727 1064 eze
758 1014 972 1079 epitome
996 1014 1152 1064 Pauli
1167 1012 1243 1081 ³¹⁸).

212 1111 328 1179 [17]
354 1117 496 1162 Actus
521 1116 656 1163 modo
683 1115 941 1176 significant
963 1141 1022 1150 —
1047 1117 1135 1163 iter
1161 1116 1281 1162 inter
1307 1117 1476 1163 vicinos
1504 1122 1632 1177 quat·
1666 1125 1717 1164 10

106 1194 212 1232 tuor
244 1187 409 1247 pedum
443 1185 614 1244 latum,
650 1186 784 1232 modo
821 1188 865 1231 in
903 1187 1175 1246 geometrica
1205 1186 1425 1233 minorem
1459 1193 1632 1247 partem

104 1257 277 1316 iugeri,
316 1257 360 1301 id
391 1263 460 1302 est
489 1264 668 1302 centum
693 1256 851 1316 viginti
883 1257 1062 1317 pedum.

212 1321 328 1388 [24]
356 1327 606 1372 Aestimata
643 1339 790 1387 poena
826 1325 880 1371 ab
916 1327 1117 1386 antiquis
1160 1326 1215 1372 ab
1251 1339 1355 1372 aere
1390 1327 1506 1372 dieta
1545 1332 1630 1382 est,

108 1397 187 1455 qui
217 1409 313 1441 eam
340 1397 690 1442 aestimaverunt
715 1409 991 1452 aere‚·ovem
1019 1396 1239 1454 decussis,
1267 1396 1425 1442 bovem
1450 1402 1633 1442 centus-

105 1465 190 1515 sis,
231 1466 314 1512 hoc
342 1471 412 1511 est
442 1466 595 1512 decem
620 1465 689 1511 vel
716 1472 894 1511 centum
921 1465 1115 1511 assibus.
1665 1471 1718 1512 15

212 1530 328 1598 [33]
370 1535 550 1581 Bessem
595 1535 870 1596 appellatum
915 1548 1043 1598 esse,
1093 1536 1215 1596 quod
1258 1535 1328 1580 bis
1378 1535 1517 1580 triens
1553 1536 1632 1591 sit,

107 1605 309 1666 quamvis
334 1605 448 1650 dura
472 1606 748 1666 compositio
775 1605 867 1650 fiat.
911 1602 1054 1666 [besis
1075 1618 1128 1650 ex
1147 1607 1323 1650 triente.
1367 1604 1490 1650 besis
1507 1601 1630 1651 vml

109 1682 217 1720 sunt
240 1677 416 1721 unciae.
468 1676 610 1720 triens
635 1671 772 1737 tres.]

215 1739 330 1807 [54]
352 1743 645 1790 Centenariae
673 1758 810 1791 cenae
836 1744 1103 1791 dicebantur
1128 1745 1172 1790 in
1200 1758 1311 1804 quas
1330 1744 1439 1805 ‘lege
1460 1743 1630 1790 Licinia

106 1828 195 1861 non
228 1814 332 1874 plus
359 1812 650 1860 centussibus
676 1821 860 1875 praeter
889 1821 1009 1860 terra
1034 1820 1137 1859 nata
1168 1813 1553 1874 inpendebantur‚
1588 1813 1632 1858 id
1664 1821 1719 1860 20

98 1891 177 1930 -est
200 1890 381 1930 centum
411 1884 615 1942 assibus,
646 1886 722 1945 qui
749 1890 878 1930 erant
904 1883 1062 1930 breves
1097 1883 1268 1930 nummi
1294 1898 1347 1930 ex
1374 1896 1489 1929 aere.
1504 1903 1510 1909 ·>

219 2039 260 2079 2.
303 2041 349 2076 et
389 2042 486 2076 ante
527 2021 722 2087 quatuor
759 2036 948 2088 idemque
986 2035 1162 2087 reliquis
1192 2034 1296 2074 locis
1321 2040 1422 2086 post
1452 2037 1633 2073 eentum

108 2113 151 2148 et
181 2106 402 2147 ducentos
432 2106 551 2146 uncis
570 2106 740 2146 seclusit
761 2103 833 2144 Bo‘
947 2105 989 2144 4.
1021 2108 1067 2144 et
1096 2103 1298 2144 sedecim
1318 2102 1401 2150 Βό,
1434 2103 1634 2143 sedecim

109 2176 170 2218 Gr
181 2175 273 2230 (qui
291 2178 469 2217 adnotat
485 2188 567 2228 pro
583 2174 771 2216 CCXVI
786 2174 1000 2214 librarium
1020 2175 1236 2227 accepisse
1250 2172 1472 2222 CCXXI),
1495 2185 1634 2213 unum

54 2282 65 2285 ,
108 2250 155 2287 et
184 2247 352 2299 viginti
385 2246 450 2287 Ro

220 2313 259 2366 ⁸)
302 2315 490 2356 Numeri
534 2315 663 2355 uncis
702 2311 871 2353 inclusi
921 2313 1128 2352 indicant
1172 2313 1370 2365 paginas
1417 2312 1634 2353 editionis

28 2250 30 2253 .
8 1931 37 2206 *vam
6 1255 47 1936 ’ψῖζιιενιηωῡ-ΠἚΨῊἯΝ».
8 1173 24 1243 -·”<·’
19 1096 24 1098 -
8 971 33 1073 ‘fn-’x

38 2399 53 2422 .·
106 2383 457 2427 Muellerianae.
516 2384 631 2425 Loci
669 2382 919 2424 minoribus
960 2382 1129 2422 litteris
1170 2382 1373 2435 expressi
1414 2394 1469 2421 ex
1498 2380 1635 2422 Pauli

38 2445 48 2507 J
108 2456 307 2511 epitome
345 2455 532 2508 repetiti
570 2458 688 2495 sunt.
748 2453 801 2492 In
840 2452 968 2493 Festi
1006 2451 1120 2492 locis
1160 2464 1216 2491 ea
1256 2463 1373 2503 quae
1406 2449 1635 2504 probabili

45 2531 50 2534 ’
110 2525 378 2565 coniectura
410 2523 567 2564 addita
597 2526 702 2564 sunt
740 2521 934 2563 cursivis
973 2521 1141 2561 litteris
1173 2519 1422 2561 Muellerus
1462 2518 1632 2574 signifi-

115 2594 255 2636 cavit.
1264 2583 1267 2585 ⁵

193 2713 203 2721 ¹
223 2665 289 2707 11.
323 2659 620 2716 geometrica]
653 2661 908 2714 gromatica
930 2660 1187 2717 Lqelmmnn.
1219 2661 1260 2699 in
1289 2659 1400 2700 Mus.
1424 2660 1555 2701 Rhea.
1577 2659 1638 2700 II

106 2746 152 2789 p.
187 2735 273 2774 357
388 2734 457 2775 14.
489 2733 821 2773 estimauerunt
849 2730 883 2770 G
998 2730 1201 2771 centusis
1236 2729 1271 2769 G
1386 2730 1452 2771 15.
1485 2729 1634 2770 decim

113 2802 149 2842 G
263 2803 330 2843 16.
362 2802 519 2843 besem
552 2801 587 2842 G
732 2802 797 2841 17.
831 2800 957 2840 besis
988 2804 1068 2839 etc.
1100 2801 1162 2839 sie
1193 2800 1311 2840 edidi
1339 2811 1361 2839 e
1395 2799 1431 2840 G
1566 2800 1632 2839 19.

111 2869 387 2926 Centenariq
419 2883 593 2912 caenae
627 2871 662 2910 G
777 2871 847 2910 20.
878 2868 1231 2922 'pterraenatab-
1260 2869 1310 2920 G,
1343 2874 1385 2910 et
1414 2868 1466 2909 ab
1496 2871 1636 2909 altera

114 2928 167 2981 m.
200 2929 228 2981 ‘t-
251 2929 381 2994 super
410 2946 480 2982 ‘ter

0 2692 53 3220 mavskssi-,ikemumf
