1946 3220
234 132 320 170 XII
437 159 446 170 .
711 151 726 167 l
799 126 1094 165 PRAEFATIO
1132 128 1187 162 IN

341 247 536 290 51-66,
581 245 647 290 Ad
683 257 779 290 eam
813 242 1064 303 ponderum
1095 245 1142 286 et
1174 253 1492 287 mensurarum
1524 238 1757 287 collectio-

235 330 336 362 nem
388 329 520 375 quam
563 314 797 361 Galeneam
841 310 1068 372 appellare
1117 311 1432 358 consuevimus
1478 311 1566 356 etsi
1610 310 1757 358 libros

236 399 371 431 manu
405 387 601 444 scriptos
627 384 836 431 conferre
861 395 954 427 non
983 382 1139 442 potui,
1174 386 1326 426 tamen
1361 385 1631 441 apparatum
1663 395 1755 427 non

238 455 538 516 spernendum
581 454 635 499 ad
677 468 752 499 eas
796 451 973 500 tabulas
1014 451 1313 498 emendandas
1355 465 1429 496 me
1471 453 1757 511 congessisse

237 527 461 572 existimo.
523 524 630 569 Nam
674 526 719 569 in
757 521 991 569 nonnullis
1030 522 1158 569 libris
1199 527 1354 582 partes
1395 521 1613 582 quaedam
1658 523 1756 568 eius

237 594 521 643 collectionis
564 596 628 640 ita
666 594 810 640 editae
853 598 1082 652 sunt‚·ut
1119 592 1344 652 scriptura
1388 594 1508 653 typis
1547 605 1757 653 expressa

238 666 330 710 sere
358 664 563 711 codicum
591 678 725 711 manu
750 665 1027 724 scriptorum
1059 664 1375 709 auctoritatem
1402 663 1577 708 habeat.
1626 661 1756 708 Mitto

237 735 457 782 editiones
477 734 681 782 Aldinam
703 734 807 794 (vol.
828 734 883 780 IV
894 740 1005 780 extr.
1028 727 1212 791 s01.48¹³)
1237 738 1282 779 et
1302 732 1600 781 Basileensem
1616 731 1687 791 (tv
1709 747 1754 792 p.

235 801 356 867 466),
379 804 458 852 ubi
485 818 509 851 e
533 805 767 852 codicibus
792 805 1033 851 deterioris
1057 810 1193 851 notae
1217 817 1293 850 eas
1319 802 1496 850 tabulas
1521 817 1758 863 expressas

236 887 337 921 esse
363 874 470 932 vidi,
499 883 779 936 quapropter
803 883 907 935 post
934 889 1029 936 cap.
1058 875 1093 921 ll
1118 875 1369 934 scripturae
1395 875 1659 920 varietatem
1684 873 1759 918 ad-

235 952 396 991 notare
426 945 565 1002 desii;
603 947 681 992 sed
715 961 921 1006 magnam
953 946 1266 991 auctoritatem
1301 945 1449 990 inveni
1474 943 1758 990 tribuendam

238 1028 338 1061 esse
363 1017 404 1061 ei
430 1015 691 1062 collectioni
723 1032 854 1076 quam
880 1015 1082 1061 Neander
1112 1015 1253 1062 edidit
1277 1017 1323 1060 in
1347 1013 1467 1061 libro
1496 1016 1573 1074 qui
1597 1015 1760 1060 inscri-

235 1084 361 1131 bitur
388 1080 620 1146 (ύνοψιε
660 1101 973 1133 mensurarum
1009 1094 1054 1131 et
1089 1085 1340 1146 ponderum
1371 1084 1522 1144 (Besil.
1552 1083 1680 1143 1554)
1713 1099 1758 1144 p.
1797 1116 1801 1119 -

237 1158 291 1200 85
318 1170 378 1200 ss.
429 1155 629 1216 Namque
655 1158 767 1203 haec
790 1156 1022 1203 Neandrea
1050 1169 1100 1202 ex
1126 1156 1280 1202 codice
1307 1169 1446 1202 manu
1478 1156 1652 1216 scripto
1681 1169 1759 1215 pe-

236 1227 320 1271 tita
353 1238 481 1284 esse,
521 1230 608 1272 etsi
641 1227 755 1272 nihil
786 1228 932 1273 editor
961 1227 1014 1273 de
1050 1241 1101 1273 ea
1139 1240 1189 1272 re
1232 1232 1580 1283 commemorat,
1610 1232 1760 1271 tamen

236 1295 432 1341 dilucide
456 1297 560 1342 inde
588 1306 791 1358 apparet,
821 1298 942 1358 quod
966 1296 1193 1358 permulta
1218 1297 1271 1343 ab
1297 1296 1575 1343 editionibus
1599 1295 1760 1342 Aldina

238 1372 283 1410 et
307 1366 550 1412 Basileensi
586 1370 650 1415 ita
683 1369 963 1430 discrepant,
995 1374 1046 1413 ut
1073 1382 1124 1414 ea
1152 1381 1207 1414 ex
1242 1368 1428 1428 ingenio
1463 1367 1634 1427 corrigi
1668 1380 1760 1412 non

236 1438 484 1496 potuerint.
534 1437 635 1484 Non
667 1440 857 1485 minoris
894 1440 1112 1484 momenti
1141 1444 1212 1484 est
1245 1451 1296 1484 ea
1327 1437 1538 1485 collectio
1575 1439 1760 1498 quaein

236 1506 296 1550 Η,
315 1505 532 1567 Stephani
571 1509 827 1570 Appendice
862 1508 1118 1555 libellorum
1164 1508 1218 1554 ad
1262 1509 1527 1559 thesaurum
1570 1509 1762 1554 Graecae

237 1576 420 1636 linguae
450 1580 772 1638 pertinentium
804 1595 849 1640 p.
875 1582 958 1624 213
985 1595 1045 1626 ss.
1072 1581 1314 1640 reperitur.
1367 1579 1544 1625 Etenim
1571 1585 1615 1624 et
1639 1578 1761 1624 bono

237 1647 394 1693 codice
413 1663 525 1696 usus
546 1656 615 1695 est
638 1649 892 1710 Stephanus
916 1658 976 1707 et,
1005 1664 1093 1710 qua
1113 1651 1344 1710 praestitit
1363 1649 1546 1710 linguae
1569 1648 1762 1695 Graecae

238 1718 428 1777 peritia,
457 1720 736 1766 emendatius
764 1734 897 1781 quam
925 1722 1166 1780 quisquam
1189 1720 1335 1767 adhuc
1363 1734 1439 1766 eas
1465 1719 1642 1766 tabulas
1671 1719 1764 1764 edi-

238 1787 318 1832 dit.
369 1788 567 1850 Denique
599 1792 733 1836 etiarn
759 1798 865 1851 post
889 1791 1162 1838 Nicandrum
1187 1790 1396 1837 Aldinum
1424 1789 1482 1850 (v,
1510 1790 1627 1851 prol.
1658 1790 1687 1847 S
1707 1791 1764 1834 83

239 1858 338 1902 adn.
366 1858 407 1917 l)
451 1865 546 1906 tres
582 1862 783 1907 eiusdem
820 1860 1104 1908 collectionis
1142 1861 1323 1907 tabulae
1355 1874 1379 1907 e
1418 1861 1573 1915 codice
1608 1860 1761 1919 aliquo

239 1930 426 1988 antiquo
450 1943 689 1990 expressae
715 1939 834 1986 sunt.
898 1931 983 1977 Sed
1011 1931 1221 1978 omnihus
1245 1932 1317 1977 his
1344 1930 1476 1976 libris
1502 1944 1635 1976 nemo
1666 1930 1763 1975 sere

237 1999 439 2045 vii-orum
463 1999 703 2047 doctorum
729 2016 842 2047 usus
869 2008 955 2059 est,
978 2006 1223 2062 postquam
1245 2001 1505 2048 Charterius
1526 2003 1573 2046 in
1593 2001 1763 2061 Hippo-

240 2070 378 2114 cratis
403 2076 448 2115 et
475 2070 627 2116 Galeni
656 2086 846 2132 operum
870 2079 995 2118 tomo
1024 2071 1194 2132 X111(p.
1216 2073 1299 2116 975
1313 2071 1397 2129 ss.)
1428 2071 1607 2118 easdem
1631 2071 1762 2118 tabu·

221 2137 306 2184 'las
342 2139 494 2185 edidit.
548 2139 630 2195 Qui
661 2143 837 2201 quidem
857 2144 979 2188 ’haec
1005 2143 1051 2187 in
1081 2157 1133 2189 ea
1158 2156 1207 2188 re
1235 2155 1284 2188 se
1310 2143 1462 2202 egisse
1494 2141 1761 2203 profitetur:
1824 2192 1829 2196 ,

248 2209 523 2257 Versz'enem
551 2212 815 2259 Cadatdim·
852 2214 1073 2272 lenimus,
1118 2214 1324 2272 alteram
1359 2227 1549 2273 quoque
1573 2211 1762 2258 Ander-

239 2286 357 2326 naci
392 2287 435 2327 et
471 2286 663 2328 tertiam
687 2284 743 2328 H.
773 2284 1034 2342 Stephani3
1066 2285 1152 2329 sed
1182 2285 1419 2331 Graecum
1444 2291 1627 2331 textum
1655 2298 1763 2330 eum
1830 2321 1833 2323 .

241 2366 386 2396 manu
411 2357 592 2411 scripto
619 2354 788 2400 codice
814 2354 960 2414 Reyio
988 2361 1034 2399 et
1060 2355 1288 2403 cumCaz‘
1314 2356 1621 2411 Britannici,
1660 2354 1761 2399 Mo-

242 2422 372 2466 rellii
401 2431 447 2468 et
472 2425 776 2482 quorundam
803 2426 1010 2471 aliorum
1040 2425 1328 2472 editionibus
1360 2427 1672 2479 cantitamus-,-
1700 2439 1763 2470 ac

243 2492 427 2538 demum
454 2493 676 2540 Latinam
714 2499 981 2541 versionem
1015 2510 1187 2542 novam.
1221 2511 1282 2542 ac
1317 2504 1536 2543 nostram
1573 2496 1762 2542 Graeco

232 2564 510 2620 *ememplari
533 2570 683 2624 maqis
707 2568 964 2627 analoyam
988 2568 1293 2613 condidimus
1319 2575 1363 2613 et
1388 2575 1605 2613 textuum
1633 2580 1762 2613 com-

238 2639 490 2689 pertorum
516 2638 811 2682 incremento
841 2638 1237 2697 locupletavimus
1266 2638 1393 2698 (tom.
1421 2639 1513 2684 Xlll
1538 2653 1583 2698 p.
1616 2633 1757 2698 1022).

241 2701 374 2748 Vides
398 2702 553 2748 multis
580 2705 791 2751 subsidiis
821 2723 953 2754 usum
978 2723 1079 2755 esse
1104 2708 1409 2763 Cliarterium3
1438 2723 1522 2755 nec
1546 2715 1694 2753 tamen
1722 2708 1760 2752 is

242 2773 324 2818 hac
349 2773 446 2831 ipsa
473 2775 603 2833 copia
639 2775 828 2821 multum
864 2778 1074 2825 utilitatis
1104 2778 1283 2836 attulit,
1323 2781 1535 2839 quoniam
1565 2777 1760 2838 singulis

244 2840 385 2899 lociS,
422 2843 538 2888 unde
572 2858 775 2905 quaeque
803 2849 1088 2908 repetiverit,
1124 2863 1217 2896 non
1251 2850 1494 2895 adnotavit.
1549 2850 1613 2895 Ac
1639 2847 1760 2893 vide-

244 2919 317 2958 tur
343 2910 639 2972 aliquotiens,
679 2914 754 2960 ubi
780 2909 934 2963 ἄλλοι
966 2918 1035 2962 vel
1069 2916 1100 2976 ἢ
1130 2919 1267 2966 habet
1295 2919 1579 2979 alterumque
1604 2931 1760 2964 nume-
