1946 3220
288 141 361 194 40
817 153 1202 189 PROLEGOMENA
1227 154 1280 187 IN

290 272 532 333 quadratae
553 269 679 316 illum
698 268 898 315 modium
925 279 1058 326 quem
1077 279 1102 311 e
1118 266 1275 312 Graeci
1294 264 1501 313 vocabuli
1521 265 1816 312 similitudine

290 341 573 389 satorium
609 339 837 401 appellare
864 337 1012 397 placet
1044 335 1346 397 complebant.
1401 336 1491 382 Iam
1517 350 1625 383 vero
1661 339 1815 383 recor·

290 413 448 459 demur
478 412 610 456 etiam
645 409 880 468 antiquum
921 420 1063 452 amma
1097 414 1323 467 agrestem
1355 421 1614 453 mensuram
1653 407 1812 464 fuisse,

291 496 406 544 quae
432 482 569 527 denas
595 480 776 539 orgyias
802 479 848 523 in
873 477 1204 536 longitudinem
1230 483 1276 525 et
1298 476 1600 537 latitudinem,
1628 477 1815 524 omnino

289 553 429 611 igitur
459 556 654 596 centum
691 548 931 609 quadratas
971 549 1154 609 orgyias
1190 548 1390 595 haberet.
1464 547 1640 594 Modius
1673 548 1816 608 igitur

288 623 583 667 ducentarum
621 621 882 680 orgyiarum
915 619 1026 664 nihil
1059 619 1146 664 nisi
1183 619 1347 679 duplex
1377 625 1447 664 est
1482 633 1637 665 amma.
1691 617 1815 672 Quae

288 693 325 737 si
351 697 638 752 reputamus,
677 690 853 735 cuinam
880 688 1022 735 latere
1046 696 1202 750 potest
1235 689 1383 749 iugeri
1409 689 1702 735 similitudine
1726 689 1814 734 Ro-

286 775 445 808 manos
482 760 598 807 hanc
630 774 885 806 mensuram
911 759 1142 819 effecisse,
1177 773 1291 821 quae
1316 759 1453 821 duplo
1484 761 1668 820 longior
1693 766 1814 805 esset

289 846 424 892 quam
467 831 618 883 latior.
685 834 834 892 Atque
883 831 1116 891 aptissime
1154 831 1335 891 quidem
1374 837 1581 892 quartam
1616 830 1814 877 tabulam

286 902 495 949 conferre
531 902 668 960 licet7
709 902 786 947 ubi
821 903 983 962 iugero
1024 902 1178 948 decem
1214 915 1402 948 acaenae
1437 902 1482 946 in
1510 900 1813 958 latitudinem,

286 972 446 1032 viginti
466 974 510 1018 in
535 972 884 1033 longitudinem,
912 973 1093 1018 omnino
1120 973 1339 1019 ducentae
1360 985 1548 1023 acaenae
1570 971 1814 1031 quadratae

285 1043 550 1089 tribuuntur
573 1042 710 1104 (prol.
742 1043 771 1101 S
802 1039 887 1102 23).
938 1042 1059 1098 Quot
1084 1043 1225 1102 igitur
1259 1057 1503 1089 acaenas
1543 1042 1590 1087 in
1615 1042 1815 1101 longitu-

284 1113 434 1159 dinem
459 1119 505 1159 et
528 1113 812 1159 latitudinem
843 1113 1052 1173 iugerum
1077 1113 1294 1171 habebat⁷
1331 1119 1402 1159 tot
1438 1113 1678 1174 orgyiae
1718 1113 1816 1158 sue·-

285 1191 394 1230 runt
418 1183 555 1229 modii
581 1185 755 1241 satorii⁷
783 1198 916 1244 quem
944 1184 1274 1244 quodammodo
1302 1185 1510 1244 iugerum
1538 1183 1722 1243 orgyiae
1750 1183 1816 1228 di-

285 1267 388 1300 cere
413 1254 535 1299 licet.

391 1323 478 1369 Sed
499 1331 647 1370 tamen
674 1339 814 1370 unum
838 1324 1038 1371 nondum
1061 1324 1372 1385 explicuimUS‚
1402 1323 1630 1385 quomodo
1658 1337 1817 1369 evene·

283 1394 371 1452 rit,
399 1400 451 1440 ut
479 1395 660 1456 orgyia,
690 1409 804 1455 quae
828 1395 982 1456 paullo
1011 1396 1156 1442 maior
1186 1401 1362 1455 septem
1386 1394 1577 1455 pedibus
1602 1394 1814 1440 Romanis

270 1478 386 1510 ¹csse
426 1464 643 1524 debebat,
686 1466 844 1511 iisdem
880 1480 973 1511 uno
1015 1465 1158 1526 digito
1192 1466 1341 1511 minor
1374 1464 1520 1511 fieret.
1595 1464 1815 1510 Nimirum

285 1534 486 1581 modium
534 1537 753 1582 satorium
798 1536 875 1596 qui
929 1550 981 1581 ex
1019 1537 1103 1581 hac
1137 1537 1298 1597 orgyia
1331 1535 1479 1582 sactus
1518 1540 1588 1581 est
1627 1535 1815 1581 Romani

287 1619 422 1666 quam
472 1606 753 1652 exactissima
799 1608 974 1652 ratione
1021 1607 1257 1652 tertiam
1298 1606 1447 1666 iugeri
1493 1612 1669 1666 partem
1714 1619 1814 1651 esse

284 1674 552 1732 voluerunt3
582 1676 726 1737 ipsius
753 1676 896 1737 igitur
926 1678 1110 1738 orgyiae
1135 1677 1319 1723 modum
1345 1677 1454 1722 adeo
1480 1677 1814 1735 deminuerunt,

282 1753 335 1791 ut
369 1746 456 1792 ista
491 1754 645 1792 exacta
680 1762 814 1807 quam
848 1747 936 1792 dixi
971 1748 1088 1793 ratio
1124 1743 1353 1806 valeret3).
1404 1747 1490 1792 Sed
1528 1760 1814 1807 quaeramuS,

286 1823 505 1877 quantum
542 1818 759 1863 frumenti
794 1818 838 1862 in
877 1818 1029 1864 modio
1066 1819 1239 1863 satorio
1269 1818 1435 1863 sevisse
1465 1817 1715 1862 videantur.
1766 1817 1813 1861 In

283 1886 444 1947 iugero
471 1888 565 1933 fere
588 1902 727 1933 unum
755 1888 1029 1933 medimnum
1058 1889 1220 1947 tritici,
1249 1902 1363 1948 quae
1396 1888 1669 1934 Graecorum
1693 1901 1815 1932 men-

284 1971 391 2003 sura
418 1971 494 2003 sex
520 1958 746 2004 Romanos
777 1959 957 2004 modios
987 1966 1176 2018 aequat,
1218 1958 1440 2018 agricolas
1472 1971 1622 2004 serere
1652 1957 1814 2003 solitos

285 2040 385 2072 esse
413 2027 522 2072 satis
552 2023 799 2087 constat⁴):
834 2036 1023 2089 apparet
1047 2030 1191 2088 igitur
1215 2029 1434 2074 satorium
1459 2028 1675 2086 modium⁷
1702 2042 1815 2088 quo·

397 2231 447 2287 3)
486 2234 688 2275 Primum
719 2235 787 2276 ita
827 2235 1032 2276 calculos
1069 2248 1314 2289 ponamus,
1355 2238 1407 2275 ut
1447 2235 1684 2288 antiquam
1722 2234 1812 2275 Ae-

284 2302 346 2343 gy
379 2291 544 2331 tiorum
588 2292 793 2344 orgyiam
832 2292 1154 2339 subiiciamus‚
1203 2305 1321 2345 quae
1362 2304 1461 2331 cum
1508 2291 1648 2344 pedes
1685 2291 1813 2334 Rom.

284 2346 327 2387 7¹
352 2374 369 2400 5
393 2351 586 2400 aequet,
619 2348 846 2401 quadrata
868 2349 1029 2402 orgyia
1053 2347 1198 2389 efficit
1218 2348 1359 2402 pedes
1382 2348 1625 2400 quadratos
1647 2343 1814 2400 51²¹s25,

283 2404 464 2444 modius
495 2405 696 2444 satorius
728 2404 832 2456 ped.
865 2406 1021 2457 quadr.
1057 2405 1218 2454 103683
1250 2409 1345 2445 tres
1376 2405 1519 2458 igitur
1548 2404 1702 2453 modii,
1738 2405 1815 2457 qui

285 2463 391 2499 sunt
412 2460 576 2512 pedum
599 2461 695 2501 fere
718 2463 877 2512 31000,
907 2461 1043 2514 longe
1075 2465 1298 2513 superant
1318 2461 1525 2514 iugerum
1546 2461 1811 2510 Romanum,

287 2515 406 2566 quod
439 2520 509 2556 est
539 2517 700 2570 pedum
732 2517 885 2559 28800.
944 2518 1042 2558 Iam
1074 2531 1184 2558 vero
1217 2531 1272 2557 ex
1306 2530 1361 2558 ea
1393 2517 1554 2568 orgyia
1595 2529 1713 2569 quae
1746 2519 1816 2556 est

285 2570 334 2609 in
373 2571 534 2622 quinta
572 2573 733 2614 tabula
773 2573 993 2614 rationem
1036 2574 1357 2616 subducamus.
1425 2574 1542 2613 Tum
1589 2572 1815 2624 quadrata

287 2627 451 2678 orgyia
494 2627 635 2667 habet
679 2630 780 2682 ped.
834 2631 991 2683 quadr.
1029 2629 1211 2683 48³³s255.
1270 2631 1362 2670 Hic
1402 2628 1654 2670 omittenda
1687 2632 1757 2669 est
1789 2641 1814 2670 e

285 2686 494 2722 veterum
546 2686 874 2726 consuetudine
930 2688 1213 2727 excurrentis
1272 2685 1448 2726 numeri
1506 2684 1814 2725 minutissima.

286 2737 534 2789 particula.
595 2739 772 2780 Modius
811 2743 953 2795 igitur
983 2743 1126 2784 habet
1156 2742 1259 2796 ped.
1292 2743 1426 2791 9600,
1471 2744 1517 2781 et
1546 2745 1641 2781 tres
1671 2741 1813 2782 modii

284 2793 438 2846 ipsum
468 2794 676 2847 iugerum
707 2797 903 2841 faciunt.

399 2849 445 2899 4)
478 2849 574 2892 Cic.
607 2851 653 2890 in
687 2851 811 2891 Vei-r.
846 2858 934 2894 act.
967 2855 1012 2894 II
1043 2858 1082 2903 3,
1115 2857 1191 2895 47:
1236 2855 1280 2894 in
1309 2854 1455 2906 iugero
1485 2853 1689 2894 Leontini
1716 2853 1816 2904 ayrt'

285 2907 527 2946 medimnum
554 2908 652 2958 fere
683 2909 815 2947 trasei
841 2912 1002 2950 seritur
1021 2917 1231 2962 perpetua
1252 2915 1378 2963 atque
1398 2908 1613 2962 aequabili
1629 2910 1810 2952 satione.

284 2962 358 3003 De
390 2962 551 3015 iugero
584 2961 912 3015 Cyrenensium
941 2966 1047 3007 vide
1078 2971 1281 3007 nostram
1310 2964 1492 3006 Metrol.
1524 2977 1567 3017 p.
1600 2965 1696 3005 286.

1918 571 1923 586 -
1924 385 1925 388 „
1910 316 1926 350 a..

1940 690 1941 697 ⁴
1933 525 1943 659 -.ο-
1945 380 1946 386 ᾼ
