1946 3220
335 159 434 212 146
859 171 1245 208 PROLEGOMENA
1269 173 1325 207 m

331 284 645 351 Ἐπιφανίου
681 283 802 346 περὶ
826 284 936 334 τῶν
963 281 1022 333 ἐν
1047 285 1110 349 τῇ
1139 279 1253 348 θείᾳ
1284 286 1466 351 γραφῇ
1495 282 1720 347 μέτρων.
1765 287 1856 335 Iam

333 362 541 421 sequitur
575 370 891 404 mensurarum
927 356 1138 403 collectio
1172 357 1416 403 seeundum
1445 357 1646 403 ordinem
1681 358 1857 404 littera·
1930 361 1936 365 “

330 444 430 476 rum
455 430 677 490 disposita
701 427 790 473 hoc
813 426 972 472 modo:

431 494 785 559 Ἀλάβαςτρον
810 491 1018 558 βηςςίον
1046 491 1142 556 μέν
1169 491 1273 545 ἐςτι
1297 497 1373 562 τῷ
1395 492 1636 558 ὀνόματι,
1656 492 1856 558 λίτραῖ)

327 566 387 617 δέ
413 564 548 617 ἐςτιν
576 564 607 615 ὁ
634 563 692 616 ἐν
720 562 864 631 αὐτῷ
889 562 1072 615 ἐλαίου
1100 562 1354 627 ςταθμός,
1389 563 1419 615 ὅ
1445 563 1550 616 ἐςτι
1577 567 1762 618 ξεςτοῦ
1789 563 1857 616 τὸ

325 632 398 687 5”.
449 634 783 699 ἀλάβαςτρον
815 634 875 686 δὲ
899 633 1143 697 κέκληται
1177 633 1262 685 διὰ
1288 633 1351 686 τὸ
1383 633 1657 698 ἄθρυπτον
1685 633 1856 701 (ἄθρι-

325 722 462 758 πτον
491 706 615 772 cod.)
640 703 776 757 ἄλλο
804 703 1242 768 ἀπεικαζόμενον.

430 774 703 840 Ἀπόρυμα
725 775 871 839 παρὰ
898 775 1082 839 μόνοις
1111 774 1361 839 Θηβαίοις
1388 776 1662 839 μετρεῖται.
1702 773 1855 838 ἥμιςυ

322 845 424 910 γὰρ
457 847 557 898 τοῦ
595 845 757 898 ςάτου
795 845 947 898 ἐςτίν.
1005 845 1036 897 ὁ
1073 845 1132 897 δὲ
1169 844 1325 909 ςάτης
1361 844 1498 898 ἐςτὶν
1536 844 1567 897 ὁ
1603 844 1854 910 ἀληθινὸς

323 915 484 1003 εἴκοςι
507 917 592 969 καὶ
621 915 720 968 δύο
749 920 962 970 Ξεςτῶν.
1013 916 1076 968 τὸ
1106 914 1205 968 οὖν
1234 915 1485 980 ἀπόρυμα
1521 914 1626 968 ἔςτι
1653 917 1852 969 Ξεςτῶν

323 1003 377 1037 ια
410 987 459 1034 ³.

428 991 665 1122 ἒΑρτάβη.
716 1058 879 1109 τοῦτο
916 1055 1110 1120 μέτρον
1146 1056 1281 1121 παρ>
1306 1054 1606 1118 Αἰγυπτίοις
1643 1055 1856 1120 ἐκλήθη,

324 1127 354 1179 ὃ
404 1128 527 1193 (cod.
560 1127 613 1194 ὁ)
650 1127 734 1179 καὶ
776 1127 1039 1191 μετριτής·
1097 1126 1233 1180 ἕςτιν
1278 1127 1337 1178 δὲ
1385 1126 1852 1191 ἑβδομηκονταδύο

321 1200 534 1252 Ξεςτῶν.
587 1198 645 1250 ἐκ
684 1198 890 1261 πολλῆς
935 1198 994 1250 δὲ
1038 1196 1301 1262 ἀκριβείας
1343 1197 1428 1248 καὶ
1464 1199 1628 1249 τοῦτο
1675 1195 1851 1251 οὕτως

320 1268 565 1332 ςυνήχθη.

430 1338 594 1403 Γάβος
634 1338 819 1405 (κάβος
850 1339 1002 1405 cod),
1040 1337 1230 1402 κόμος,
1271 1337 1467 1402 μέτρον
1500 1337 1661 1390 ςιτίου
1697 1335 1851 1390 ἐςτίν.

322 1407 458 1461 ἔςτιν
509 1410 568 1461 δὲ
604 1409 667 1461 τὸ
711 1409 969 1473 τέταρτον
1015 1411 1113 1461 τοῦ
1155 1407 1358 1472 μοδίου.
1420 1408 1581 1461 ςάτον
1617 1408 1648 1472 ἢ
1688 1407 1850 1472 βάδος

318 1481 553 1531 καλεῖται
581 1480 665 1531 καὶ
693 1478 826 1531 αὐτὸ
859 1479 968 1531 ἀπὸ
1004 1481 1103 1531 τοῦ
1142 1477 1382 1544 Ἑβραίου
1418 1479 1497 1545 (an
1521 1481 1614 1542 τῆς
1647 1477 1850 1542 Ἑβραῖ-

318 1552 443 1602 boc?
469 1579 540 1591 ·-—-
565 1549 712 1614 ἑβραι
739 1567 841 1600 cum
871 1560 979 1599 nota
1005 1554 1259 1614 compendii
1285 1553 1420 1599 habet
1452 1550 1623 1614 codex).

427 1625 572 1670 Porro
615 1624 900 1685 explicantur·
933 1619 1104 1683 γομόρ
1141 1622 1275 1684 (his),
1313 1619 1544 1683 δραγμή,
1582 1618 1739 1683 δράξ,
1775 1618 1850 1683 ἵν,

317 1689 606 1754 καμψάκις,
632 1690 889 1753 κόλαθος,
919 1690 1016 1754 κόρ
1044 1691 1181 1756 (χωρ
1208 1690 1352 1756 cod),
1381 1689 1607 1753 κοτύλη,
1632 1691 1850 1753 κύαθος,

318 1759 520 1824 κύπρος
554 1771 721 1811 cetera.

425 1837 538 1881 Tum
566 1835 785 1896 jsequitur
820 1835 963 1881 altera
998 1835 1134 1881 huius
1172 1841 1394 1881 tractatus
1434 1849 1542 1896 pars
1589 1834 1673 1881 sub
1713 1834 1847 1881 titulo

316 1900 449 1966 Περὶ
477 1903 750 1967 ςταθμῶν,
780 1920 894 1966 quae
922 1907 989 1953 sic
1015 1906 1197 1966 incipit:

425 1971 672 2036 Ἀργύρια
697 1972 763 2024 τὰ
788 1972 872 2023 καὶ
891 1973 1062 2037 χαλκᾶ
1081 1970 1297 2035 ςτάθμια
1315 1970 1639 2035 γραμμάτων
1663 1972 1845 2034 τριῶν.

315 2041 550 2107 ἄργυρος
576 2042 605 2094 ὁ
632 2042 847 2094 τέλειος.
899 2041 1133 2106 ἄργυρος
1167 2041 1252 2093 καὶ
1285 2041 1392 2104 μνὰ
1417 2041 1500 2092 καὶ
1524 2041 1691 2105 μάνης
1720 2040 1844 2102 οὐγ-

315 2115 448 2174 γιῶν
478 2108 582 2179 (οὗ’
602 2114 725 2179 cod.)
752 2110 812 2175 κ’,
843 2112 874 2163 ὃ
901 2113 1102 2174 γίνεται
1131 2111 1258 2175 λίτρ.
1281 2110 1329 2163 α’
1354 2110 1501 2172 οὐγγ.
1528 2108 1589 2175 η’.

417 2187 536 2234 Haec
575 2187 742 2247 excipit
778 2187 863 2233 alia
897 2201 983 2233 vox
1010 2183 1067 2234 'A
1094 2223 1104 2233 .
1133 2223 1143 2233 .
1170 2222 1179 2233 .
1208 2221 1248 2245 .,
1289 2200 1422 2246 quam
1458 2185 1612 2247 legere
1641 2199 1732 2231 non
1761 2200 1844 2246 po-

315 2259 410 2317 tui„
445 2264 539 2303 tum
566 2252 851 2317 βαλάντιον
881 2253 911 2305 ὃ
941 2252 1026 2305 καὶ
1050 2252 1252 2317 φόλης,
1278 2251 1590 2316 δίδραχμον,
1619 2252 1842 2316 δραχμή,

314 2323 638 2388 κοδράντης,
675 2322 903 2387 λεπτόν,
940 2322 1057 2387 μνά.
1110 2327 1254 2373 Porro
1281 2327 1416 2384 haec,
1457 2341 1571 2387 quae
1597 2341 1689 2373 non
1713 2341 1844 2387 prae-

313 2398 604 2444 termittenda
628 2412 729 2444 esse
754 2398 992 2444 videntur:

422 2463 781 2529 Μιλιαρίςιον,
816 2463 846 2516 ὃ
878 2465 963 2516 καὶ
998 2466 1230 2529 χρυςοῦν
1270 2463 1354 2515 καὶ
1378 2462 1528 2527 ἥμιςυ
1553 2465 1651 2515 τοῦ
1679 2461 1841 2527 ἀργυ-

316 2536 432 2595 ροῦ,
465 2534 579 2596 ἄγει
608 2534 754 2597 οὐγγ.
782 2538 825 2591 T.

315 2701 552 2753 phaniana
590 2703 644 2743 de
676 2705 901 2745 mensuris
933 2705 1225 2746 eontinentur
1261 2703 1429 2744 ibidem
1460 2703 1508 2742 in
1541 2701 1639 2743 cod.
1673 2701 1836 2755 philos.

315 2757 368 2796 58
401 2756 479 2797 fol.
512 2759 617 2798 125³
650 2764 695 2800 et
723 2761 863 2802 theol.
897 2762 995 2813 288,
1028 2762 1104 2814 qui
1133 2761 1240 2801 libri
1269 2764 1379 2811 tum,
1414 2771 1515 2799 cum
1535 2758 1837 2800 vindobonae

316 2812 404 2864 fui,
438 2825 530 2852 non
559 2814 607 2852 in
637 2821 848 2869 promptu
878 2817 1074 2861 fuerunt.

428 2868 472 2918 2)
506 2867 679 2920 λιτρῶν
710 2870 804 2924 legi
832 2873 880 2912 in
911 2874 1086 2914 codice.

428 2923 473 2975 3)
503 2924 593 2965 Hic
632 2937 868 2978 numerus,
909 2931 1029 2969 sicut
1067 2929 1213 2971 multa
1252 2927 1348 2969 alia
1386 2927 1434 2968 in
1467 2926 1626 2968 eodem
1657 2925 1834 2978 codice,

316 2979 545 3034 ambiguis
576 2980 786 3023 ductibus
818 2983 1012 3036 scriptus
1046 2990 1129 3026 est.
