1946 3220
561 152 880 187 scurrronns
908 152 1166 187 cumcos.
1555 135 1626 188 45

100 268 265 317 collato
299 267 497 314 Pollucis
540 266 642 313 loco
676 268 888 312 restituta
928 272 1012 312 est.
1094 266 1256 312 Eadem
1290 267 1405 313 miro
1444 269 1626 314 nomine

11 334 15 335 ⁷
99 335 427 398 κυνόετομον
458 336 724 398 appellatur.
780 337 834 382 Et
859 336 1035 398 palmus
1061 338 1153 383 sive
1179 333 1466 397 παλαιετήε
1491 340 1626 384 etiam

97 404 354 470 γρόνθοε,
391 409 435 454 h.
463 423 503 454 e.
535 422 742 468 pugnus,
779 414 1083 468 nuncupatur.
1137 408 1337 469 Denique
1363 409 1482 455 unde
1513 423 1626 455 nova

43 537 46 540 ,
99 475 397 540 ἀντιχείρου
420 478 489 524 vel
520 479 654 524 trium
686 478 932 539 digitorum
958 493 1168 525 mensura
1195 486 1295 525 orta
1321 478 1397 537 sit,
1429 480 1627 541 proclive

99 558 168 597 est
203 550 340 596 dictu.
403 549 510 596 Nam
548 564 649 595 cum
688 549 846 611 orgyia
884 556 1056 610 septem
1091 549 1282 609 pedibus
1307 549 1520 597 Romanis
1557 550 1627 595 vel

97 620 437 681 duodetriginta
475 620 635 681 palmis
683 634 775 666 uno
811 620 955 679 digito
992 621 1142 665 minor
1176 627 1323 678 esset,
1368 621 1626 667 institutum

99 699 193 750 est,
228 698 306 750 ut,
343 692 383 737 si
421 691 523 752 quis
555 691 610 737 ad
647 705 826 738 manum
854 705 981 736 suam
1008 690 1214 751 orgyiam
1251 691 1447 750 faceret,
1487 692 1627 738 semel

97 777 182 824 pro
216 761 368 823 palmo
405 761 615 823 pollicem
651 770 940 822 porrectum,
981 762 1058 821 qui
1095 767 1164 806 est
1191 762 1328 807 trium
1360 762 1626 822 digitorum,

40 858 43 859 ν
97 839 363 894 apponeret.
432 832 551 878 Haec
598 833 716 878 enim
764 840 834 878 est
883 833 1106 877 sententia
1149 831 1391 878 verborum
1437 830 1484 891 (S
1532 831 1626 891 12):

96 899 248 951 τοῦτ’
274 898 378 950 ἔετι
406 899 534 950 τοὺς
561 898 656 963 μὲν
684 897 844 951 εἴκοςι
874 897 927 951 ἓξ
953 898 1286 965 (παλαιετὰε)
1311 897 1629 964 ἐεφιγμένηε

98 969 256 1034 οὔεηε
280 972 372 1033 τῆ(
397 968 592 1034 χειρός,
616 968 714 1021 τὸν
735 970 794 1022 δὲ
807 969 1126 1021 τελευταῖον
1151 969 1423 1035 ἤπρῶτον
1447 969 1628 1034 ἥπλω-

97 1040 262 1105 μένου
286 1040 371 1092 καὶ
396 1043 494 1092 τοῦ
519 1039 754 1104 μεγάλου
781 1039 1046 1092 δακτύλου
1071 1042 1164 1104 τῆς
1191 1038 1385 1104 χειρός.

200 1116 386 1161 Praeter
420 1115 672 1176 bipedalem
698 1115 899 1162 cubitum
925 1115 1190 1162 vetustioris
1224 1115 1391 1176 cubiti,
1430 1116 1510 1177 qui
1535 1130 1631 1162 ses-

99 1184 352 1248 quipedalis
401 1186 522 1246 suit,
574 1200 667 1232 non
716 1201 908 1247 prorsus
959 1185 1222 1233 oblitterata
1272 1193 1342 1232 est
1394 1187 1627 1244 memoria,

98 1258 266 1318 quippe
304 1271 396 1317 quo
433 1258 480 1303 in
511 1256 735 1318 lapidibus
772 1264 818 1303 et
852 1255 990 1317 lignis
1026 1257 1264 1314 metiendis
1299 1257 1535 1304 etiamtum
1562 1258 1629 1304 uti

96 1327 316 1384 solerent,
344 1327 463 1373 unde
481 1323 677 1375 λιθικόε
697 1328 765 1372 vel
786 1322 1181 1388 ξυλοπριετικόε
1203 1328 1351 1374 dictus
1381 1335 1451 1375 est
1470 1326 1519 1387 (S
1542 1327 1628 1387 11).

94 1398 189 1445 Etsi
227 1399 348 1444 enim
380 1412 466 1444 vox
501 1394 894 1457 Ξυλοπριετικό(
922 1397 969 1443 in
997 1399 1096 1459 ipsa
1128 1398 1280 1444 tabula
1315 1413 1407 1444 non
1440 1399 1627 1459 legitur,
1698 1391 1701 1396 ’

97 1475 244 1515 exstat
265 1475 412 1515 tamen
440 1468 486 1514 in
512 1467 592 1515 illo
618 1470 791 1530 primae
810 1468 988 1515 tabulae
1016 1469 1318 1515 additamento
1342 1468 1389 1528 (S
1410 1472 1479 1527 12,
1510 1469 1629 1531 prol.

97 1541 126 1600 S
153 1535 242 1601 20).
295 1540 376 1586 Est
406 1547 582 1599 autem,
618 1547 670 1586 ut
706 1539 979 1601 significavi,
1017 1541 1127 1586 haec
1152 1541 1251 1601 ipsa
1279 1540 1455 1603 antiqui
1481 1541 1632 1587 Ptole-

95 1610 227 1657 maici
246 1610 388 1657 cubiti
410 1625 639 1671 mensura,
661 1625 754 1657 non
769 1611 973 1668 Romani,
998 1619 1049 1657 ut
1067 1611 1316 1657 Letronnio
1336 1611 1481 1657 visum
1500 1607 1629 1671 est³).

203 1681 348 1728 Taceo
396 1696 498 1728 cum
537 1682 591 1728 de
630 1681 729 1728 aliis
768 1697 883 1743 quae
918 1683 972 1728 de
1013 1690 1110 1728 arte
1145 1681 1358 1728 metiendi
1394 1683 1440 1728 in
1478 1682 1631 1728 eadem

98 1751 251 1798 tabula
286 1751 504 1812 (12—14)
541 1754 886 1814 praecipiuntur
926 1760 1022 1799 tum
1065 1753 1120 1798 de
1155 1749 1358 1799 funiculo
1394 1752 1630 1798 duodecim

99 1823 386 1883 orgyfflrum,
430 1837 520 1883 quo
563 1838 652 1883 qua
682 1824 736 1869 de
774 1838 907 1870 causa
941 1829 1123 1884 praeter
1158 1824 1329 1869 iustum
1367 1818 1630 1883 (ωκάριον

96 1888 446 1954 δεκαόργυιον
472 1894 539 1940 uti
574 1895 918 1951 consueverint,
957 1894 1065 1939 satis
1091 1894 1331 1955 perspicue
1357 1894 1410 1939 ab
1436 1895 1536 1954 ipso
1564 1900 1631 1939 ta·

96 1963 228 2011 bulae
255 1971 443 2010 auctore
470 1963 753 2025 explanatur.

204 2035 405 2095 Denique
446 2050 549 2082 cum
596 2049 751 2080 omnes
795 2035 876 2081 has
908 2049 1144 2081 mensuras
1178 2048 1310 2081 nemo
1348 2033 1493 2081 adhuc
1527 2049 1630 2080 cum

97 2106 270 2152 nostris
297 2108 649 2167 comparaverit,
680 2106 879 2152 tabulam
905 2120 1058 2152 earum
1092 2106 1404 2167 apponendam
1432 2120 1533 2151 esse
1562 2106 1630 2153 iu·

99 2177 359 2223 dicavimus.
415 2177 629 2223 Duximus
664 2184 813 2223 autem
844 2179 1067 2223 rationem
1095 2177 1162 2238 ab
1198 2190 1252 2222 eo
1279 2176 1407 2238 pedis
1441 2176 1630 2223 Romani

98 2248 233 2293 modo
260 2261 393 2308 quem
421 2248 560 2294 tertio
588 2248 770 2294 saeculo
803 2248 1058 2308 legitimum
1083 2248 1225 2294 fuisse
1258 2241 1497 2306 constat‘⁸).
1546 2249 1630 2293 Ae-

102 2324 243 2379 quant
260 2318 419 2378 igitur,
448 2319 486 2364 si
507 2333 607 2365 cum
626 2318 1027 2380 Francogallorum
1048 2320 1272 2365 mensuris
1292 2324 1629 2378 comparantur,

171 2411 432 2464 δάκτυλος
525 2453 1131 2465 ........
1206 2419 1367 2473 Ο,0184
1390 2423 1522 2460 metr.

173 2482 437 2535 κόνδυλος
523 2522 1135 2535 ........
1208 2488 1371 2543 Ο,0368
1419 2511 1489 2519 -

174 2552 473 2616 ἀντίχειρον
503 2552 780 2618 (τέταρτον
808 2555 1089 2617 (πιθαμῆε)
1128 2593 1138 2604 .
1211 2559 1368 2614 0.,0551
1418 2581 1489 2590 —-

174 2623 459 2687 παλαιετή(
492 2622 801 2689 (τέταρτον,
830 2623 1086 2690 γρόνθοε)
1126 2663 1136 2675 .
1209 2629 1372 2686 0,0736
1417 2652 1488 2660 --

217 2805 265 2857 3)
296 2807 425 2851 ΒεοῘι.
457 2820 501 2860 p.
532 2808 617 2849 264
646 2819 681 2848 s,

217 2862 268 2915 4)
299 2864 352 2907 V.
382 2867 585 2905 nostram
623 2862 801 2904 Metrol.
834 2876 877 2917 p.
910 2864 964 2905 75
995 2863 1100 2905 adn.
1134 2865 1200 2907 12.
1262 2863 1393 2914 Quae
1431 2863 1499 2904 ibi
1536 2863 1631 2904 Ra·

106 2932 214 2972 pero
246 2923 435 2960 auctore
467 2920 597 2974 pedis
627 2921 898 2973 posterioris
929 2933 1141 2962 mensura
1170 2921 1408 2975 proposita
1440 2923 1528 2972 est,
1573 2933 1630 2961 ea

109 2979 279 3030 aequat
308 2980 438 3019 metr.
470 2977 701 3031 Francog.
732 2979 933 3030 0,29422.
