1946 3220
1789 0 1842 22 Ἀῗιις,

317 137 420 191 336
916 151 1237 188 FRAGMENTA
1716 138 1847 210 [106]
1862 179 1867 183 .

426 262 839 325 Δεκαμναιαῖον,
862 260 989 313 δέκα
1012 263 1156 325 μνᾶς.
1198 261 1403 314 Εκόπας
1422 260 1674 317 Αἰτωλῶν
1695 267 1852 328 ςτρα-“
1888 254 1942 341 3ss

318 346 504 411 τηγός,
545 345 606 397 ὃς
643 344 931 410 ἀποτυχὼν
967 346 1060 408 τῆς
1087 344 1355 410 ςτρατείας
1389 344 1592 410 νόμους
1627 346 1846 414 ἔγραφε.

319 430 403 482 καὶ
429 429 676 494 ὀψώνιον
713 429 955 493 ἐξέθηκεν
977 428 1124 499 ἀὐτῷ
1154 429 1184 482 ὁ
1213 430 1452 495 βαςιλεὺς
1479 429 1693 495 ἑκάςτης
1724 431 1846 495 ἡμέ-
1932 467 1942 494 4

319 528 415 576 ρας
441 515 837 578 δεκαμναιαῑον,
863 515 975 566 τοῖς
1002 515 1061 567 δὲ
1088 513 1175 566 ἐπί
1206 530 1354 568 τινος
1382 514 1667 578 ἡγεμονίας
1699 532 1847 568 τετα-
1917 558 1933 581 5

263 611 289 650 5
318 596 532 661 γμένοις
580 600 839 661 μναιαῑον.
906 597 1028 650 ἀλλ’
1057 596 1201 662 ὅμως
1237 597 1334 650 οὐκ
1377 597 1597 663 ἠρκέςθη
1635 598 1852 655 τούτοις,
1909 591 1919 596 ’

317 681 402 732 καὶ
443 682 730 746 φθονηθεὶς
763 683 825 734 τό
868 684 1078 746 πνεῦμα
1115 682 1489 748 προςαπέθηκε
1525 687 1601 750 τῷ
1634 683 1846 752 χρυςίῳ.
1916 728 1925 733 ,

282 771 293 779 “
319 763 509 818 ἑκατὸν
538 767 597 818 δὲ
622 767 846 831 δραχμαὶ
870 769 1082 819 ποιοῦςι
1103 768 1253 829 μνᾶν.

424 849 724 914 Δηνάριον,
752 849 895 903 εἶδος
926 850 1198 915 ἀργυρίου,
1226 850 1545 904 ὁλοκοτίνου
1570 850 1686 916 ἰ’ςην
1718 851 1846 916 ἕχον

315 931 477 996 ἰςχύν.

237 1030 288 1070 10
426 1017 683 1082 Δίαυλος,
706 1017 737 1071 ὁ
760 1018 1020 1072 διςτάδιος
1046 1019 1228 1072 τόπος.
1255 1019 1287 1083 ἢ
1309 1019 1504 1084 μέτρον
1530 1020 1751 1084 πήχεων
1774 1018 1847 1071 ω’.

426 1100 740 1166 Δίδραχμον
758 1144 770 1166 ‚
803 1103 1115 1167 ςυντέλεςις,
1136 1102 1376 1170 εἰςφορά,
1397 1103 1711 1168 λειτουργία.
1743 1103 1850 1168 ἔχει

318 1184 462 1237 δὲτὸ
490 1185 781 1251 δίδραχμον
810 1187 1028 1249 οὐγγίας
1058 1183 1135 1240 δ”.
1171 1185 1215 1239 κ’
1243 1186 1444 1253 ὀβολοί.
1481 1185 1758 1253 γράμματα
1791 1186 1850 1245 ς’.

425 1268 736 1335 Διώβολον,
753 1271 836 1324 καὶ
847 1271 1166 1337 τριώβολον,
1185 1271 1268 1324 καὶ
1287 1271 1614 1337 ἡμιωβόλιον
1637 1270 1850 1335 ὁμοίαις.
1916 1271 1939 1278 ”

423 1353 616 1418 Δοχμή
647 1355 934 1424 [ςπιθαμή]
995 1356 1403 1421 Ἀριςτοφάνης’
1452 1356 1597 1420 “πρὶν
1649 1355 1850 1420 ἡμέραν

234 1450 288 1490 15
318 1439 575 1503 φορῆςαι,
607 1442 787 1503 μεῖζον
818 1439 883 1504 ἦν
912 1442 1064 1495 δυοῖν
1090 1441 1351 1505 δοχμαῖν.’
1391 1439 1577 1505 δοχμή,
1604 1439 1636 1503 ἡ
1662 1441 1850 1492 παλαι·

317 1521 421 1585 ςτή.
472 1523 614 1585 λέγει
649 1524 707 1577 δὲ
742 1523 879 1588 πρὸς
927 1524 1023 1578 τὸν
1067 1524 1407 1589 βυρςοδέψην
1449 1524 1570 1588 περὶ
1600 1526 1697 1576 τοῦ
1732 1524 1850 1588 δέρ-

317 1619 494 1669 ματος.
1420 1605 1426 1611 ’
1931 1667 1937 1673 ‚

424 1690 667 1756 Δραχμή.
709 1691 760 1743 αἱ
796 1691 841 1755 ρ’
870 1692 1095 1757 δραχμαὶ
1127 1694 1339 1745 ποιοῦςι
1370 1692 1492 1756 μίαν
1531 1693 1682 1757 μνᾶν.
1725 1695 1850 1757 δρα-
1916 1704 1945 1751 ’,ῑ

318 1773 419 1837 χμή
446 1775 505 1827 δὲ
533 1773 662 1839 ὁλκὴ
690 1776 1008 1841 νομίςματος
1034 1774 1106 1829 εἰς
1133 1775 1390 1842 ἀργυρίου
1416 1777 1655 1842 δραχμὰς
1680 1775 1724 1830 ι’.

232 1870 288 1912 20
425 1859 679 1925 Δραχμή,
710 1859 764 1914 ἐξ
782 1861 1022 1926 ὀβολῶν.
1060 1860 1145 1913 καὶ
1167 1860 1577 1927 Ἀριςτοφάνης·
1613 1859 1707 1915 (εἰς
1739 1876 1851 1926 χοι-

317 1940 487 2006 ρίδιον
515 1942 760 1999 δάνειςόν
787 1962 875 2009 μοι
898 1946 1038 2010 τρεῖς
1064 1945 1336 2010 δραχμάς’

424 2027 848 2098 Δωδεκαδώρῳ,
889 2029 1099 2082 δώδεκα
1140 2031 1446 2084 παλαιςτῶν
1481 2028 1610 2083 ὄντι.
1666 2030 1848 2093 δῶρον
1935 2083 1937 2085 ,

316 2109 420 2173 γὰρ
446 2109 478 2174 ἡ
505 2113 774 2177 παλαιςτή.
803 2114 862 2166 ἐν
894 2113 1265 2178 ἐπιγράμματι·
1303 2113 1634 2178 (Κυλληνίων
1661 2112 1849 2178 ἀνερύ-
1934 2154 1938 2173 2

319 2309 507 2352 Suidam
546 2312 611 2352 sic
653 2323 744 2351 non
783 2311 1025 2365 scripsisse
1070 2309 1177 2352 inde
1217 2310 1511 2365 perspicitur,
1566 2310 1687 2364 quod
1723 2309 1848 2352 infra

319 2394 409 2423 vox
438 2382 542 2435 ipsa
573 2378 770 2434 Δραχμή
803 2381 958 2435 posita
990 2383 1060 2422 est
1089 2384 1194 2434 post
1223 2379 1516 2433 Δραχαρνεῦ.

434 2454 473 2492 1.
509 2448 698 2501 ζκόπας
728 2449 832 2505 etc]
875 2454 1120 2493 contracta
1155 2451 1206 2492 in
1243 2451 1429 2494 brevius
1461 2464 1486 2492 e
1517 2451 1678 2506 Polyb.
1715 2454 1790 2505 13,
1822 2453 1848 2492 2

319 2522 359 2561 9.
391 2520 590 2573 δραγμαὶ
619 2521 659 2562 Α
692 2522 827 2573 Gaisf'.
974 2522 1015 2564 8.
1047 2518 1326 2565 ὁλοκοτίνον
1357 2518 1479 2563 ἰδίαν
1508 2521 1548 2562 A
1694 2523 1761 2563 10.
1795 2514 1848 2562 ω’

318 2601 400 2642 pro
431 2584 467 2631 ς’
499 2604 612 2632 corr.
636 2593 873 2633 Palmerius
903 2592 962 2633 ad
991 2592 1218 2645 Hesych.;
1251 2605 1311 2634 an
1341 2590 1546 2644 ὀργυιῶν
1576 2585 1613 2633 ς’
1641 2590 1847 2633 scriben-

322 2657 455 2698 dum?
601 2663 665 2703 12.
696 2655 749 2702 δ”
778 2674 859 2716 pro
891 2656 931 2707 ς’
963 2675 1078 2703 corr.
1110 2663 1237 2704 Kust.
1372 2663 1438 2703 14.
1472 2659 1674 2713 ςπιθαμή
1705 2673 1845 2714 prave

320 2726 503 2768 illatum
535 2743 590 2770 ex
617 2732 850 2783 Hesychio
883 2732 1021 2773 eiieio
1167 2734 1232 2773 19.
1267 2730 1382 2783 ὁλκὴ
1418 2729 1527 2783 ete]
1561 2743 1602 2772 v.
1625 2730 1845 2783 Hesyoh„

321 2796 442 2836 unde
464 2802 567 2849 post
587 2799 866 2852 νομίςματος
889 2802 990 2844 add.
1013 2799 1198 2854 χρυςίου
1223 2802 1405 2845 Gronov.
1427 2801 1483 2841 de
1505 2803 1689 2844 sestert.
1706 2800 1847 2853 p.364
1899 2824 1918 2843 1

322 2867 391 2908 23.
410 2863 459 2905 ἐν
481 2864 807 2924 ἐπιγράμματι]
831 2872 989 2925 Erycii
1008 2870 1409 2915 inAnth01.Palat.
1424 2871 1466 2924 6,
1477 2871 1546 2922 96,
1569 2870 1650 2910 ubi
1671 2871 1844 2912 rectius

319 2934 535 2989 leguntur
565 2934 808 2994 Κυλληνίῳ
842 2940 1156 2996 αὐερύςαντες
1188 2945 1233 2983 et
1263 2938 1363 2995 ἅλῳ
1397 2943 1442 2984 et
1471 2938 1646 2983 ἔπαξαν
1688 2969 1693 2971 s

1898 2594 1934 2802 ’νᾞῖᾉὲἓμέᾳ
1911 2560 1914 2565 ·
