1946 3220
751 151 1064 189 PRAEFATIO.
1087 155 1101 173 ‘
1514 151 1663 189 XXIII

14 288 18 302 .
110 255 126 279 ²
152 280 258 335 cum
284 264 437 311 eadem
464 267 550 311 iam
574 268 618 311 in
644 269 959 327 antiquissimo
984 267 1144 314 Isidori
1168 267 1286 314 libro
1312 267 1384 327 (fr.
1408 268 1505 315 127
1528 269 1557 328 S
1580 269 1664 327 20)

41 338 90 387 ’ζ’
147 341 366 396 corrupta
389 334 587 396 legatur.
638 337 925 399 Quapropter
949 339 1091 385 altera
1118 339 1253 384 huius
1279 339 1447 386 codicis
1473 340 1663 385 varietas

39 450 75 472 ..ἱ
147 407 329 452 minime
362 406 643 466 neglegenda
680 414 775 464 est,
814 411 890 469 qui
921 408 950 467 S
980 410 1038 455 11
1070 409 1202 454 addat
1229 409 1398 455 dimidii
1426 409 1560 457 solidi
1584 424 1664 455 no·

50 486 55 494 '
147 485 253 523 tam.
305 476 423 522 Haec
449 489 550 522 cum
574 479 618 523 in
646 478 800 524 codice
826 480 890 525 sic
914 479 1009 525 sere
1036 486 1212 525 exarata
1238 480 1322 536 sit,
1349 480 1405 525 IG
1429 479 1567 538 (conf.
1593 495 1663 525 va·

39 546 65 583 Τ
121 550 261 609 ‚riam
288 548 558 608 scripturam
587 549 639 592 ad
664 563 708 609 p.
739 548 865 606 122,
892 548 969 608 4),
1009 550 1148 595 latere
1185 549 1258 595 hie
1291 550 1468 596 videtur
1491 550 1566 595 ina
1593 564 1661 595 se·

44 615 61 658 ἒ-
146 618 299 664 missis
324 624 431 663 uota
457 631 668 677 quamex
694 619 848 665 codice
877 620 1087 666 Vaticano
1124 620 1366 680 descripsit
1391 620 1588 666 Blumius
1616 621 1661 665 in

148 688 347 751 Gromat.
383 687 470 733 vol.
506 689 542 733 11
576 704 621 749 p.
657 688 739 735 43.
807 691 916 735 'I'um
951 705 1032 751 pro
1069 694 1203 747 uita,
1244 697 1457 750 corrupta
1494 691 1660 736 codicis

145 760 399 818 scriptura,
434 759 549 804 haud
577 758 709 804 dubie
737 760 1022 807 scribendum
1050 767 1145 806 erat
1169 765 1332 820 πνρας
1368 761 1486 806 cons.
1515 761 1661 806 Abbo-
1703 820 1707 823 γ

149 842 251 874 nem
286 828 403 890 apud
429 828 670 874 Christium
698 845 741 890 p.
773 830 868 876 141
899 846 961 876 vs.
994 831 1080 876 12:
1117 835 1303 890 ipsique
1340 834 1529 891 liqut-ae
1566 835 1611 875 si
1639 845 1661 874 e

149 899 300 945 latere
327 903 556 959 iunyatur
580 905 734 959 virqa.

256 969 548 1017 137—139.
584 970 776 1016 Primam
803 978 976 1030 partem
1007 971 1299 1031 reliquiarum
1322 985 1373 1016 ex
1395 971 1568 1017 Isidoro
1590 985 1662 1016 ex-

143 1049 430 1100 emptarum,
471 1055 585 1101 quae
613 1049 683 1087 est
707 1042 760 1086 de
787 1044 1009 1087 mensuris
1037 1056 1248 1101 agrorum
1277 1049 1321 1086 et
1351 1043 1563 1087 itinerum
1590 1040 1660 1101 (fr.

153 1111 287 1170 137),
317 1111 626 1157 Lachmaunus
655 1115 700 1158 in
729 1112 925 1157 Gromat.
954 1128 997 1172 p.
1026 1112 1318 1167 371—373‚
1351 1111 1412 1157 19
1443 1112 1582 1158 edidit
1611 1125 1663 1156 ex

142 1181 244 1227 eod.
280 1181 481 1227 Gudiano
521 1183 618 1229 105
655 1179 742 1244 (G).
815 1183 951 1228 Nobis
995 1183 1160 1242 Wolsg.
1197 1182 1431 1242 Helbigius
1472 1181 1663 1227 contulit

143 1251 346 1297 codicem
384 1252 643 1298 Vaticanum
682 1252 818 1300 3852
856 1253 933 1298 sol.
975 1247 1105 1298 124b
1142 1251 1239 1312 (V).
1281 1278 1336 1283 —
1378 1253 1426 1297 In
1461 1252 1661 1297 Gudiano

145 1322 263 1368 libro
292 1324 507 1368 continuo
534 1323 756 1384 adscripta
784 1330 890 1368 sunt
916 1324 1005 1370 duo
1030 1324 1113 1369 alia
1139 1324 1388 1382 fragmenta
1415 1337 1468 1367 ex
1490 1322 1661 1367 Isidoro

142 1398 373 1453 excerpta,
403 1393 594 1439 alterum
622 1395 680 1438 de
702 1395 1021 1452 ponderibus,
1049 1394 1239 1439 alterum
1267 1395 1326 1437 de
1350 1398 1585 1438 mensuris
1611 1396 1661 1437 in

142 1463 343 1520 liquidis
378 1463 449 1521 (fr.
479 1463 594 1510 138.
635 1463 777 1522 139),
818 1478 932 1524 quae
968 1478 1054 1509 nos
1093 1465 1383 1523 repetivimus
1418 1463 1661 1509 secundum

144 1533 415 1578 Lachmanni
459 1534 701 1579 editionem
741 1541 786 1580 et
821 1535 1152 1590 adnotavimus,
1197 1533 1340 1578 sicubi
1378 1532 1604 1578 Gudianus
1639 1547 1662 1578 a

144 1611 302 1649 nostra
340 1605 567 1664 scriptura
603 1605 870 1665 dicreparet.
924 1605 1125 1650 Vaticani
1157 1612 1305 1650 autem
1333 1603 1436 1648 libri
1467 1604 1664 1649 auctori-

149 1682 238 1719 tate
275 1675 329 1719 ad
367 1675 478 1720 haee
517 1675 605 1720 duo
643 1675 897 1736 fragmenta
930 1675 1096 1720 edenda
1131 1675 1196 1720 uti
1231 1688 1321 1719 non
1349 1674 1502 1727 licuit3
1541 1675 1663 1732 quod

146 1744 264 1790 unde
301 1744 465 1790 sactum
503 1746 589 1800 sit,
625 1746 691 1790 sie
726 1747 958 1806 aptissime
996 1745 1337 1799 demonstrabo.
1382 1752 1430 1788 ut
1469 1743 1663 1803 Helbigii

144 1814 279 1860 verba
304 1814 356 1859 de
383 1829 432 1860 ea
457 1829 506 1860 re
533 1815 588 1860 ad
611 1829 682 1860 me
707 1818 875 1875 scripta
901 1822 1123 1875 repetam:
1152 1816 1208 1859 In
1237 1815 1341 1859 dem
1364 1814 1528 1858 Codex
1553 1814 1664 1858 sind

145 1886 227 1930 die
256 1884 442 1932 Blauer
477 1886 730 1943 ver-hesta,
768 1900 863 1930 was
889 1887 968 1930 die
996 1886 1268 1931 Ueberse'ckt
1294 1884 1662 1929 ausserordent-

149 1955 246 2002 Iiclz
281 1958 552 2002 erschwert.
584 1991 593 2000 .
623 1991 633 2000 .
694 1957 937 2002 Nachdem
974 1958 1051 2002 ich
1091 1958 1183 2001 den
1223 1955 1388 2000 Codex
1421 1955 1550 2000 Blate
1580 1954 1664 2011 fiir

124 2026 277 2074 ,Beate
307 2027 666 2086 durckqesehen
692 2029 838 2084 habe,
877 2027 956 2072 bin
983 2029 1061 2072 iclt
1087 2042 1144 2071 zu
1173 2028 1260 2071 der
1286 2027 1558 2070 Gewissheit
1582 2039 1663 2084 ye-

147 2097 386 2155 leommeu,
425 2099 538 2143 dass
575 2099 654 2143 die
690 2099 859 2143 beiden
902 2099 1125 2144 Tractate
1162 2098 1214 2143 de
1251 2096 1528 2157 ponderibus
1564 2097 1663 2140 und

145 2167 204 2214 de
237 2170 462 2215 mensuris
496 2170 542 2214 in
579 2169 760 2228 liquidis
794 2174 845 2214 in
873 2169 960 2213 der
987 2183 1078 2214 von
1104 2169 1382 2214 Lachmann
1406 2168 1663 2226 herausqe-

145 2238 358 2300 yebenen
382 2240 522 2286 Form
557 2241 693 2286 nicht
729 2245 778 2286 in
817 2241 920 2284 dem
952 2240 1116 2283 Codex
1155 2239 1332 2285 slehen.
1392 2237 1525 2282 Nach
1561 2237 1662 2280 dem

56 2308 65 2321 ⁵
148 2310 286 2354 Ende
320 2311 403 2356 des
435 2311 681 2357 Tractates
716 2311 769 2356 de
807 2312 1030 2356 mensuris
1059 2306 1138 2373 [fr.
1172 2306 1291 2370 137]
1319 2308 1438 2366 folqt
1469 2311 1520 2352 in
1559 2307 1663 2351 dem

60 2374 79 2386 ²
148 2380 316 2425 Codex
343 2386 421 2427 ein
439 2383 657 2440 Excerpe
680 2396 769 2426 aus
796 2386 930 2426 einer
953 2381 1273 2438 Ablmudlunq
1302 2381 1383 2423 des
1409 2378 1453 2422 Ιι..
1478 2378 1661 2422 Euche-

43 2495 50 2499 .
150 2454 253 2495 rius
288 2451 342 2496 de
378 2453 517 2498 uariis
556 2451 805 2498 uocabulis.
859 2452 958 2496 Fal.
994 2446 1111 2495 109⁶
1141 2452 1331 2509 beqinnt
1359 2451 1435 2491 ein
1469 2447 1663 2492 Tractat

54 2510 68 2553 Ῐ
146 2521 204 2566 de
231 2521 533 2581 ponderibus,
562 2523 667 2567 dem
696 2526 802 2566 eine
828 2521 1148 2580 Ablzandlunq
1173 2521 1226 2564 de
1253 2519 1441 2579 gemmis
1467 2519 1661 2562 vorleer-

50 2586 54 2599 ’
146 2593 269 2651 ῃεΙιε.
331 2593 396 2636 Er
427 2593 570 2654 fa'nqt
604 2608 668 2638 an
699 2592 954 2651 Corporalia
993 2593 1109 2635 sieut
1147 2592 1363 2649 scriptum
1396 2594 1467 2633 est
1501 2588 1663 2633 admis-

35 2648 67 2722 s
150 2676 321 2722 susque
355 2663 408 2708 ad
442 2665 579 2710 imum
619 2664 663 2709 in
692 2676 901 2707 mensura
931 2668 976 2706 et
1005 2674 1192 2705 numero
1220 2666 1265 2704 et
1289 2658 1485 2719 pondere
1510 2658 1661 2718 dispo-

149 2733 237 2778 sita
281 2740 388 2779 sunt
432 2741 567 2794 atque
606 2734 812 2780 formata.
872 2732 1046 2776 cunctis
1092 2732 1208 2775 enim
1252 2729 1484 2789 corporeis
1526 2728 1662 2773 rebus

149 2803 327 2862 pondus
360 2810 448 2850 etc.
491 2801 635 2865 [conf.
677 2803 835 2848 Isidor.
874 2802 927 2846 fr.
970 2799 1094 2856 125,
1117 2797 1201 2861 '1].
1262 2799 1477 2855 Hier-auf
1502 2799 1660 2859 solqeu

151 2873 508 2935 Bemerlmnyen
544 2875 664 2919 iiber
690 2874 925 2918 Gewicltte
959 2874 1060 2917 und
1086 2870 1312 2926 Manum,
1358 2870 1532 2915 welche
1558 2884 1662 2913 zum

157 2943 289 2990 Theil
312 2946 417 2991 dem
442 2945 867 2990 Lachmannscleen
901 2942 1096 2987 Tractat
1118 2943 1243 2987 italae
1265 2941 1513 2986 ver-wanda
1536 2940 1662 2986 sind.
