1946 3220
590 146 909 181 scium-omis
938 146 1193 182 GRAECOS.
1581 134 1650 186 53

122 260 237 306 bene
275 267 500 306 versatum
537 261 580 305 in
618 274 669 306 ea
704 273 1014 306 mensurarum
1043 261 1218 307 ratione
1253 275 1368 323 quae
1392 278 1473 309 sua
1505 269 1652 311 aetate

121 330 305 377 valeret.
370 325 562 378 Μίλιον
594 330 734 390 igitur
770 331 891 390 quod
927 330 1035 378 dicit
1069 331 1372 379 Romanorum
1407 333 1650 381 miliarium

121 400 366 461 significari
406 414 595 448 necesse
630 407 726 455 est,
765 401 886 461 quod
921 401 1220 462 imperatores
1250 403 1522 464 Byzantinos
1558 419 1651 452 non

119 471 262 532 magis
309 486 439 532 quam
490 471 691 533 reliquas
729 471 1034 518 Romanorum
1077 487 1312 519 mensuras
1346 474 1651 521 immutavisse

120 549 312 589 constat.
368 542 455 588 Iam
493 556 599 588 vero
639 541 770 602 quale
796 548 866 588 est
893 543 1114 601 stadium,
1155 544 1277 604 quod
1305 546 1473 606 septies
1498 545 1651 592 multi-

118 611 335 674 plicatum
360 613 668 658 Romanorum
693 613 936 659 miliarium
964 612 1158 660 efficiat?
1209 615 1276 659 Ad
1307 615 1418 662 haec
1445 616 1551 676 quid
1579 630 1651 662 re·

119 683 440 744 spondeamus,
469 683 665 729 dubitari
698 684 868 745 nequit.
925 684 1142 730 Nimirum
1164 691 1235 730 est
1259 684 1530 732 Philetaerei
1558 686 1649 732 sive

117 754 302 800 Asiatici
330 754 459 814 pedis
487 754 694 800 stadium.
750 753 838 800 Sed
867 754 1017 800 statim
1035 789 1047 812 ,
1076 767 1133 799 ne
1159 754 1260 815 quis
1285 755 1396 808 haec
1421 755 1577 816 legens
1603 757 1649 802 in

118 837 318 870 errorem
357 824 619 882 inducatur,
658 839 797 870 unum
832 825 1104 871 monendum
1137 831 1219 871 est.
1274 824 1548 887 Scripsimus
1575 827 1650 872 ad-

118 894 206 941 huc
230 895 283 940 de
311 894 477 941 tabulis
504 894 771 941 Heronianis
801 895 1075 941 disserentes
1102 896 1155 941 de
1182 895 1261 942 illo
1288 897 1402 957 pede
1428 895 1649 943 Philetae-

117 979 195 1011 reo
221 979 311 1026 quo
334 965 379 1010 in
399 966 608 1027 Aegypto
634 965 897 1024 utebantur,
924 966 1002 1026 qui
1023 981 1123 1012 cum
1144 968 1331 1028 proprie
1346 967 1648 1013 Ptolemaicus

118 1035 674 1082 vocareturPhiletaereus
695 1036 1033 1082 eRomanorum
1047 1038 1376 1083 consuetudine
1395 1037 1652 1098 appellatus

117 1114 187 1152 est
209 1103 255 1167 (S
272 1106 354 1166 16).
386 1107 447 1152 Ex
473 1108 560 1153 hoc
583 1107 698 1168 pede
721 1107 842 1167 quod
867 1107 1036 1153 sactum
1062 1114 1133 1153 est
1158 1108 1367 1166 stadium,
1394 1108 1491 1154 eius
1519 1107 1650 1154 dimi-

116 1177 214 1222 diae
251 1183 404 1238 partes
431 1177 505 1222 XV
530 1176 615 1236 (z
642 1171 758 1241 71l2)
794 1176 1036 1224 miliarium
1070 1178 1385 1239 complebant,
1421 1177 1535 1224 illud
1574 1193 1651 1224 au-

116 1254 206 1292 tem
236 1247 478 1293 miliarium
504 1261 596 1293 non
620 1248 871 1294 Romanum
900 1248 979 1293 sed
1004 1248 1277 1310 Aegyptium
1309 1249 1421 1307 suit,
1446 1248 1650 1295 Romano

117 1317 458 1378 quadringentis
492 1318 683 1379 pedihus
720 1317 906 1378 longius
942 1317 989 1377 (S
1019 1321 1072 1363 18
1099 1315 1243 1377 extr.>.
1299 1319 1537 1365 Praeterea
1573 1334 1650 1365 au·

115 1395 207 1433 tem
243 1389 433 1449 pedem,
476 1391 552 1449 qui
576 1389 851 1435 Ptolemaico
884 1403 968 1450 par
1009 1395 1156 1446 esset,
1195 1403 1218 1434 e
1243 1389 1483 1436 Persarum
1521 1390 1649 1449 regio

115 1457 269 1504 cubito
301 1458 567 1517 deductum,
606 1473 690 1520 per
715 1459 867 1505 Asiam
893 1460 1114 1505 minorem
1143 1461 1188 1504 in
1221 1473 1307 1505 usu
1341 1459 1482 1505 fuisse
1511 1473 1647 1521 supra

115 1528 350 1575 docuimus
386 1527 434 1588 (S
463 1528 548 1589 16).
600 1528 742 1584 Quem
769 1529 957 1576 Romani
987 1543 1088 1576 cum
1117 1530 1163 1574 in
1190 1530 1468 1589 Pergameno
1504 1543 1648 1590 regno

115 1600 416 1658 invenissent,
447 1599 779 1646 Philetaereum
805 1601 1037 1646 dixerunt:
1074 1614 1160 1646 nos
1190 1600 1403 1660 quoniam
1428 1600 1651 1646 Philetae-

115 1670 181 1715 rei
211 1683 374 1715 nomen
400 1670 454 1716 ad
482 1671 753 1732 Aegyptium
780 1671 939 1732 pedem
967 1671 1215 1716 transferre
1246 1671 1490 1717 secundum
1520 1671 1650 1717 tabu-

114 1739 180 1787 las
205 1740 483 1787 Heronianas
514 1741 849 1800 consuevimus,
878 1741 1143 1799 Asiaticum,
1171 1741 1214 1786 h.
1237 1741 1435 1787 e.‘Asiae
1461 1742 1654 1787 minoris

115 1811 276 1872 pedem
314 1810 607 1872 appellemus.
662 1812 805 1857 Huius
839 1812 977 1872 pedis
1003 1812 1196 1857 stadium
1227 1811 1396 1872 septies
1431 1811 1652 1872 multipli-

116 1888 264 1927 catum
312 1883 460 1942 ipsum
495 1882 801 1928 Romanorum
845 1882 1086 1927 miliarium
1124 1878 1324 1940 efficit2).
1402 1880 1476 1928 Sic
1507 1881 1652 1942 igitur

115 1951 454 1998 concludimus:
503 1954 633 1998 Asiae
678 1953 868 1998 minoris
906 1967 1142 1998 mensuras
1184 1966 1207 1997 a
1243 1952 1456 1998 Romanis
1492 1952 1650 1998 eodem

116 2022 212 2068 fere
248 2023 383 2069 modo
426 2037 517 2083 quo
544 2023 791 2084 Aegyptias
817 2029 1022 2084 receptas
1058 2030 1195 2083 atque
1221 2021 1275 2067 ad
1311 2036 1438 2068 suam
1469 2035 1651 2068 mensu-

115 2107 268 2138 rarum
290 2095 512 2140 rationem
535 2094 894 2140 accommodatas
920 2107 1046 2148 esse3
1078 2095 1123 2138 in
1148 2092 1222 2139 illa
1245 2100 1395 2139 autem
1414 2099 1537 2139 terra
1557 2107 1649 2139 non

115 2169 167 2209 ut
212 2163 256 2209 in
291 2166 499 2226 Aegypto
550 2164 669 2210 aliud
716 2163 958 2211 miliarium
996 2164 1196 2211 Romano
1242 2163 1427 2224 longius
1475 2164 1521 2209 in
1562 2178 1651 2209 usu

117 2234 289 2293 inisse,
329 2235 404 2280 sed
442 2236 589 2296 ipsum
625 2235 930 2282 Romanorum
973 2234 1213 2280 miliarium
1243 2234 1291 2279 in
1330 2248 1428 2280 eam
1467 2234 1651 2295 provin-

117 2304 230 2350 ciam
255 2304 523 2351 translatum
550 2319 665 2351 esse.
717 2304 845 2360 Quod
871 2305 1246 2366 quemadmodum
1275 2307 1564 2351 coniunctum
1592 2304 1652 2349 sit

117 2388 219 2420 cum
244 2375 454 2421 Asiaticis
481 2378 728 2435 mensuris,
766 2390 819 2422 ex
843 2377 925 2423 hac
950 2375 1138 2422 maxime
1162 2373 1313 2421 tabula
1341 2368 1475 2434 Περὶ
1502 2370 1650 2432 πηλι-

116 2438 339 2504 κότητοε
376 2441 584 2505 μέτρων
619 2446 944 2507 perspicimus,
978 2448 1108 2492 cuius
1135 2447 1220 2490 etsi
1252 2450 1374 2491 aetas
1401 2450 1470 2490 est
1496 2456 1649 2490 recen-

118 2517 234 2573 tior,
263 2515 512 2562 auctoritas
538 2522 688 2562 tamen
711 2517 828 2562 valet
856 2517 909 2561 ad
933 2515 1078 2562 multo
1108 2517 1261 2576 priora
1289 2514 1480 2560 saecula.

226 2586 275 2631 In
293 2585 546 2632 minoribus
570 2586 796 2633 mensuris
818 2601 840 2633 a
863 2586 1013 2646 palmo
1034 2586 1086 2632 ad
1109 2598 1316 2631 acaenam
1331 2583 1491 2644 (1—7)
1506 2585 1649 2630 omni-

235 2736 283 2791 2)
305 2739 444 2778 Asiae
475 2738 662 2778 minoris
692 2736 799 2790 pedi
830 2749 929 2776 cum
952 2737 1010 2775 H.
1034 2735 1275 2776 Wittiehio
1300 2735 1528 2787 (Archci'ol.
1550 2736 1648 2776 Zet·-

121 2800 222 2846 tuny
245 2795 369 2845 1862,
390 2795 475 2834 XX
496 2807 540 2836 n.
565 2796 644 2834 162
665 2793 723 2845 Β)
746 2794 829 2834 350
850 2792 1025 2832 millim.
1049 2792 1304 2833 tribuimus.
1351 2792 1463 2832 Inde
1484 2790 1533 2831 fit
1554 2796 1647 2832 sta-

116 2850 245 2890 dium
266 2852 348 2891 210
369 2854 516 2903 metr„
551 2863 668 2902 quae
691 2862 865 2890 summa
896 2849 1065 2902 septies
1088 2848 1226 2889 ducta
1249 2848 1364 2888 facit
1388 2849 1497 2889 1470
1517 2851 1646 2890 metr.

121 2906 428 2947 Romanorum
469 2910 623 2947 autem
661 2906 909 2945 miliarium
942 2905 1094 2955 1478,7
1135 2908 1266 2945 metr.
1299 2904 1453 2944 habet.
1514 2904 1645 2944 Haec

123 2962 268 3015 igitur
299 2975 434 3016 quam
465 2962 563 3004 ficri
593 2965 747 3016 potest
769 2962 1061 3003 exactissime
1093 2961 1214 3003 inter
1244 2973 1291 3002 se
1324 2963 1590 3014 congruunt.
