1946 3220
26 0 140 124 ξ,

123 137 226 208 [76]
543 153 697 190 cAv1s
734 154 802 189 Ac
837 154 1185 191 PounntUS.
1540 138 1648 192 251

196 262 275 315 13.
311 263 388 316 Τὸ
415 263 724 328 ἡμικόγγιον
754 265 829 317 ΗΞ»
855 263 900 316 δ’
923 273 970 316 5.

195 347 272 399 14.
311 348 371 400 Ὁ
410 349 588 414 ξέςτης
614 349 723 414 ἔχει
751 349 826 401 ΗΞ
855 342 903 400 α’
925 358 971 400 5.

196 431 275 485 15.
313 432 498 498 Ἡμίνα
522 435 757 486 τουτέςτι
784 433 816 498 ἡ
842 433 1037 498 κοτύλη
1066 432 1283 497 οὐγγίας
1309 428 1366 487 θ’.

195 516 275 569 16.
314 517 389 570 Τὸ
415 517 672 583 τέταρτον
700 518 808 583 ἔχει
835 517 1052 581 οὐγγίας
1078 515 1123 570 δ’
1145 527 1191 570 s,

195 601 276 654 17.
313 602 388 655 Τὸ
415 601 720 668 ὀξύβαφον,
758 601 788 654 6
822 603 927 655 ἐςτι
960 602 1185 668 κοτύλης
1217 603 1502 669 τέταρτον,
1534 601 1649 666 ἄγει
1679 611 1706 653 5

122 685 340 749 οὐγγίας
368 685 411 752 β’
435 695 481 739 5.

196 769 274 823 18.
312 770 372 823 Ὁ
399 772 458 823 δὲ
485 771 705 835 κύαθος,
747 770 882 837 ὅπερ
918 771 1054 824 ἑςτὶν
1090 771 1243 824 ἕκτον
1281 773 1374 835 τῆς
1407 772 1650 837 κοτύλης,

121 854 238 917 ἄγει
264 855 484 918 ούγγίαν
513 853 562 908 α’
585 865 631 908 5.

104 965 106 969 -
196 938 275 991 19.
313 940 372 993 Ἡ
400 939 556 1005 χύμη,
584 939 615 993 6
641 939 746 993 ἐςτι
770 939 969 993 κυάθου
995 939 1057 992 τὸ
1085 939 1354 1004 τέταρτον,
1383 939 1500 1003 ἄγει
1525 942 1650 1005 δρα-

30 1017 32 1019 ’
123 1024 259 1090 χμὰς
282 1023 343 1087 γ’.
1681 1034 1735 1074 10

669 1123 824 1192 [Περὶ
853 1123 1099 1191 μέλιτος]

195 1220 278 1274 2Ο.
316 1222 427 1275 Τοῦ
454 1222 662 1287 με’λιτος
686 1222 748 1274 τὸ
776 1221 1023 1287 κεράμιον
1052 1222 1160 1288 ἔχει
1187 1221 1366 1287 λίτρας
1393 1219 1485 1287 ρκ’.

194 1305 277 1357 21.
316 1306 373 1358 Ἡ
406 1307 576 1371 οὔρνα
614 1306 723 1371 ἔχει
752 1308 827 1359 ΗΞ
860 1304 914 1359 ἴ.

195 1388 276 1441 22.
316 1389 392 1443 Τὸ
418 1390 636 1453 κόγγιον
662 1391 769 1455 ἔχει
795 1390 973 1455 λίτρας
998 1389 1070 1444 ιε’.

194 1472 277 1525 23.
316 1473 392 1526 Τὸ
417 1473 726 1538 ἡμικόγγιον
753 1473 795 1529 ζ’
821 1484 867 1527 S.
1685 1479 1737 1522 15

197 1557 280 1610 24.
317 1558 376 1610 Ὁ
412 1559 590 1624 ξέςτης
624 1559 732 1625 ἔχει
759 1560 834 1612 ΗΞ»
865 1557 908 1624 β’
932 1568 978 1610 5.

194 1641 278 1694 25.
317 1642 504 1707 Ἡμίνα
555 1644 663 1708 ἕχει
697 1644 772 1697 ΗΞ
800 1642 850 1695 α’
874 1642 1092 1706 οὐγγίας
1117 1642 1178 1706 γ’.

194 1724 277 1778 26.
316 1728 392 1779 Τὸ
417 1728 674 1794 τέταρτον
705 1728 813 1793 ἔχει
840 1728 1057 1790 οὐγγίας
1082 1726 1124 1783 ζ’
1148 1737 1195 1780 5.

194 1809 278 1862 27.
317 1811 393 1863 Τὸ
421 1811 699 1878 ὀξύβαφον
731 1812 840 1876 ἔχει
871 1811 1088 1874 οὐγγίας
1111 1811 1159 1873 γ’
1182 1821 1214 1864 ,S
1238 1812 1271 1880 <
1301 1815 1343 1878 β.

196 1894 279 1946 28.
318 1895 376 1947 Ὅ
404 1896 601 1950 κύαθος
625 1897 734 1962 ἔχει
758 1896 973 1959 οὐγγίας
999 1893 1043 1962 β’
1066 1905 1112 1949 5.
1685 1902 1740 1942 20

195 1978 279 2031 29.
316 1981 374 2033 Ἡ
401 1982 460 2034 δὲ
485 1981 620 2046 χύμη
638 2022 651 2045 ,
679 1981 814 2046 ὅπερ
838 1981 974 2034 ἑςτὶν
1000 1980 1199 2033 κυάθου
1225 1980 1480 2044 τέταρτον
1497 2022 1510 2044 ,
1537 1980 1654 2043 ἄγει

127 2060 273 2133 <ε’.,

637 2191 717 2243 76.
765 2191 899 2256 Περὶ
923 2191 1145 2256 μέτρων.

238 2290 280 2341 1.
318 2289 377 2341 Ὁ
408 2289 655 2355 μέδιμνος
686 2290 795 2355 ἔχει
818 2290 1036 2354 ἦμίεκτα
1065 2288 1163 2355 ιβ’.,

231 2371 279 2425 2.
319 2374 394 2425 Τὸ
420 2375 479 2426 δὲ
504 2374 749 2439 ἡμίεκτον
773 2378 905 2440 χοῦς
933 2370 990 2439 β’.
1684 2389 1739 2430 25

235 2456 281 2509 3.
321 2456 381 2509 ‘O
409 2458 467 2509 δὲ
492 2458 622 2523 χοὺς
650 2456 882 2521 χοίνικας
909 2455 966 2510 δ’.

245 2659 282 2697 1.
319 2654 404 2709 ΗΞ]
437 2655 588 2696 librae
619 2659 774 2696 notam
805 2654 872 2695 sic
905 2647 975 2695 ffi'
1006 2654 1148 2695 habet
1170 2653 1265 2694 cod.
1289 2656 1335 2694 et
1354 2652 1430 2695 hie
1461 2657 1508 2695 et
1534 2653 1657 2694 infra

131 2727 155 2777 5
187 2727 255 2770 14.
295 2728 362 2767 21.
402 2727 471 2767 24.
509 2728 563 2767 25
690 2727 731 2765 3.
773 2721 971 2776 κοτύλη]
1015 2722 1276 2776 ἡμικοτύλη
1320 2723 1416 2764 cod.
1547 2725 1589 2765 9.
1630 2723 1656 2765 6

130 2794 243 2848 ἑςτι]
268 2794 312 2838 ὸι
333 2809 432 2837 eum
456 2795 670 2849 ambiguo
688 2794 954 2847 compendio
973 2794 1071 2838 cod.
1096 2793 1311 2846 (voluisse
1330 2793 1514 2836 videtur
1533 2790 1655 2844 οἶον)

133 2867 199 2908 12.
238 2864 454 2918 κεράτιον
493 2866 591 2907 cod.
711 2867 776 2906 13.
809 2857 844 2905 ξ’
883 2878 969 2905 om.
1009 2865 1106 2905 cod.
1221 2866 1291 2907 23.
1332 2864 1518 2917 μετρῶν
1558 2861 1654 2904 eod.

132 2937 201 2977 24.
232 2933 430 2986 ήμίεκτα
458 2930 532 2991 ιβ’]
566 2934 595 2987 ἡ
628 2934 768 2977 ἔκτον
800 2934 896 2977 cod.
1019 2936 1087 2977 25.
1118 2933 1228 2987 χοὺς
1260 2934 1359 2979 cod.
