1946 3220
218 0 220 2 ’
273 0 342 29 τ’*
471 0 492 23 9
916 0 1078 29 τ-ς.;“,«ῡ
1117 0 1147 7 ·“

561 159 894 215 sempronns
918 158 1174 216 amcos.
1291 180 1293 182 ·
1595 162 1628 216 9

101 297 257 358 paucis
284 294 523 341 admodum
548 293 603 340 de
631 308 680 340 ea
706 308 756 339 re
781 294 1023 352 disseruit,
1061 293 1318 340 luculenter
1347 302 1492 361 tamen
1518 309 1629 341 non-

100 366 228 413 nulla
254 379 368 427 quae
396 364 587 412 obscura
617 372 772 412 essent
798 365 1057 411 illustravit.
1109 365 1264 427 Nuper
1287 379 1394 421 vero
1425 366 1540 412 bene
1579 380 1630 413 ac

100 438 294 485 feliciter
336 436 559 497 contigit,
614 443 666 482 ut
708 436 859 482 statim
896 443 1059 497 postea
1102 451 1234 498 quam
1275 436 1629 484 Let1·onnianum

105 523 222 570 opus
251 507 422 554 editum
458 515 602 565 esset,
640 508 695 554 ad
716 507 904 553 eandem
933 510 1247 568 quaestionem
1272 507 1492 555 Henricus
1516 508 1631 555 Mar-

103 580 225 627 tinus
261 579 410 625 studia
445 579 677 625 conferret
710 586 846 640 atque
879 578 1108 625 uberrime
1142 580 1195 625 de
1222 579 1492 626 Heronianis
1526 579 1631 625 reli-

104 650 222 712 quiis
251 649 468 696 scriberet
487 645 538 708 ⁶).
590 649 730 706 Quem
755 651 1196 711 praestantissimum
1224 650 1389 696 librum
1417 665 1519 697 cum
1545 652 1632 697 iam

103 724 149 767 in
190 721 398 767 manibus
433 720 702 780 habeamus„
761 721 935 766 tandem
979 721 1219 782 aliquando
1264 722 1317 767 de
1365 728 1632 783 argumento

106 792 374 853 gravissimo
400 792 571 838 certius
599 791 706 839 licet
737 792 947 838 iudicare.

321 931 387 971 De
418 931 596 971 Herone
627 931 955 983 Alexandrino,
990 929 1166 972 Ctesibii
1193 931 1415 984 discipulo.

210 1019 320 1066 Tres
345 1019 550 1065 Herones
574 1027 779 1066 veterum
809 1021 1027 1065 memoria
1062 1019 1207 1066 fuisse
1242 1019 1435 1065 diximus
1475 1020 1551 1078 qui
1578 1018 1632 1064 de
1661 1019 1691 1067 5

103 1093 329 1137 mensuris
356 1091 593 1151 scripsisse
618 1090 894 1137 viderentur.
941 1090 1114 1136 Horum
1137 1092 1311 1152 primus
1338 1096 1408 1136 est
1430 1089 1507 1135 ille
1533 1088 1634 1135 Ale-

105 1162 377 1219 xandrinus,
417 1161 601 1207 Ctesibii
637 1162 911 1224 discipulus⁷
954 1175 1107 1208 rerum
1146 1157 1565 1208 mathematicarum
1593 1167 1639 1207 et

106 1234 464 1295 mechanicarum
506 1233 693 1279 scientia
729 1233 1041 1279 nobilissimus
1066 1228 1112 1292 ¹).
1178 1231 1264 1287 Qui
1308 1247 1398 1293 quo
1437 1239 1639 1292 tempore

104 1305 290 1362 vixerit,
324 1318 376 1350 ex
402 1303 642 1350 Aristoclis
669 1305 932 1350 testimonio
959 1303 1194 1364 colligitur
1220 1304 1342 1364 quod
1369 1303 1486 1363 apud
1504 1302 1641 1347 Athe-

106 1388 268 1421 naeum
282 1370 313 1436 ²)
344 1374 561 1434 legimus:
601 1374 835 1435 aequalem
868 1374 1010 1420 fuisse
1037 1373 1286 1420 Ctesibium
1317 1374 1415 1434 regi
1441 1373 1640 1434 Euerge-

109 1453 178 1491 tae
216 1445 376 1503 alteri,
412 1445 500 1491 hoc
536 1451 606 1491 est
638 1445 897 1492 Ptolemaeo
921 1445 991 1490 Vll
1026 1445 1279 1506 Physconi‚
1315 1444 1394 1505 qui
1427 1445 1481 1490 ab
1521 1458 1638 1490 anno

106 1516 248 1563 CLXX
274 1516 328 1561 ad
354 1515 496 1561 CXVII
523 1530 561 1561 a.
585 1515 688 1561 Chr.
716 1531 759 1562 n.
787 1518 1005 1577 regnavit.
1045 1516 1262 1576 Sequitur
1285 1515 1446 1575 igitur,
1475 1522 1527 1562 ut
1557 1514 1641 1559 He-

106 1602 186 1645 ro,
218 1586 470 1647 discipulus
501 1586 648 1645 illius,
686 1595 877 1635 exeunte
909 1588 1002 1633 sere
1029 1587 1212 1634 saeculo
1242 1587 1440 1634 secundo
1473 1601 1510 1632 a.
1538 1585 1639 1631 Chr.

107 1672 150 1704 n.
180 1658 403 1709 floruerit.
455 1657 655 1705 Eundem
690 1660 743 1705 ad
779 1661 912 1720 primi
950 1658 1119 1706 saeculi
1153 1659 1282 1705 initia
1312 1658 1450 1704 vitam
1475 1656 1642 1718 perdu-

104 1730 225 1774 xisse
254 1743 346 1774 non
373 1730 629 1789 negaverim
655 1731 862 1792 equidem
879 1765 892 1789 ‚
923 1744 1006 1776 nec
1036 1737 1186 1776 tamen
1210 1725 1431 1791 Martiniss)
1463 1734 1643 1775 senten-

112 1801 169 1845 tia
186 1835 197 1855 ‚
227 1800 303 1860 qui
331 1800 385 1845 ad
411 1800 608 1846 medium
639 1800 869 1847 saeculum
893 1804 1091 1862 primum
1119 1800 1248 1846 illum
1276 1800 1438 1846 vixisse
1464 1800 1643 1856 statuit,

112 1870 220 1916 satis
254 1870 362 1915 mihi
387 1870 640 1931 probabilis
667 1872 857 1917 videtur.
908 1872 993 1927 Qui
1022 1872 1201 1932 quidem
1231 1872 1295 1917 ita
1320 1869 1642 1918 ratiocinatur:

108 1942 153 1986 in
195 1941 451 2002 fragmento
495 1942 601 1988 libri
643 1943 887 1989 Heroniani
927 1942 1004 2004 qui
1040 1938 1345 2002 Βαροῦλκοε
1381 1939 1645 1988 inscribitur

107 2011 327 2058 vocabula
364 2025 388 2057 e
421 2011 582 2059 Latino
622 2027 831 2060 sermone
867 2014 1039 2075 petita,
1089 2008 1315 2072 Ttdtccoc,
1365 2007 1644 2073 μιλιάριον,

223 2205 272 2259 6)
303 2208 568 2249 Reclzerches
597 2221 673 2249 sur
704 2211 745 2249 la
774 2210 836 2249 vie
869 2215 910 2249 et
941 2212 1001 2250 les
1031 2221 1238 2261 ouvrayes
1268 2206 1468 2249 d'He'ron
1497 2207 1646 2248 d’Ale-

110 2265 297 2304 mandrie
329 2270 371 2304 et
400 2278 474 2305 sur
503 2271 597 2306 tous
618 2267 678 2305 les
699 2278 905 2318 ouvrayes
935 2266 1278 2319 mathematz‘ques
1312 2265 1444 2305 Grees
1475 2265 1546 2317 qui
1574 2269 1647 2303 ont

113 2322 177 2360 ἑτέ
208 2321 414 2362 attribues
446 2321 472 2361 ἁ
502 2336 556 2361 zm
587 2328 738 2362 auteur
768 2325 922 2363 nomme5
952 2323 1143 2363 He'ron.·
1178 2322 1343 2362 Editus
1383 2324 1454 2361 est
1482 2320 1560 2359 hic
1590 2319 1645 2358 li-

110 2376 195 2417 ber
225 2377 273 2416 in
307 2377 548 2418 annalibus
587 2378 867 2419 Academiae
898 2379 1179 2420 Parisiensis
1219 2378 1295 2430 qui
1332 2376 1650 2417 inscribuntur

113 2432 345 2474 Memoz'res
373 2436 596 2486 presentes
623 2449 708 2487 par
739 2437 881 2476 divers
909 2442 1084 2476 savants
1115 2436 1141 2474 ἀ
1172 2432 1345 2475 z’Aead.
1378 2434 1454 2473 des
1483 2432 1644 2484 Inscr„

111 2490 224 2530 serie
255 2489 295 2537 I,
329 2496 433 2531 tome
464 2491 554 2542 IV,
586 2492 716 2532 Paris
747 2494 874 2535 1854.

231 2543 277 2599 1)
328 2546 445 2586 Vide
492 2547 700 2587 Fabricii
742 2547 965 2591 Biblioth.
999 2547 1076 2588 Gr.
1107 2546 1171 2587 IV
1207 2559 1250 2598 p.
1284 2546 1366 2586 234
1396 2542 1646 2598 (Harles.),

112 2602 357 2642 Letronnii
388 2603 515 2643 Reclz.
549 2616 592 2656 p.
626 2605 679 2644 26
710 2616 762 2652 5.,
794 2604 982 2644 Martin.
1013 2618 1057 2656 p.
1089 2603 1300 2644 22—240.

231 2657 279 2711 2)
326 2660 546 2712 Deipnos.
588 2660 616 2699 4
653 2674 696 2713 p.
739 2661 820 2700 174
850 2661 907 2701 D.
967 2659 1142 2700 Iniuria
1186 2658 1430 2699 Fabricius
1478 2657 1647 2710 aliique

116 2716 271 2766 (citati
303 2729 330 2756 a
359 2716 559 2756 Martino
590 2730 632 2769 p.
658 2714 734 2767 23)
766 2716 1019 2757 Ctesibium
1050 2715 1132 2757 sub
1163 2714 1431 2756 Ptolemaeo
1461 2715 1508 2755 ΙΙ
1537 2714 1648 2754 Phi·

114 2771 332 2825 ladelpho
371 2777 416 2815 et
445 2773 714 2814 Ptolemaeo
744 2773 814 2813 111
845 2773 1100 2826 Euergeta‚
1135 2771 1227 2813 hoc
1267 2775 1337 2813 est
1372 2771 1511 2812 tertio
1551 2783 1649 2812 sae-

119 2828 248 2880 culo,
287 2829 456 2871 vixisse
498 2833 778 2879 statuerunt,
822 2842 956 2882 quam
996 2830 1257 2883 opinionem
1287 2827 1545 2869 luculenter
1576 2839 1646 2866 re·

116 2885 240 2925 fellit
261 2885 687 2940 Schweighaeuser.
710 2886 949 2928 Animadv.
971 2887 1018 2926 in
1040 2886 1205 2927 Athen.
1230 2890 1338 2926 tom.
1359 2885 1406 2925 ΙΙ
1427 2898 1470 2939 p.
1490 2885 1572 2925 636
1596 2895 1646 2933 s.,

118 2942 194 2982 cui
227 2943 538 2983 assentiuntur
568 2943 774 2984 Boeckh.
808 2956 849 2996 p.
883 2944 907 2983 8
942 2946 987 2983 et
1015 2943 1202 2984 Martin.
1232 2956 1277 2996 p.
1309 2942 1385 2987 24„
