1946 3220
532 178 865 215 semerom-:s
894 178 1159 214 annoos.
1544 164 1607 217 11

75 294 309 342 habemus.
363 293 472 341 Nam
498 294 620 356 quod
645 292 919 340 Letronnius
950 293 1116 340 librum
1146 294 1202 340 de
1232 294 1470 340 elementis
1499 309 1610 356 geo-

76 365 263 412 metriae
293 364 347 411 ab
374 378 429 411 eo
455 364 675 426 scriptum
703 378 805 410 esse
830 364 1021 411 Eutocio
1040 360 1073 427 3)
1106 370 1293 412 auctore
1319 366 1607 424 existimavit,

75 437 121 482 in
146 435 369 496 duplicem
396 449 599 482 errorem
627 434 840 481 inductus
867 441 962 493 est,
989 450 1091 482 cum
1116 449 1199 482 nec
1227 435 1345 481 Hero
1374 436 1471 482 eius
1499 450 1608 497 ope-

76 507 139 553 ris
167 512 328 554 auctor
354 506 438 563 sit,
474 506 578 564 sed,
616 511 668 552 ut
702 507 746 552 in
782 505 992 552 omnibus
1018 506 1145 552 libris
1173 506 1369 567 legitur,
1400 506 1607 553 Heronas

76 576 281 638 quidam,
320 583 366 623 et
392 576 508 623 liber
543 577 629 623 iste
657 576 711 623 ab
737 576 926 623 Eutocio
952 577 1117 623 citatus
1153 591 1246 623 non
1276 584 1365 623 tam
1392 578 1491 638 ipsa
1518 575 1608 623 ele-

73 654 223 694 menta
247 648 525 708 geometriae
552 662 687 708 quam
711 647 1085 694 commentarium
1113 649 1158 693 in
1177 647 1434 695 Nicomachi
1459 650 1607 694 intro-

72 717 331 765 ductionem
359 719 690 765 arithmeticam
719 713 1012 777 contineat4).

477 858 541 897 De
574 857 751 897 Herone
781 858 909 897 tertio
940 855 1199 909 Byzantino.

177 944 355 1002 Restat,
395 951 447 990 ut
479 945 533 990 de
573 945 709 990 tertio
745 944 925 990 Herone
962 958 1248 1006 quaeramus.
1310 944 1370 990 De
1401 959 1490 1005 quo
1519 944 1606 990 etsi
1635 947 1665 997 7

72 1028 205 1060 nemo
234 1021 440 1061 veterum
466 1017 740 1076 scriptorum
772 1015 1017 1076 quidquam
1043 1015 1269 1076 prodidit,
1312 1015 1421 1061 satis
1456 1021 1607 1061 tamen

74 1091 215 1132 notus
242 1093 312 1132 est
341 1099 393 1132 ex
420 1086 477 1132 iis
505 1100 620 1147 quae
644 1086 814 1147 scripta
840 1087 1042 1147 reliquit.
1099 1086 1260 1132 Extant
1285 1088 1405 1132 enim
1430 1093 1476 1132 et
1499 1086 1607 1132 libri

71 1157 168 1203 eius
191 1156 246 1203 de
269 1157 488 1204 machinis
515 1157 689 1204 bellicis
720 1172 771 1204 ac
800 1157 854 1203 de
880 1157 1151 1218 geodaesia,
1181 1172 1295 1218 quos
1323 1159 1368 1202 in
1398 1156 1608 1203 Latinum

71 1241 326 1274 sermonem
367 1242 392 1274 e
434 1228 587 1275 codice
637 1228 805 1275 Graeco
850 1227 1123 1274 Bononiensi
1173 1242 1420 1274 conversos
1468 1228 1608 1274 edidit

68 1298 339 1345 Franciscus
369 1299 582 1345 Barocius
598 1294 653 1359 ¹),
700 1305 746 1345 et
786 1299 871 1345 alia
912 1297 1130 1345 nonnulla
1169 1299 1224 1344 de
1259 1312 1308 1344 re
1342 1297 1530 1346 militari
1561 1305 1607 1344 et

0 1430 2 1432 .
71 1369 353 1428 agricultura
398 1369 452 1414 ab
489 1369 646 1415 eodem
694 1371 863 1431 scripta
904 1383 1004 1414 esse
1048 1367 1318 1429 videntur2).
1377 1367 1463 1424 Qui
1514 1384 1605 1430 quo

70 1446 276 1501 tempore
302 1440 488 1499 vixerit,
518 1456 542 1487 a
568 1440 724 1486 multis
740 1447 795 1496 ⁸et
821 1440 1097 1486 doctissimis
1122 1440 1228 1486 viris
1254 1440 1476 1500 singulari
1502 1455 1606 1487 acu-

70 1510 189 1556 mine
217 1512 472 1570 quaesitum
505 1518 589 1557 est.
648 1511 756 1557 Nam
791 1526 891 1557 cum
924 1511 970 1556 in
1000 1510 1103 1557 loco
1141 1511 1408 1571 geodaesiae
1444 1517 1607 1557 auctor

70 1581 124 1627 de
149 1581 385 1628 stellarum
412 1582 692 1642 quarundam
719 1596 973 1643 progressu
997 1581 1100 1628 inde
1127 1597 1152 1627 a
1183 1582 1431 1628 Ptolemaei
1457 1587 1606 1628 aetate

68 1651 189 1698 sacto
227 1659 636 1710 commemoraret,
682 1653 812 1712 inde,
858 1659 972 1713 quot
1006 1652 1185 1700 saecula
1212 1669 1237 1699 a
1262 1653 1522 1699 Ptolemaeo
1550 1652 1608 1699 ad

182 1807 230 1856 3)
261 1805 449 1846 Eutocii
485 1805 535 1846 in
573 1804 774 1847 Archim.
815 1807 1057 1845 comment.
1099 1802 1193 1858 (ed.
1226 1804 1433 1858 Hervag.
1456 1803 1604 1849 Basil.

14 1868 19 1873 “
72 1859 203 1913 1544)
243 1876 285 1915 p.
325 1863 403 1902 28:
456 1860 520 1903 ὥς
566 1873 706 1913 φαειν
745 1859 879 1902 ἄλλοι
923 1872 978 1901 τε
1016 1860 1092 1901 καὶ
1134 1859 1396 1912 Νικόμαχος
1436 1859 1487 1902 ἐν
1531 1862 1604 1915 τῷ

70 1917 251 1972 πρώτῳ
283 1920 354 1971 τῷ
385 1917 492 1969 περὶ
523 1919 739 1970 μουεικῆε
770 1917 845 1958 καὶ
876 1915 1088 1968 Ἡρωνᾶε
1119 1915 1170 1958 ἐν
1199 1919 1270 1970 τῷ
1302 1915 1607 1969 ὑπομνήματι

69 1977 140 2028 τῷ
174 1972 238 2016 εἰ(
268 1973 360 2026 τὴν
392 1972 698 2026 ἀριθμητικὴν
729 1971 1006 2025 εἰεαγωγήν.

181 2030 230 2082 4)
261 2031 446 2074 Martin.
479 2045 523 2085 p.
555 2031 653 2074 240.

185 2087 231 2140 1)
270 2088 470 2129 Heronis
509 2087 628 2128 liber
667 2087 723 2128 de
763 2087 994 2128 machinis
1032 2085 1215 2127 bellicis
1246 2099 1335 2128 nec
1365 2100 1458 2128 non
1488 2086 1608 2128 liber

71 2145 127 2186 de
158 2144 407 2198 geodaesia.
439 2157 468 2185 a
496 2145 664 2184 Franc.
695 2144 895 2185 Barocio
926 2144 1066 2185 versi.
1096 2143 1261 2184 Venet.
1298 2145 1420 2188 1572.
1462 2144 1606 2186 Grae-

73 2215 151 2243 cus
184 2204 423 2242 contextus
453 2205 699 2255 praeterea
732 2204 884 2242 exstat
912 2202 962 2240 in
993 2200 1152 2242 codice
1182 2200 1451 2252 Bodleiano,
1484 2201 1606 2242 unde

71 2258 297 2299 decimum
358 2261 498 2311 caput
546 2258 638 2299 sibi
697 2257 1048 2298 describendum
1098 2258 1278 2298 curavit
1326 2258 1607 2300 Letronnius

71 2312 220 2367 (Rech.
263 2329 306 2368 p.
348 2314 436 2365 31).
495 2314 879 2366 Accuratissime,
932 2318 984 2354 ut
1031 2314 1173 2366 solet,
1226 2317 1273 2354 et
1326 2314 1382 2355 de
1419 2314 1608 2355 Barocii

0 2419 3 2421 ¹
72 2371 272 2411 editione
306 2374 352 2411 et
382 2371 437 2411 de
471 2370 708 2411 codicibus
739 2383 878 2411 manu
909 2371 1094 2424 scriptis
1128 2371 1320 2412 Graecis
1351 2370 1606 2423 disputavit

69 2427 297 2468 Martinus
326 2441 370 2480 p.
392 2428 629 2475 250—257,
662 2427 739 2480 qui
770 2429 910 2468 etiam
940 2431 1119 2481 partem
1140 2425 1530 2479 Πολιορκητικῶν
1550 2448 1607 2456 -

71 2484 111 2524 is
144 2485 267 2524 enim
300 2487 370 2523 est
391 2482 598 2524 Graecus
619 2483 780 2524 titulus
800 2504 858 2514 -
877 2485 1050 2537 primus
1083 2483 1230 2524 edidit
1250 2482 1315 2536 (p.
1337 2481 1604 2534 446—473).

183 2541 228 2592 2)
260 2540 377 2580 Vide
394 2539 581 2580 Martin.
598 2553 643 2592 p.
665 2541 905 2590 324-387,
939 2553 1073 2593 quem
1104 2542 1261 2579 tamen
1290 2552 1382 2579 non
1399 2540 1467 2580 ita
1490 2539 1605 2580 cita-

70 2610 191 2647 mus,
230 2600 282 2637 ut
312 2597 466 2637 omnia
498 2608 799 2649 quaecunque
831 2597 1008 2637 Heroni
1038 2609 1119 2636 suo
1150 2595 1333 2647 tribuit,
1377 2595 1436 2636 ad
1474 2595 1606 2637 illum

69 2654 302 2707 pertinere
344 2653 684 2694 consentiamus
716 2675 768 2680 —
799 2665 906 2693 nam
945 2652 1001 2693 de
1040 2651 1274 2693 nonnullis
1306 2652 1490 2705 quidem
1520 2652 1604 2693 du-

70 2711 196 2751 bium
228 2713 318 2756 est,
368 2723 426 2750 an
457 2709 615 2750 fictum
653 2709 806 2763 potius
836 2709 1036 2749 Heronis
1075 2709 1247 2749 veteris
1285 2709 1606 2750 mathematici

70 2779 236 2808 nomen
273 2767 405 2808 libris
435 2766 706 2819 inscriptum
737 2766 811 2807 sit.
873 2764 963 2805 Sed
1003 2765 1205 2806 breviter
1242 2764 1362 2806 haec
1394 2767 1604 2818 quaestio

72 2823 313 2864 admodum
344 2822 528 2863 subtilis
561 2826 607 2864 et
636 2835 783 2876 paene
822 2820 1168 2876 inexplicabilis
1201 2821 1381 2863 absolvi
1407 2835 1499 2863 non
1526 2836 1606 2876 po-

70 2882 179 2920 test.
223 2879 373 2930 Quam
405 2880 446 2920 si
477 2880 578 2933 quis
612 2880 669 2920 ad
698 2878 920 2932 liquidum
950 2878 1204 2932 perducere
1235 2879 1327 2919 sibi
1357 2891 1605 2932 proposue-

71 2936 154 2987 rit,
203 2936 282 2977 vix
325 2937 498 2977 minore
538 2935 770 2978 volumine
810 2948 946 2989 quam
991 2935 1110 2989 quod
1130 2935 1373 2989 *Martinus
1418 2936 1606 2989 scripsit

74 3005 169 3033 rem
200 2991 434 3034 conficiat.
