1946 3220
738 168 1063 208 PRAEFATIO!
1543 172 1581 208 X
1589 171 1646 208 xl

0 293 1 302 ³
134 285 287 343 nensi,
319 285 475 333 eadem
497 285 738 346 diligenter
763 300 973 348 expressa
998 301 1022 332 a
1047 286 1355 346 Lachmanno,
1386 287 1648 349 perturbata

22 354 27 366 ³
45 407 49 409 ,
133 362 285 402 autem
306 357 352 402 in
366 355 607 403 Mutinensi
629 356 1018 416 etBambergensi.
1065 358 1128 404 Ac
1148 357 1200 403 de
1214 357 1530 419 Bamberge'nsi
1550 361 1650 420 qui-

15 436 62 489 -Jj
131 427 232 472 dem
259 426 355 472 vide
375 425 616 472 Christium
644 443 686 488 p.
712 426 810 474 143
834 443 895 473 vs.
919 426 1146 473 14—17:
1173 429 1217 473 in
1238 429 1478 474 Mutinensi
1502 429 1648 475 bessis

21 506 50 564 ³3
133 503 241 543 nota
260 503 329 542 est
345 500 429 554 55,
449 497 682 543 dodrantis
701 501 791 544 55κ
805 533 818 554 ,
845 498 1065 543 dextantis
1083 502 1201 557 555,
1221 499 1407 545 deuncis
1424 504 1482 546 Sl
1493 503 1616 546 5²5²
1636 534 1646 544 .

237 567 356 613 Haec
390 566 435 612 in
474 570 728 614 universum
765 568 818 614 de
852 569 974 614 notis
1011 570 1205 628 partium
1244 570 1355 614 assis
1392 569 1650 615 disserenda

51 650 86 700 f
132 637 341 683 suerunt:
378 638 465 683 iam
500 638 696 684 redimus
736 638 788 684 ad
825 639 967 699 ipsam
994 639 1161 684 codicis
1187 640 1426 685 Bernensis
1455 639 1650 685 tabulam

133 713 179 754 ct
213 707 393 768 singula
429 706 747 769 persequimur
781 709 1168 770 paragraphorum
1206 709 1373 754 ordine.
1412 734 1468 742 -
1506 711 1534 768 S
1570 708 1647 754 12.

6 775 45 798 ²
131 777 179 823 ln
205 779 466 824 sescunciae
491 786 598 824 nota
625 779 791 825 lineola
819 794 931 840 quae
962 781 1136 825 unciam
1159 779 1382 839 significat
1402 794 1484 839 per
1502 781 1649 840 ipsum

37 852 47 859 ”
132 845 170 896 L
195 848 412 909 perducta
446 856 517 895 est
555 851 621 896 sic
649 847 715 909 E,
755 849 965 895 similiter
1000 856 1138 909 atque
1171 850 1217 894 in
1255 849 1408 894 codice
1446 850 1648 894 Gudiano

40 923 50 931 ⁴
132 919 269 979 (apud
303 919 485 966 Lachm.
521 935 563 980 p.
599 920 728 978 339,
769 919 866 979 26).
899 945 958 952 -
987 920 1016 978 S
1050 919 1127 965 15.
1163 919 1353 965 Barbara
1389 933 1473 964 vox
1505 921 1649 965 siclo—

132 990 277 1049 sescli
308 992 561 1051 composita
597 998 666 1036 est
701 1005 751 1037 ex
780 989 891 1036 siclo
919 997 966 1035 et
991 991 1148 1049 seseli,
1176 991 1204 1034 i.
1232 1005 1269 1035 e.
1299 988 1498 1045 sextula3
1543 997 1647 1034 nota

133 1059 274 1120 igitur
296 1060 432 1106 huius
460 1061 672 1121 ponderis
700 1063 807 1107 haec
833 1075 932 1106 esse
959 1061 1138 1118 debuit,
1175 1054 1258 1117 2⁰,
1293 1073 1407 1120 quae
1437 1068 1649 1120 corrupta

131 1136 203 1176 cst
237 1132 283 1176 in
321 1131 475 1178 codice
503 1134 546 1176 in
568 1127 644 1180 feb.
678 1157 738 1164 —
768 1132 796 1190 3
824 1132 902 1177 16.
932 1131 1039 1176 Duo
1065 1132 1210 1176 seseli
1233 1137 1338 1175 sunt
1365 1130 1476 1176 duae
1503 1137 1653 1175 sextu·

131 1201 226 1259 lae,
265 1215 454 1261 quarum
490 1208 596 1246 nota
624 1215 648 1246 e
672 1202 789 1247 binis
816 1215 846 1249 υ
872 1203 917 1246 in
950 1202 1103 1248 codiee
1129 1202 1247 1246 hunc
1273 1200 1368 1245 sere
1395 1201 1441 1244 in
1467 1200 1649 1245 modum

67 1294 69 1296 ·
132 1277 365 1317 contracta
393 1279 479 1328 est,
513 1286 574 1330 ω,
601 1273 678 1318 sed
706 1280 932 1318 extremus
960 1273 1121 1325 ductus
1147 1271 1200 1317 ad
1226 1271 1450 1316 dexteram
1476 1276 1651 1331 partem

131 1341 266 1401 paulo
307 1342 559 1401 productus
597 1351 679 1389 est.
711 1367 767 1375 —-
802 1344 830 1401 3
863 1343 942 1389 17.
974 1343 1134 1387 Sz‘clus
1172 1348 1240 1387 est
1268 1340 1486 1398 sicilicus,
1525 1340 1652 1386 cuius

12 1423 25 1427 ’·
79 1425 82 1429 ·
130 1413 307 1471 integra
343 1419 452 1458 nota
492 1420 566 1458 est
592 1409 654 1469 D,
694 1427 807 1473 quae
843 1413 907 1458 sic
941 1420 1154 1473 corrupta
1190 1412 1234 1456 in
1270 1411 1447 1467 codice,
1485 1404 1552 1460 ίὶ.
1590 1435 1650 1442 -

130 1481 161 1540 S
190 1482 269 1528 18.
299 1482 455 1527 Sescli
483 1490 552 1528 est
589 1483 787 1539 sextula,
820 1483 948 1529 cuius
974 1483 1202 1543 antiquam
1239 1488 1391 1527 notam
1415 1479 1458 1539 Χ
1489 1480 1655 1525 habent

131 1551 345 1598 Maeciani
370 1553 494 1610 libri,
524 1553 713 1598 similem
741 1554 880 1599 codex
904 1554 1130 1598 Gudianus
1157 1551 1442 1611 (Lachmann.
1467 1566 1513 1611 p.
1533 1551 1652 1605 339,

81 1683 84 1685 .
132 1621 243 1681 2l);
270 1622 500 1669 recentior
524 1630 632 1668 nota
659 1637 689 1670 υ
716 1631 862 1670 exstat
887 1625 932 1668 in
962 1624 1114 1669 codice
1132 1622 1449 1681 Bambergensi
1475 1620 1653 1680 (Christ.

46 1719 53 1730 ·
130 1707 174 1752 p.
205 1692 304 1739 143
333 1692 463 1755 extr.)
494 1699 539 1752 et
566 1694 820 1739 Mutinensi.
876 1695 923 1739 ln
960 1693 1175 1739 Berncnsi
1211 1694 1276 1738 sic
1312 1693 1404 1749 sere
1440 1697 1656 1750 corrupte

59 1774 62 1776 ·
132 1763 370 1823 scriptum,
402 1759 466 1811 l...
490 1779 500 1807 :
527 1778 614 1824 ego
638 1764 755 1809 edidi
782 1778 812 1811 υ
838 1765 1163 1810 convenienter
1188 1777 1287 1807 cum
1314 1768 1421 1807 nota
1448 1761 1653 1806 binarum

133 1834 428 1878 sextularum.
456 1857 515 1865 —
546 1833 575 1891 S
606 1835 683 1880 19.
713 1834 925 1880 Dimidiae
962 1834 1161 1879 sextulae
1198 1839 1303 1877 nota
1332 1834 1375 1877 in
1407 1831 1560 1876 codice
1586 1837 1656 1890 est

140 1906 200 1959 ἒς
240 1918 326 1964 ego
363 1903 546 1948 eandem
583 1911 736 1949 notam
774 1905 889 1950 edidi
926 1910 1060 1963 atque
1106 1902 1222 1963 apud
1255 1902 1553 1957 Maecianum,
1593 1901 1652 1958 'ffi-

130 2000 200 2008 ——
227 1973 257 2032 S
287 1973 366 2020 20.
407 1967 626 2033 Scriptuli
662 1982 770 2020 nota
795 1973 861 2037 Q
890 1975 1042 2020 eadem
1073 1980 1207 2033 atque
1239 1973 1355 2032 apud
1382 1972 1654 2016 Maecianum

122 2043 303 2105 -legitur
343 2044 387 2089 in
434 2044 614 2101 codice,
659 2047 746 2090 nisi
786 2045 907 2105 quod
943 2043 1106 2090 lineola
1149 2050 1405 2093 transversa
1441 2039 1577 2102 paulo
1611 2041 1655 2084 in

0 2149 1 2156 ,
34 2098 47 2150 '.
129 2113 368 2175 obliquum
404 2114 537 2159 ducta
573 2121 656 2160 est.
688 2141 749 2148 -
782 2116 810 2173 g
836 2115 916 2160 21.
942 2116 1021 2160 Hic
1051 2115 1208 2173 incipit
1239 2112 1434 2158 secunda
1460 2126 1565 2171 pars
1592 2117 1656 2154 ta-

47 2222 53 2230 ,
131 2183 264 2230 bulae
293 2185 467 2230 diversa
507 2199 530 2230 a
568 2186 744 2245 priore:
784 2200 835 2231 ac
860 2199 1000 2246 porro
1026 2185 1159 2229 etiam
1192 2184 1393 2238 tertiam,
1433 2188 1657 2241 quartam,

133 2254 335 2314 quintam
363 2261 539 2314 partem
566 2255 759 2301 distinxi.
777 2254 979 2313 -322,
1010 2253 1273 2310 Scribolus,
1295 2254 1320 2296 i.
1346 2267 1383 2298 e.
1411 2250 1654 2310 scripulus,
1686 2302 1697 2312 .

0 2363 2 2389 ζ
33 2327 51 2390 '3
133 2325 178 2369 in
211 2324 365 2370 codice
391 2331 600 2370 exaratus
628 2332 698 2371 est
722 2340 805 2386 per
834 2325 952 2371 illam
981 2325 1076 2370 sicli
1103 2331 1252 2370 notam
1283 2336 1414 2382 quam
1444 2319 1576 2365 modo
1605 2319 1656 2363 ad

133 2393 164 2451 S
195 2393 259 2440 15
289 2394 500 2452 exhibui,
538 2396 616 2441 sed
652 2409 748 2441 eam
785 2396 968 2456 oblique
995 2396 1316 2455 perscriptam:
1353 2391 1495 2436 voluit
1524 2389 1657 2434 libra·

0 2481 3 2484 ’
131 2465 228 2509 rius
261 2465 511 2525 genuinum
536 2463 571 2514 3
600 2466 825 2512 exhibere.
855 2492 917 2498 —
946 2467 974 2524 S
1003 2465 1082 2511 23.
1110 2465 1325 2522 Dragmae
1360 2467 1466 2506 nota
1504 2460 1547 2503 in
1577 2473 1656 2504 co·

0 2526 2 2552 f
54 2538 74 2546 ⁶
132 2533 230 2580 dice
255 2541 327 2580 est
356 2530 467 2597 Ι-;-.,
493 2543 707 2597 corrupta
734 2550 787 2581 ex
812 2532 862 2583 <
885 2535 949 2580 vel
977 2530 1040 2584 <0:
1071 2548 1156 2593 ego
1183 2532 1298 2578 edidi
1324 2527 1393 2579 <.
1419 2555 1488 2563 —
1514 2529 1543 2587 S
1574 2528 1654 2575 28.

132 2603 328 2665 Scripuli
355 2611 463 2651 nota
491 2606 536 2650 in
565 2607 719 2652 codice
746 2606 896 2651 eadem
922 2612 990 2649 est
1019 2619 1070 2649 ac
1095 2617 1230 2663 supra
1257 2601 1284 2659 S
1315 2601 1395 2646 22.
1446 2600 1654 2645 Ceterum

0 2658 2 2685 ÷
31 2699 62 2730 ῃ
130 2674 267 2720 verba
290 2675 426 2720 liuius
454 2683 498 2721 et
522 2678 688 2736 prioris
716 2675 929 2722 sectionis
960 2674 1086 2719 foede
1113 2672 1382 2733 interpolata
1410 2679 1539 2717 sunt:
1581 2683 1660 2714 vo·

64 2782 65 2785 ,
134 2743 274 2791 luisse
300 2745 477 2790 videtur
499 2747 536 2790 is
564 2748 639 2806 qui
666 2748 839 2806 primus
867 2746 973 2790 haec
997 2744 1235 2803 adscripsit

401 2821 454 2866 ÷
489 2815 658 2862 Obolus
686 2816 857 2860 medius
884 2813 1124 2874 scripulus.

417 2882 452 2933 3
487 2886 725 2946 Scripulus
752 2885 877 2929 dcnr.
905 2884 933 2929 1.

402 2952 450 3017 ³(
493 2955 536 3000 id
563 2962 632 3000 est
658 2955 782 3000 denr.
815 2955 861 2999 ll.
