1946 3220
318 174 387 229 86
841 186 1229 223 PROLEGOMENA
1250 187 1306 221 m

317 306 540 352 rationem
579 302 850 363 sequendam
886 314 986 346 esse
1020 300 1125 345 duxi
1162 313 1251 361 qua
1286 299 1332 345 in
1369 298 1636 346 Heronianis
1671 298 1840 347 tabulis

318 390 429 422 usus
455 388 569 421 sum.

417 444 590 491 Nullam
625 456 678 487 ex
713 441 784 486 his
811 439 977 487 tabulis
1002 441 1057 486 ab
1088 441 1189 501 ipso
1220 439 1388 486 Galeno
1425 440 1640 501 scriptam
1667 454 1767 487 esse
1793 446 1840 487 et

317 530 374 561 ne
400 513 620 574 originem
647 511 827 572 quidem
852 511 991 558 ullius
1017 511 1071 556 ad
1098 524 1202 557 eum
1227 511 1390 557 referri
1414 524 1578 571 posse,
1604 518 1696 558 tam
1724 510 1839 557 dilu-

315 585 412 632 cide
454 591 668 645 apparet,
711 589 763 628 ut
804 583 1191 628 demonstratione
1234 596 1326 628 non
1363 580 1554 642 egeat¹).
1619 582 1708 627 Iam
1754 580 1839 627 sub

314 654 475 716 primis
515 652 869 714 imperatoribus
904 651 1104 700 tabulam
1133 652 1188 698 de
1213 652 1490 698 medicorum
1530 653 1756 698 mensuris
1795 659 1841 698 et

314 724 593 785 ponderibus
641 725 943 784 compositam
986 737 1087 770 esse
1132 723 1322 769 vidimus
1371 724 1558 782 eiusque
1605 729 1841 770 auctorem

315 795 429 840 alios
461 795 538 855 qui
566 801 698 841 antea
723 794 778 839 de
802 794 961 841 eodem
995 800 1264 854 argumento
1299 793 1593 854 scripsissent
1631 798 1840 839 secutum

315 878 415 911 esse
445 860 490 926 (S
517 864 604 924 40).
657 865 771 911 Tum
800 864 1039 922 Galenum,
1069 864 1146 925 qui
1172 864 1368 910 secundo
1398 863 1578 910 saeculo
1605 863 1740 921 vixit,
1774 861 1840 909 le-

314 935 464 996 gimus
499 934 667 981 multos
709 934 853 981 libros
889 936 944 981 de
982 935 1260 996 ponderibus
1297 941 1343 980 et
1377 935 1603 980 mensuris
1640 935 1839 994 scriptos

313 1007 582 1066 cognovisse
616 1019 866 1067 eorumque
902 1007 1176 1052 auctoritate
1213 1019 1347 1051 usum
1384 1019 1485 1051 esse
1521 1003 1568 1064 (S
1595 1003 1684 1063 45).
1744 1002 1841 1059 Qua

315 1082 466 1122 autem
500 1077 547 1122 in
572 1083 692 1123 terra
719 1082 765 1122 et
798 1090 888 1138 quo
925 1083 1131 1138 tempore
1164 1078 1362 1137 primum
1395 1076 1450 1122 de
1477 1076 1533 1121 iis
1559 1075 1696 1121 rebus
1728 1075 1842 1121 scri-

312 1152 444 1207 ptum
468 1159 569 1193 esse
593 1148 860 1193 censemus?
906 1148 974 1192 An
999 1147 1184 1193 dubium
1210 1153 1304 1205 est,
1337 1147 1445 1207 quid
1472 1147 1532 1191 sit
1557 1145 1838 1206 responden-

313 1216 449 1263 dum?
502 1216 712 1263 Profecto
749 1232 850 1264 cum
888 1219 935 1262 in
971 1219 1174 1278 Aegypto
1214 1217 1297 1263 sub
1335 1216 1605 1262 Ptolemaeis
1651 1215 1838 1274 regibus

312 1288 424 1332 artis
459 1287 706 1334 medicinae
745 1288 894 1334 studia
926 1287 1114 1334 mirifice
1146 1287 1390 1346 florerent,
1438 1294 1484 1332 et
1528 1298 1841 1347 quaecumque

314 1372 338 1403 a
364 1357 548 1404 medicis
578 1360 747 1419 scripta
784 1364 914 1404 erant
946 1357 1190 1419 diligenter
1223 1358 1514 1419 legerentur,
1554 1363 1663 1404 tunc
1703 1355 1840 1402 etiam

311 1429 507 1488 primum
552 1430 828 1475 exstiterunt
876 1431 955 1489 qui
1004 1431 1150 1475 varias
1202 1441 1516 1474 mensurarum
1550 1429 1751 1473 rationes
1791 1429 1841 1472 in

317 1498 490 1544 tabulas
528 1505 854 1559 componerent
889 1506 1025 1560 atque
1055 1501 1175 1545 inter
1213 1514 1262 1545 se
1299 1493 1675 1560 compararent2).
1724 1496 1839 1543 Hinc

312 1574 473 1628 postea
499 1582 551 1614 ea
575 1583 891 1615 mensurarum
916 1571 1105 1616 scientia
1132 1571 1351 1616 translata
1378 1575 1447 1616 est
1471 1570 1674 1626 Romam,
1702 1574 1840 1628 atque

313 1646 364 1684 ut
389 1638 671 1685 Heronianae
697 1639 877 1686 tabulae
906 1642 973 1686 sic
996 1642 1132 1687 etiam
1158 1640 1445 1686 medicinales
1472 1646 1731 1699 temporum
1761 1638 1841 1684 de-

313 1723 467 1768 cursu,
494 1716 635 1770 prout
658 1712 878 1772 cuiusque
905 1713 1065 1757 aetatis
1092 1726 1203 1757 usus
1229 1711 1418 1767 ferebat,
1445 1709 1725 1756 multimodis
1754 1710 1838 1754 im-

313 1786 510 1826 mutatae
538 1787 584 1826 et
607 1782 653 1825 in
677 1780 787 1826 alias
816 1781 870 1827 ab
895 1781 996 1827 aliis
1025 1782 1194 1827 formas
1219 1782 1427 1827 redactae
1455 1787 1574 1826 sunt.

418 1851 533 1896 Ante
561 1852 711 1897 omnia
735 1853 876 1911 igitur
903 1852 1208 1912 quaerendum
1234 1859 1330 1910 est,
1371 1864 1591 1912 quaenam
1623 1851 1840 1911 primaria

313 1933 467 1966 earum
505 1921 759 1967 tabularum
802 1923 949 1968 forma
991 1923 1132 1968 fuisse
1167 1923 1390 1969 videatur.
1449 1921 1531 1968 Hic
1557 1921 1836 1967 recentiores

314 1991 531 2050 quaedam
567 1991 747 2038 tabulae
786 1995 976 2054 propius
1019 1993 1073 2038 ad
1110 1995 1341 2054 antiquam
1384 1993 1578 2038 formam
1624 1990 1838 2037 accedere

430 2196 472 2248 1)
505 2198 705 2249 Primus,
749 2202 963 2252 quantum
1005 2200 1124 2251 scio,
1163 2199 1380 2241 Neander
1409 2200 1458 2239 in
1489 2199 1685 2252 Synopsi
1715 2210 1840 2238 men-

314 2266 519 2294 surarum
559 2254 721 2305 (Basil.
755 2256 884 2304 1555)
921 2269 965 2309 p.
1006 2257 1061 2296 64
1100 2255 1326 2297 Galenum
1377 2268 1533 2296 earum
1577 2254 1841 2295 tabularum

315 2314 550 2351 auctorem
581 2324 682 2352 esse
714 2313 928 2364 negavit:
972 2310 1062 2353 Sed
1084 2315 1241 2364 procul
1269 2313 1416 2364 dubio,
1457 2312 1628 2365 inquit,
1669 2310 1839 2365 quilibet

311 2367 396 2407 ista
425 2369 567 2419 leyens
596 2381 750 2408 mecum
778 2370 840 2421 ita
869 2368 1091 2416 iudicabit,
1133 2371 1218 2410 ista
1247 2382 1331 2411 non
1361 2383 1388 2409 a
1420 2369 1578 2410 Galeno
1608 2370 1671 2409 sie
1699 2367 1838 2407 mutile

316 2427 359 2462 et
388 2424 564 2475 confuse
601 2426 792 2478 scripta:
841 2426 920 2466 sed
955 2438 1044 2465 eum
1074 2423 1230 2466 iniuria
1261 2431 1489 2478 temporum
1517 2427 1583 2465 vel
1611 2424 1840 2477 neglectius

314 2478 482 2532 habita,
512 2482 580 2520 vel
605 2482 825 2522 violentius
857 2481 1099 2522 disturbata
1128 2489 1291 2533 essent,
1325 2484 1526 2534 deinceps
1546 2482 1598 2522 ab
1621 2483 1704 2522 alio
1736 2491 1838 2533 quo-

316 2534 434 2583 dam,
474 2537 542 2575 cuz·
570 2542 706 2577 tamen
735 2550 814 2577 sua
844 2538 1020 2578 debetur
1047 2540 1213 2590 qratia,
1254 2538 1422 2579 turbide
1453 2543 1495 2579 et
1526 2537 1839 2592 quomodocum-

316 2602 394 2641 que
425 2594 641 2632 convoluta
670 2599 714 2633 et
739 2595 1040 2635 consarcinata
1068 2607 1174 2638 esse.

428 2645 475 2694 2)
506 2646 752 2689 Maximum
784 2651 882 2690 eius
913 2651 982 2691 rei
1010 2650 1331 2691 documentum
1360 2653 1519 2703 repeto
1551 2663 1607 2690 ex
1636 2648 1715 2689 illo
1747 2648 1839 2689 Ga-

317 2699 412 2740 leni
442 2700 542 2741 loeo
576 2701 655 2752 (fr.
674 2703 764 2757 44),
798 2706 877 2746 ubi
908 2704 952 2747 οἱ
982 2707 1190 2748 πλεῑετοι
1220 2709 1320 2748 τῶν
1351 2706 1456 2757 περὶ
1487 2707 1587 2746 τῶν
1618 2705 1838 2756 εταθμῶν

317 2755 392 2796 Καὶ
433 2754 617 2807 μέτρων
653 2759 942 2811 γραψάντων
979 2765 1148 2804 unciae
1187 2763 1427 2804 drachmas
1466 2766 1642 2814 septem
1683 2765 1729 2802 et
1767 2773 1837 2802 se-

316 2812 499 2852 missem
537 2814 739 2855 tribuere
778 2816 1009 2859 dicuntur:
1059 2820 1180 2860 hanc
1220 2820 1340 2861 enim
1366 2818 1747 2859 aestimationem
1780 2816 1839 2857 ad

316 2866 649 2908 Ptolemaicam
681 2870 941 2913 drachmam
972 2876 1203 2926 pertinere
1236 2878 1418 2916 constat
1450 2873 1497 2926 (S
1521 2873 1607 2925 71).
1670 2874 1838 2914 Verum

318 2923 459 2988 etiam
488 2924 634 2965 multa
665 2925 758 2966 alia
779 2927 1035 2981 Aegyptiae
1059 2932 1249 2984 originis
1272 2931 1474 2984 vestigia
1498 2933 1694 2982 exstant,
1718 2942 1835 2982 quae

316 2979 438 3020 infra
469 2992 548 3021 suo
581 2993 787 3034 quaeque
819 2983 920 3024 loco
951 2987 1224 3028 notabimus.
