1946 3220
290 136 357 189 76
820 146 1206 184 PROLEGOMENA
1228 147 1282 180 m

395 266 709 322 Nicander,
754 264 1075 309 Theriacorum
1111 266 1157 306 et
1191 258 1666 320 Alexipharmacorum
1702 262 1813 307 scri·

289 346 421 400 ptor‚
457 338 611 397 paucis
650 333 888 380 admodum
921 332 1145 376 mensuris
1185 336 1231 376 et
1267 330 1546 391 ponderibus
1581 346 1692 377 usus
1729 338 1812 378 est.

290 409 398 455 Nam
424 412 605 467 praeter
631 401 792 463 χοῦν,
817 396 1071 460 κοτύλην,
1101 395 1327 459 κύαθον,
1356 395 1663 462 ὀξύβαφον,
1689 400 1813 462 δρα-

290 474 449 539 χμήν,
491 469 684 522 ὀδελόν
715 473 827 518 nihil
864 473 962 518 eius
996 473 1176 532 generis
1203 479 1552 530 commemorat,
1581 473 1668 518 nisi
1692 473 1813 533 quod

291 562 381 594 uno
407 548 509 592 loco
529 539 747 604 κύμβοιο
774 538 1159 604 τραπεζήεντος
1184 543 1366 589 modum
1397 544 1640 604 proponit,
1681 557 1815 604 quem

291 615 526 664 acetabulo
557 614 789 675 aequalem
817 615 960 660 fuisse
985 613 1231 660 scholiasta
1255 609 1500 672 adnotat4).

389 687 490 732 Dio
507 685 776 732 scorides
809 686 1009 742 omnino,
1036 686 1123 729 nisi
1150 684 1298 741 fallor,
1326 686 1424 744 ipse
1451 685 1663 729 Romanis
1694 697 1817 730 men·

292 759 412 805 suris
440 763 485 802 et
510 746 789 816 ponderibus
824 771 936 802 usus
970 763 1052 801 est.
1103 755 1395 800 Inveniuntur
1428 754 1547 815 apud
1584 768 1686 800 eum
1722 766 1844 800 sae—·

290 829 478 889 pissime
503 821 675 886 λίτρα,
708 821 918 884 οὐγγία,
946 821 1148 886 δραχμή
1183 827 1275 871 sive
1306 820 1452 884 ὁλκή,
1482 819 1695 885 ὀβολός,
1722 831 1819 870 tum

290 893 557 958 κεράμιον,
587 895 734 956 χοῦς,
761 893 964 956 ξέςτης,
991 891 1211 956 κοτύλη,
1241 891 1536 956 ὀξύβαφον,
1565 890 1817 954 κύαθοςῦ).

295 1107 404 1158 (una
447 1120 548 1146 cum
587 1106 791 1158 cyamo);
823 1127 879 1134 -—
910 1104 1041 1158 χήμη-
1066 1104 1206 1157 ἁδρή,
1248 1116 1348 1155 γυν.
1379 1097 1420 1145 α’
1451 1106 1553 1152 725;
1584 1127 1641 1133 -
1671 1103 1817 1157 κόγχη

293 1161 508 1216 χηραμίς,
543 1175 588 1202 π.
622 1161 808 1203 νούςων
838 1164 943 1212 3093
976 1161 1147 1214 κόγχη,
1178 1174 1279 1212 γυν.
1311 1154 1352 1202 α’
1383 1163 1479 1202 726.

405 1219 454 1272 4)
487 1220 626 1260 Locis
649 1218 872 1259 Nicandri
903 1219 1056 1259 statim
1091 1219 1255 1258 addam
1287 1218 1464 1258 scholia
1488 1231 1515 1258 a
1538 1217 1819 1259 Schneidero

295 1276 433 1316 edita.
478 1275 615 1317 Ther.
640 1277 742 1316 103:
775 1273 825 1315 ἐν
855 1274 905 1316 δὲ
934 1271 1100 1326 τρίτην
1124 1276 1290 1326 μοῖραν
1311 1272 1474 1326 ῥοδέου
1497 1272 1627 1327 χοός]
1661 1274 1818 1316 schol.:

293 1331 398 1373 ἀντὶ
438 1333 523 1372 τοῦ
563 1325 601 1372 δ’
643 1329 857 1372 κοτύλας.
918 1327 972 1382 ιβ’
1007 1330 1095 1383 γάρ
1135 1331 1351 1372 κοτυλῶν
1391 1329 1514 1372 ἐςτιν
1554 1329 1580 1372 ὁ
1611 1332 1735 1382 χοῦς.
1764 1353 1822 1360 -

293 1391 397 1430 526;
439 1387 669 1440 ςπέρμαθ’
700 1386 810 1428 ὅςον
850 1386 1042 1439 κύμβοιο
1085 1385 1451 1440 τραπεζήεντος]
1494 1388 1658 1428 schol-2
1711 1387 1821 1429 ὅςον

294 1443 508 1496 κύμβοιο,
541 1444 691 1495 ἤγουν
721 1442 979 1496 ὀξυβάφου·
1011 1442 1168 1495 ἐπειδὴ
1203 1442 1359 1495 κυφόν
1390 1443 1494 1484 ἑςτι.
1536 1441 1742 1496 ςημαίνει
1772 1442 1822 1484 δὲ

294 1499 344 1542 ἐκ
374 1502 460 1541 τοῦ
493 1499 834 1552 ἐπιφερομένου
866 1499 1226 1552 τραπεζήεντος.
1257 1500 1331 1541 καὶ
1363 1499 1420 1540 τὸ
1451 1499 1577 1552 παρὰ
1601 1498 1823 1552 (ώφρονι

295 1556 472 1608 κύμβου
510 1555 620 1608 ἔχον
659 1555 823 1609 ὄγκον,
876 1555 982 1598 ἀντὶ
1020 1558 1106 1598 τοῦ
1147 1556 1450 1608 ςκυφοειδοῦς
1491 1553 1732 1610 ποτηρίου.
1791 1556 1819 1608 ἢ

295 1612 641 1665 τραπεζήεντος
674 1611 780 1654 εἶπε
810 1615 896 1654 τοῦ
929 1611 994 1655 εἰς
1024 1612 1261 1665 τράπεζαν
1293 1612 1624 1666 πεποιημένου.
1683 1611 1740 1654 τὸ
1772 1612 1823 1655 δὲ

295 1669 473 1720 κύμβον
512 1669 694 1720 λέγεται
732 1669 807 1710 καὶ
848 1668 1039 1721 κυμβίον
1078 1670 1153 1711 καὶ
1191 1667 1419 1722 ἑμβάφιον
1451 1669 1526 1711 καὶ
1559 1667 1670 1711 ὀξίς·
1710 1668 1738 1721 ἡ
1772 1668 1822 1711 δέ

296 1725 513 1778 ςυνήθεια
550 1724 772 1778 γαράριον
811 1727 954 1768 καλεῖ.
1014 1728 1161 1768 τοῦτο
1200 1724 1286 1768 οὖν
1325 1737 1463 1779 φηςιν
1502 1725 1576 1767 ὅτι
1606 1724 1716 1776 λάβε
1745 1738 1823 1768 το-

296 1783 443 1823 ςαῡτα
492 1780 751 1834 ςπέρματα,
803 1781 911 1824 ὅςον
960 1784 1227 1835 γεμιςθῆναι
1274 1781 1332 1823 τὸ
1373 1781 1624 1834 ὀξύβαφον.
1653 1805 1710 1812 —-
1739 1785 1820 1825 581

296 1837 489 1892 κύαθος]
524 1839 681 1880 schol.:
716 1837 741 1879 ὁ
772 1838 822 1879 δέ
853 1838 1025 1881 κύαθος
1058 1839 1227 1891 μέτρον
1259 1836 1392 1880 ἐςτίν.
1412 1861 1469 1867 -
1490 1841 1573 1880 594
1594 1837 1822 1891 ἑξάμορον

295 1893 518 1948 κοτύλης]
554 1896 719 1938 schol.:
763 1894 988 1948 ἑξάμορον
1020 1895 1202 1947 λέγεται
1232 1894 1289 1936 τὸ
1321 1894 1461 1936 ἕκτον
1491 1897 1576 1948 τῆς
1607 1894 1823 1948 κοτύλης.

293 1974 350 1980 -
379 1953 461 1993 598
493 1950 743 2004 ὀξύβαφον.
772 1974 829 1981 —-
867 1955 949 1994 619
988 1952 1097 2004 χοὸς
1136 1951 1307 2005 δεκάτῃ
1350 1951 1417 1993 ἐνὶ
1457 1950 1610 2006 μοίρᾳ]
1654 1952 1819 1996 schol.:

295 2007 444 2058 ἤγουν
483 2007 569 2048 τὸν
607 2007 741 2050 οἶνον
780 2007 949 2060 ἔμβαλε
989 2007 1053 2050 εἰς
1092 2008 1152 2050 τὰ
1191 2006 1409 2061 εἰρημένα
1438 2011 1497 2062 τῇ
1530 2005 1701 2062 δεκάτῃ
1732 2009 1820 2049 τοῦ

296 2063 428 2115 χοός,
461 2063 488 2115 ἢ
512 2063 569 2104 τὸ
600 2063 694 2105 ὑπὸ
725 2066 811 2106 τοῦ
844 2065 953 2116 χοὸς
985 2065 1370 2117 δεκατευόμενον,
1403 2063 1577 2116 δηλαδὴ
1611 2063 1820 2117 κοτύλην

297 2120 371 2160 καὶ
402 2119 558 2161 πλέον.
617 2121 820 2162 Fiebant
850 2123 993 2174 igitur
1024 2123 1183 2162 decem
1222 2124 1379 2174 partes
1421 2121 1572 2174 congii
1611 2121 1822 2161 similiter

298 2190 353 2217 ac
385 2176 623 2217 duodecim
654 2182 812 2229 partes
842 2178 1056 2218 heminae
1091 2178 1212 2231 apud
1244 2179 1471 2218 Romanos
1503 2178 1544 2228 (ξ
1563 2177 1656 2230 46).
1705 2178 1819 2218 Item

296 2231 474 2285 κοτύλη
514 2233 560 2272 in
597 2233 714 2274 libro
746 2234 1079 2286 Hippocratico
1111 2234 1216 2285 περὶ
1248 2232 1434 2274 νούςων
1465 2247 1508 2286 p.
1541 2235 1621 2274 321
1654 2233 1820 2275 dividi-

296 2293 392 2328 tur:
433 2288 635 2341 κοτύλης
675 2289 872 2330 δέκατον
905 2288 1052 2341 μέρος.
1082 2313 1138 2319 -——
1168 2292 1249 2330 655
1280 2289 1508 2341 τριπλόον
1538 2288 1821 2341 ἑνθρύπτων

298 2343 463 2386 ὀδελοί)
505 2343 639 2397 βάρος
679 2345 870 2387 ἔνδοθεν
902 2344 1052 2399 οἴνης]
1088 2346 1250 2387 schol.:
1294 2344 1505 2387 τουτέςτι
1543 2344 1819 2399 τριώβολον,

297 2403 421 2452 τρεῖς
453 2399 664 2452 ὀβολούς.
1159 2428 1161 2431 -

411 2457 453 2509 5)
487 2455 653 2510 Λίτρα,
685 2471 732 2499 π.
754 2458 869 2513 ὕλης
891 2456 1099 2511 ἰατρικῆς
1121 2474 1165 2512 p.
1189 2461 1256 2500 55.
1280 2461 1332 2499 62
1358 2463 1444 2501 cet.
1470 2458 1555 2510 (ed.
1581 2459 1818 2512 Sprengel‚

297 2513 385 2553 vol.
416 2514 541 2553 XXV
573 2515 860 2557 collectionis
893 2516 1087 2568 Kiihn.)‚
1120 2514 1285 2566 οὐγγία
1316 2518 1383 2558 55.
1416 2518 1468 2555 62
1503 2520 1607 2566 cet.‚
1639 2514 1816 2567 δραχμή

298 2570 366 2607 40.
389 2570 443 2608 45
467 2574 568 2614 cet„
602 2570 767 2621 ὀβολός
799 2575 894 2614 279.
919 2574 1000 2613 639
1024 2577 1110 2613 cet.
1150 2573 1343 2612 Praeter
1374 2572 1627 2624 simplicem
1658 2585 1818 2612 vocem

298 2623 498 2676 δραχμή,
533 2639 649 2678 quae
679 2629 944 2682 plerumque
977 2626 1131 2682 nota<
1151 2629 1385 2679 scribitur,
1420 2629 1556 2668 etiam
1586 2628 1704 2668 haec
1735 2628 1818 2668 ha.-

298 2680 399 2720 bet:
451 2679 626 2733 δραχμὴ
661 2683 775 2737 ὁλκῇ
807 2688 904 2730 279.
936 2687 1033 2727 340.
1064 2687 1147 2727 499
1181 2690 1284 2733 cet„
1327 2683 1503 2735 δραχμὴ
1546 2682 1693 2735 ὁλκήν
1724 2686 1819 2725 511.

299 2737 395 2776 516.
428 2737 508 2776 512
541 2737 842 2787 (λαμβάνεται
872 2741 1019 2792 ὁλκὴν
1050 2740 1079 2795 <
1100 2736 1175 2794 α’),
1207 2741 1411 2792 δραχμὴ(
1443 2739 1558 2791 ὁλκή
1591 2741 1674 2781 504
1705 2738 1755 2793 (<
1778 2734 1818 2781 ot'

300 2789 459 2853 ὁλκή),
512 2794 605 2834 505.
658 2796 738 2834 567
780 2795 828 2849 (<
863 2797 976 2848 ὁλκὴ
1018 2797 1294 2848 ὑπνωτικὴν
1331 2795 1424 2847 ἔχει
1462 2795 1704 2847 δύναμιν),
1737 2798 1817 2837 657

300 2845 346 2899 (<
383 2848 406 2898 β
451 2847 565 2899 ὁλκὴ
597 2848 821 2901 δοθεῑςα),
854 2855 935 2893 675
967 2851 1015 2906 (<
1051 2853 1165 2905 ὁλκὴ
1199 2854 1411 2905 ποθεῑςα,
1451 2852 1581 2893 δυοῖν
1611 2851 1640 2905 <
1667 2851 1818 2904 ὁλκή).

300 2903 388 2944 Sed
420 2905 558 2944 etiam
590 2906 734 2956 ipsam
768 2906 914 2958 ὁλκήν
943 2909 1085 2950 habet
1115 2923 1195 2963 pro
1227 2909 1467 2950 drachma:
1501 2911 1568 2950 64.
1598 2911 1679 2949 212
1703 2911 1818 2962 (una

299 2973 400 3001 cum
421 2960 591 3013 uncia),
624 2963 706 3002 504
727 2960 881 3014 (ὁλκαὶ
902 2958 978 3016 γ’),
1011 2968 1106 3006 662.
1132 2969 1234 3018 73ος
1267 2965 1374 3018 περὶ
1404 2963 1672 3018 δηλητρίων
1702 2976 1818 3017 φαρ-
