<?xml version="1.0" encoding="UTF-8"?>
<!DOCTYPE html PUBLIC "-//W3C//DTD XHTML 1.0 Transitional//EN"
    "http://www.w3.org/TR/xhtml1/DTD/xhtml1-transitional.dtd">
<html xmlns="http://www.w3.org/1999/xhtml" xml:lang="en" lang="en">
 <head>
  <title>
</title>
<meta http-equiv="Content-Type" content="text/html;charset=utf-8" />
  <meta name='ocr-system' content='tesseract 3.04.00' />
  <meta name='ocr-capabilities' content='ocr_page ocr_carea ocr_par ocr_line ocrx_word'/>
</head>
<body>
  <div class='ocr_page' id='page_1' title='image "./metrologicorumsc01hultuoft_0358.png"; bbox 0 0 1946 3220; ppageno 0'>
   <div class='ocr_carea' id='block_1_1' title="bbox 1832 0 1941 250">
    <p class='ocr_par' dir='ltr' id='par_1_1' title="bbox 1832 0 1941 250">
     <span class='ocr_line' id='line_1_1' title="bbox 1832 0 1941 250; baseline 0 2970"><span class='ocrx_word' id='word_1_1' title='bbox 1832 0 1941 250; x_wconf 95' lang='lat' dir='ltr'> </span> 
     </span>
    </p>
   </div>
   <div class='ocr_carea' id='block_1_2' title="bbox 295 152 1936 235">
    <p class='ocr_par' dir='ltr' id='par_1_2' title="bbox 295 116 1936 235">
     <span class='ocr_line' id='line_1_2' title="bbox 295 152 1936 235; baseline -0.003 -28"><span class='ocrx_word' id='word_1_2' title='bbox 295 152 400 207; x_wconf 84' lang='lat'>330</span> <span class='ocrx_word' id='word_1_3' title='bbox 892 168 1210 202; x_wconf 70' lang='lat' dir='ltr'>FRAGMENTA</span> <span class='ocrx_word' id='word_1_4' title='bbox 1691 153 1818 221; x_wconf 85' lang='lat'>[105]</span> <span class='ocrx_word' id='word_1_5' title='bbox 1847 186 1851 213; x_wconf 73' lang='lat'>3</span> <span class='ocrx_word' id='word_1_6' title='bbox 1868 163 1936 235; x_wconf 23' lang='lat'>.-</span> 
     </span>
    </p>
   </div>
   <div class='ocr_carea' id='block_1_3' title="bbox 211 268 1943 1195">
    <p class='ocr_par' dir='ltr' id='par_1_3' title="bbox 211 268 1943 1195">
     <span class='ocr_line' id='line_1_3' title="bbox 296 268 1940 346; baseline -0.002 -12"><span class='ocrx_word' id='word_1_7' title='bbox 296 281 455 334; x_wconf 85' lang='grc' dir='ltr'>πέντε</span> <span class='ocrx_word' id='word_1_8' title='bbox 481 281 575 343; x_wconf 83' lang='grc' dir='ltr'>μὲν</span> <span class='ocrx_word' id='word_1_9' title='bbox 603 278 661 330; x_wconf 82' lang='grc' dir='ltr'>ἐν</span> <span class='ocrx_word' id='word_1_10' title='bbox 689 276 855 340; x_wconf 82' lang='grc' dir='ltr'>ἄςτει,</span> <span class='ocrx_word' id='word_1_11' title='bbox 891 275 1054 329; x_wconf 83' lang='grc' dir='ltr'>πέντε</span> <span class='ocrx_word' id='word_1_12' title='bbox 1083 276 1143 328; x_wconf 79' lang='grc' dir='ltr'>δὲ</span> <span class='ocrx_word' id='word_1_13' title='bbox 1168 276 1227 330; x_wconf 80' lang='grc' dir='ltr'>ἐν</span> <span class='ocrx_word' id='word_1_14' title='bbox 1253 276 1511 340; x_wconf 84' lang='grc' dir='ltr'>Πειραιεῖ·</span> <span class='ocrx_word' id='word_1_15' title='bbox 1551 277 1635 329; x_wconf 86' lang='grc' dir='ltr'>καὶ</span> <span class='ocrx_word' id='word_1_16' title='bbox 1665 276 1817 342; x_wconf 77' lang='grc' dir='ltr'>εἶχον</span> <span class='ocrx_word' id='word_1_17' title='bbox 1872 268 1940 346; x_wconf 96' lang='lat'>3</span> 
     </span>
     <span class='ocr_line' id='line_1_4' title="bbox 293 351 1940 430; baseline -0.001 -14"><span class='ocrx_word' id='word_1_18' title='bbox 293 366 390 427; x_wconf 88' lang='grc' dir='ltr'>τὴν</span> <span class='ocrx_word' id='word_1_19' title='bbox 434 362 733 425; x_wconf 80' lang='grc' dir='ltr'>ἐπιμέλειαν</span> <span class='ocrx_word' id='word_1_20' title='bbox 782 360 933 413; x_wconf 88' lang='grc' dir='ltr'>ὅπως</span> <span class='ocrx_word' id='word_1_21' title='bbox 978 359 1149 413; x_wconf 87' lang='grc' dir='ltr'>δίκαια</span> <span class='ocrx_word' id='word_1_22' title='bbox 1190 361 1221 430; x_wconf 81' lang='grc' dir='ltr'>ᾗ</span> <span class='ocrx_word' id='word_1_23' title='bbox 1263 360 1330 413; x_wconf 88' lang='grc' dir='ltr'>τὰ</span> <span class='ocrx_word' id='word_1_24' title='bbox 1364 361 1527 426; x_wconf 87' lang='grc' dir='ltr'>μέτρα</span> <span class='ocrx_word' id='word_1_25' title='bbox 1559 363 1668 414; x_wconf 83' lang='grc' dir='ltr'>τῶν</span> <span class='ocrx_word' id='word_1_26' title='bbox 1707 379 1820 416; x_wconf 77' lang='grc' dir='ltr'>πω·</span> <span class='ocrx_word' id='word_1_27' title='bbox 1887 351 1940 440; x_wconf 54' lang='lat' dir='ltr'>{s</span> 
     </span>
     <span class='ocr_line' id='line_1_5' title="bbox 295 447 554 499; baseline -0.002 0"><span class='ocrx_word' id='word_1_28' title='bbox 295 447 554 499; x_wconf 87' lang='grc' dir='ltr'>λούντων.</span> 
     </span>
     <span class='ocr_line' id='line_1_6' title="bbox 401 542 1819 608; baseline -0.004 -11"><span class='ocrx_word' id='word_1_29' title='bbox 401 543 753 607; x_wconf 85' lang='grc' dir='ltr'>Μετρονόμοι.</span> <span class='ocrx_word' id='word_1_30' title='bbox 804 543 938 608; x_wconf 87' lang='grc' dir='ltr'>ἀρχή</span> <span class='ocrx_word' id='word_1_31' title='bbox 967 558 1043 595; x_wconf 86' lang='grc' dir='ltr'>τις</span> <span class='ocrx_word' id='word_1_32' title='bbox 1069 543 1342 607; x_wconf 82' lang='grc' dir='ltr'>Ἀθήνηςιν</span> <span class='ocrx_word' id='word_1_33' title='bbox 1371 542 1402 607; x_wconf 84' lang='grc' dir='ltr'><strong>ἡ</strong></span> <span class='ocrx_word' id='word_1_34' title='bbox 1431 545 1540 597; x_wconf 85' lang='grc' dir='ltr'>τῶν</span> <span class='ocrx_word' id='word_1_35' title='bbox 1567 542 1819 608; x_wconf 89' lang='grc' dir='ltr'>μετρονό-</span> 
     </span>
     <span class='ocr_line' id='line_1_7' title="bbox 238 624 1943 698; baseline 0.001 -21"><span class='ocrx_word' id='word_1_36' title='bbox 238 636 264 677; x_wconf 84' lang='lat'>5</span> <span class='ocrx_word' id='word_1_37' title='bbox 293 645 430 693; x_wconf 91' lang='grc' dir='ltr'>μων·</span> <span class='ocrx_word' id='word_1_38' title='bbox 471 628 601 692; x_wconf 83' lang='grc' dir='ltr'>ἦςαν</span> <span class='ocrx_word' id='word_1_39' title='bbox 634 628 693 680; x_wconf 81' lang='grc' dir='ltr'>δὲ</span> <span class='ocrx_word' id='word_1_40' title='bbox 731 629 828 680; x_wconf 87' lang='grc' dir='ltr'>τὸν</span> <span class='ocrx_word' id='word_1_41' title='bbox 857 627 1086 698; x_wconf 86' lang='grc' dir='ltr'>ἀριθμὸν</span> <span class='ocrx_word' id='word_1_42' title='bbox 1107 626 1183 692; x_wconf 89' lang='grc' dir='ltr'>ιε’,</span> <span class='ocrx_word' id='word_1_43' title='bbox 1220 625 1260 680; x_wconf 90' lang='grc' dir='ltr'>ε’</span> <span class='ocrx_word' id='word_1_44' title='bbox 1283 627 1378 690; x_wconf 84' lang='grc' dir='ltr'>μὲν</span> <span class='ocrx_word' id='word_1_45' title='bbox 1409 627 1481 680; x_wconf 88' lang='grc' dir='ltr'>εἰς</span> <span class='ocrx_word' id='word_1_46' title='bbox 1515 627 1763 691; x_wconf 80' lang='grc' dir='ltr'>Πειραιᾶ,</span> <span class='ocrx_word' id='word_1_47' title='bbox 1792 624 1822 678; x_wconf 90' lang='grc' dir='ltr'>ι’</span> <span class='ocrx_word' id='word_1_48' title='bbox 1899 632 1911 648; x_wconf 66' lang='grc'><em>’</em></span> <span class='ocrx_word' id='word_1_49' title='bbox 1937 633 1943 643; x_wconf 75' lang='grc'>’</span> 
     </span>
     <span class='ocr_line' id='line_1_8' title="bbox 293 706 1819 781; baseline -0.001 -17"><span class='ocrx_word' id='word_1_50' title='bbox 293 713 352 764; x_wconf 95' lang='grc' dir='ltr'>δε</span> <span class='ocrx_word' id='word_1_51' title='bbox 387 711 460 765; x_wconf 91' lang='grc' dir='ltr'>εἰς</span> <span class='ocrx_word' id='word_1_52' title='bbox 497 706 644 765; x_wconf 85' lang='grc' dir='ltr'>ἅςτυ·</span> <span class='ocrx_word' id='word_1_53' title='bbox 688 710 838 777; x_wconf 80' lang='grc' dir='ltr'>εἶχον</span> <span class='ocrx_word' id='word_1_54' title='bbox 866 713 924 764; x_wconf 81' lang='grc' dir='ltr'>δὲ</span> <span class='ocrx_word' id='word_1_55' title='bbox 953 712 1050 776; x_wconf 89' lang='grc' dir='ltr'>τὴν</span> <span class='ocrx_word' id='word_1_56' title='bbox 1081 710 1383 776; x_wconf 82' lang='grc' dir='ltr'>ἐπιμέλειαν</span> <span class='ocrx_word' id='word_1_57' title='bbox 1412 711 1564 764; x_wconf 90' lang='grc' dir='ltr'>ὅπως</span> <span class='ocrx_word' id='word_1_58' title='bbox 1592 711 1763 763; x_wconf 86' lang='grc' dir='ltr'>δίκαια</span> <span class='ocrx_word' id='word_1_59' title='bbox 1787 712 1819 781; x_wconf 78' lang='grc' dir='ltr'>ᾗ</span> 
     </span>
     <span class='ocr_line' id='line_1_9' title="bbox 293 796 1064 861; baseline -0.003 -11"><span class='ocrx_word' id='word_1_60' title='bbox 293 796 357 850; x_wconf 87' lang='grc' dir='ltr'>τὰ</span> <span class='ocrx_word' id='word_1_61' title='bbox 385 796 547 861; x_wconf 90' lang='grc' dir='ltr'>μέτρα</span> <span class='ocrx_word' id='word_1_62' title='bbox 574 798 685 850; x_wconf 85' lang='grc' dir='ltr'>τῶν</span> <span class='ocrx_word' id='word_1_63' title='bbox 711 796 1064 850; x_wconf 86' lang='grc' dir='ltr'>πωλούντων.</span> 
     </span>
     <span class='ocr_line' id='line_1_10' title="bbox 402 852 1936 953; baseline 0.001 -21"><span class='ocrx_word' id='word_1_64' title='bbox 402 881 538 934; x_wconf 93' lang='grc' dir='ltr'>Μνᾶ.</span> <span class='ocrx_word' id='word_1_65' title='bbox 591 880 780 934; x_wconf 87' lang='grc' dir='ltr'>ἑκατὸν</span> <span class='ocrx_word' id='word_1_66' title='bbox 808 881 1033 946; x_wconf 89' lang='grc' dir='ltr'>δραχμαὶ</span> <span class='ocrx_word' id='word_1_67' title='bbox 1063 883 1273 934; x_wconf 85' lang='grc' dir='ltr'>ποιοῦςι</span> <span class='ocrx_word' id='word_1_68' title='bbox 1298 852 1438 946; x_wconf 85' lang='grc' dir='ltr'>μνᾶν</span> <span class='ocrx_word' id='word_1_69' title='bbox 1461 879 1596 946; x_wconf 85' lang='grc' dir='ltr'>μίαν.</span> <span class='ocrx_word' id='word_1_70' title='bbox 1904 937 1936 953; x_wconf 24' lang='grc' dir='ltr'>,ι</span> 
     </span>
     <span class='ocr_line' id='line_1_11' title="bbox 402 963 1819 1033; baseline -0.002 -17"><span class='ocrx_word' id='word_1_71' title='bbox 402 964 603 1033; x_wconf 90' lang='grc' dir='ltr'>Νόμος]</span> <span class='ocrx_word' id='word_1_72' title='bbox 632 985 656 1017; x_wconf 75' lang='lat'>*</span> <span class='ocrx_word' id='word_1_73' title='bbox 682 966 912 1030; x_wconf 86' lang='grc' dir='ltr'>Δωριεῖς</span> <span class='ocrx_word' id='word_1_74' title='bbox 939 965 1047 1018; x_wconf 80' lang='grc' dir='ltr'>δὲ’</span> <span class='ocrx_word' id='word_1_75' title='bbox 1025 965 1111 1018; x_wconf 88' lang='grc' dir='ltr'>επὶ</span> <span class='ocrx_word' id='word_1_76' title='bbox 1138 963 1456 1031; x_wconf 87' lang='grc' dir='ltr'>νομίςματος</span> <span class='ocrx_word' id='word_1_77' title='bbox 1492 966 1724 1030; x_wconf 84' lang='grc' dir='ltr'>χρῶνται</span> <span class='ocrx_word' id='word_1_78' title='bbox 1757 968 1819 1032; x_wconf 83' lang='grc' dir='ltr'>τῇ</span> 
     </span>
     <span class='ocr_line' id='line_1_12' title="bbox 211 1049 1930 1115; baseline 0.002 -19"><span class='ocrx_word' id='word_1_79' title='bbox 211 1055 263 1096; x_wconf 86' lang='grc'>10</span> <span class='ocrx_word' id='word_1_80' title='bbox 294 1049 454 1112; x_wconf 81' lang='grc' dir='ltr'>λέξει,</span> <span class='ocrx_word' id='word_1_81' title='bbox 504 1050 587 1101; x_wconf 90' lang='grc' dir='ltr'>καὶ</span> <span class='ocrx_word' id='word_1_82' title='bbox 632 1049 882 1114; x_wconf 84' lang='grc' dir='ltr'>Ῥωμαῖοι</span> <span class='ocrx_word' id='word_1_83' title='bbox 928 1050 1402 1115; x_wconf 87' lang='grc' dir='ltr'>παραςτρέψαντες</span> <span class='ocrx_word' id='word_1_84' title='bbox 1445 1051 1687 1114; x_wconf 88' lang='grc' dir='ltr'>νοῦμμον</span> <span class='ocrx_word' id='word_1_85' title='bbox 1738 1049 1820 1100; x_wconf 88' lang='grc' dir='ltr'>λέ-</span> <span class='ocrx_word' id='word_1_86' title='bbox 1903 1051 1930 1060; x_wconf 62' lang='grc'>’”</span> 
     </span>
     <span class='ocr_line' id='line_1_13' title="bbox 285 1136 486 1195; baseline 0.011 -10.055"><span class='ocrx_word' id='word_1_87' title='bbox 285 1136 486 1195; x_wconf 80' lang='lat' dir='ltr'>Youctv.</span> 
     </span>
    </p>
   </div>
   <div class='ocr_carea' id='block_1_4' title="bbox 207 1230 1946 2738">
    <p class='ocr_par' dir='ltr' id='par_1_4' title="bbox 207 1230 1946 2738">
     <span class='ocr_line' id='line_1_14' title="bbox 397 1230 1925 1297; baseline 0 -14"><span class='ocrx_word' id='word_1_88' title='bbox 397 1230 648 1296; x_wconf 84' lang='grc' dir='ltr'>Ὀβολός,</span> <span class='ocrx_word' id='word_1_89' title='bbox 682 1230 712 1283; x_wconf 85' lang='grc' dir='ltr'>ὁ</span> <span class='ocrx_word' id='word_1_90' title='bbox 739 1231 922 1296; x_wconf 76' lang='grc' dir='ltr'>τόκος,</span> <span class='ocrx_word' id='word_1_91' title='bbox 971 1230 1117 1284; x_wconf 90' lang='grc' dir='ltr'>ειδος</span> <span class='ocrx_word' id='word_1_92' title='bbox 1151 1231 1480 1296; x_wconf 86' lang='grc' dir='ltr'>νομίςματος.</span> <span class='ocrx_word' id='word_1_93' title='bbox 1533 1230 1729 1297; x_wconf 85' lang='grc' dir='ltr'>ὀβολὸς</span> <span class='ocrx_word' id='word_1_94' title='bbox 1765 1231 1823 1283; x_wconf 82' lang='grc' dir='ltr'>δὲ</span> <span class='ocrx_word' id='word_1_95' title='bbox 1923 1291 1925 1293; x_wconf 41' lang='grc'>,</span> 
     </span>
     <span class='ocr_line' id='line_1_15' title="bbox 292 1306 1946 1381; baseline 0 -15"><span class='ocrx_word' id='word_1_96' title='bbox 292 1315 427 1379; x_wconf 77' lang='grc' dir='ltr'>παρ’</span> <span class='ocrx_word' id='word_1_97' title='bbox 465 1315 759 1379; x_wconf 83' lang='grc' dir='ltr'>Ἀθηναίοις</span> <span class='ocrx_word' id='word_1_98' title='bbox 802 1315 856 1370; x_wconf 80' lang='grc' dir='ltr'>ἕξ</span> <span class='ocrx_word' id='word_1_99' title='bbox 892 1316 997 1369; x_wconf 79' lang='grc' dir='ltr'>ἐςτι</span> <span class='ocrx_word' id='word_1_100' title='bbox 1035 1318 1276 1381; x_wconf 76' lang='grc' dir='ltr'>χαλκῶν,</span> <span class='ocrx_word' id='word_1_101' title='bbox 1315 1315 1345 1367; x_wconf 87' lang='grc' dir='ltr'>ὁ</span> <span class='ocrx_word' id='word_1_102' title='bbox 1378 1316 1437 1368; x_wconf 84' lang='grc' dir='ltr'>δὲ</span> <span class='ocrx_word' id='word_1_103' title='bbox 1474 1317 1704 1381; x_wconf 84' lang='grc' dir='ltr'>χαλκοῦς</span> <span class='ocrx_word' id='word_1_104' title='bbox 1740 1317 1822 1367; x_wconf 90' lang='grc' dir='ltr'>λε-</span> <span class='ocrx_word' id='word_1_105' title='bbox 1864 1373 1866 1375; x_wconf 63' lang='lat'><em>,</em></span> <span class='ocrx_word' id='word_1_106' title='bbox 1903 1306 1914 1366; x_wconf 68' lang='grc' dir='ltr'>’ᾖ</span> <span class='ocrx_word' id='word_1_107' title='bbox 1944 1363 1946 1365; x_wconf 84' lang='grc'>.</span> 
     </span>
     <span class='ocr_line' id='line_1_16' title="bbox 292 1398 1821 1465; baseline 0.001 -15"><span class='ocrx_word' id='word_1_108' title='bbox 292 1402 444 1454; x_wconf 84' lang='grc' dir='ltr'>πτῶν</span> <span class='ocrx_word' id='word_1_109' title='bbox 481 1399 626 1451; x_wconf 82' lang='grc' dir='ltr'>ἑπτά.</span> <span class='ocrx_word' id='word_1_110' title='bbox 690 1400 752 1452; x_wconf 87' lang='grc' dir='ltr'>τὸ</span> <span class='ocrx_word' id='word_1_111' title='bbox 795 1401 855 1453; x_wconf 80' lang='grc' dir='ltr'>δὲ</span> <span class='ocrx_word' id='word_1_112' title='bbox 888 1399 1154 1454; x_wconf 88' lang='grc' dir='ltr'>τάλαντον</span> <span class='ocrx_word' id='word_1_113' title='bbox 1192 1402 1291 1452; x_wconf 86' lang='grc' dir='ltr'>τοῦ</span> <span class='ocrx_word' id='word_1_114' title='bbox 1334 1398 1589 1465; x_wconf 83' lang='grc' dir='ltr'>ἀργυρίου</span> <span class='ocrx_word' id='word_1_115' title='bbox 1626 1401 1821 1464; x_wconf 82' lang='grc' dir='ltr'>λιτρῶν</span> 
     </span>
     <span class='ocr_line' id='line_1_17' title="bbox 210 1475 1937 1551; baseline 0.001 -16"><span class='ocrx_word' id='word_1_116' title='bbox 210 1488 262 1529; x_wconf 88' lang='lat'>15</span> <span class='ocrx_word' id='word_1_117' title='bbox 292 1485 402 1536; x_wconf 84' lang='grc' dir='ltr'>τῶν</span> <span class='ocrx_word' id='word_1_118' title='bbox 428 1485 529 1536; x_wconf 80' lang='grc' dir='ltr'>νῦν</span> <span class='ocrx_word' id='word_1_119' title='bbox 555 1482 822 1547; x_wconf 90' lang='grc' dir='ltr'>τεςςάρων</span> <span class='ocrx_word' id='word_1_120' title='bbox 859 1485 943 1536; x_wconf 88' lang='grc' dir='ltr'>καὶ</span> <span class='ocrx_word' id='word_1_121' title='bbox 974 1484 1308 1548; x_wconf 90' lang='grc' dir='ltr'>νομιςμάτων</span> <span class='ocrx_word' id='word_1_122' title='bbox 1333 1478 1473 1536; x_wconf 78' lang='grc' dir='ltr'>ὀκτὼ</span> <span class='ocrx_word' id='word_1_123' title='bbox 1502 1484 1585 1535; x_wconf 88' lang='grc' dir='ltr'>καὶ</span> <span class='ocrx_word' id='word_1_124' title='bbox 1610 1493 1655 1535; x_wconf 72' lang='grc'>5.</span> <span class='ocrx_word' id='word_1_125' title='bbox 1703 1483 1735 1547; x_wconf 85' lang='grc' dir='ltr'>ἡ</span> <span class='ocrx_word' id='word_1_126' title='bbox 1765 1485 1822 1536; x_wconf 82' lang='grc' dir='ltr'>δὲ</span> <span class='ocrx_word' id='word_1_127' title='bbox 1904 1475 1937 1551; x_wconf 39' lang='grc' dir='ltr'>ᾗ,</span> 
     </span>
     <span class='ocr_line' id='line_1_18' title="bbox 292 1562 1939 1630; baseline -0.001 -10"><span class='ocrx_word' id='word_1_128' title='bbox 292 1566 395 1630; x_wconf 86' lang='grc' dir='ltr'>μνᾶ</span> <span class='ocrx_word' id='word_1_129' title='bbox 435 1566 716 1630; x_wconf 82' lang='grc' dir='ltr'>ἑξηκοςτόν</span> <span class='ocrx_word' id='word_1_130' title='bbox 755 1566 860 1620; x_wconf 82' lang='grc' dir='ltr'>έςτι</span> <span class='ocrx_word' id='word_1_131' title='bbox 894 1569 992 1620; x_wconf 88' lang='grc' dir='ltr'>τοῦ</span> <span class='ocrx_word' id='word_1_132' title='bbox 1029 1568 1322 1630; x_wconf 85' lang='grc' dir='ltr'>ταλάντου,</span> <span class='ocrx_word' id='word_1_133' title='bbox 1360 1567 1423 1619; x_wconf 88' lang='grc' dir='ltr'>τὸ</span> <span class='ocrx_word' id='word_1_134' title='bbox 1461 1567 1518 1619; x_wconf 82' lang='grc' dir='ltr'>δὲ</span> <span class='ocrx_word' id='word_1_135' title='bbox 1553 1565 1820 1620; x_wconf 87' lang='grc' dir='ltr'>τάλαντον</span> <span class='ocrx_word' id='word_1_136' title='bbox 1911 1562 1939 1588; x_wconf 64' lang='lat'>²⁴</span> 
     </span>
     <span class='ocr_line' id='line_1_19' title="bbox 290 1650 1158 1716; baseline 0.002 -14"><span class='ocrx_word' id='word_1_137' title='bbox 290 1651 388 1702; x_wconf 86' lang='grc' dir='ltr'>τοῦ</span> <span class='ocrx_word' id='word_1_138' title='bbox 421 1651 636 1716; x_wconf 88' lang='grc' dir='ltr'>χρυςίου</span> <span class='ocrx_word' id='word_1_139' title='bbox 663 1650 1158 1705; x_wconf 83' lang='grc' dir='ltr'>ἑξαπλάςιόνέςτιν.</span> 
     </span>
     <span class='ocr_line' id='line_1_20' title="bbox 397 1748 1820 1816; baseline -0.002 -14"><span class='ocrx_word' id='word_1_140' title='bbox 397 1748 639 1812; x_wconf 79' lang='grc' dir='ltr'>Ὀγκὶαν,</span> <span class='ocrx_word' id='word_1_141' title='bbox 668 1749 765 1803; x_wconf 87' lang='grc' dir='ltr'>τὸν</span> <span class='ocrx_word' id='word_1_142' title='bbox 802 1750 1058 1814; x_wconf 84' lang='grc' dir='ltr'>ςταθμόν,</span> <span class='ocrx_word' id='word_1_143' title='bbox 1095 1749 1340 1816; x_wconf 79' lang='grc' dir='ltr'>(ώφρων</span> <span class='ocrx_word' id='word_1_144' title='bbox 1375 1749 1459 1802; x_wconf 89' lang='grc' dir='ltr'>καὶ</span> <span class='ocrx_word' id='word_1_145' title='bbox 1488 1748 1820 1814; x_wconf 83' lang='grc' dir='ltr'>Ἐπίχαρμος.</span> 
     </span>
     <span class='ocr_line' id='line_1_21' title="bbox 396 1833 1435 1903; baseline 0.001 -18"><span class='ocrx_word' id='word_1_146' title='bbox 396 1833 586 1902; x_wconf 85' lang='grc' dir='ltr'>Ὁλκῇ,</span> <span class='ocrx_word' id='word_1_147' title='bbox 613 1833 856 1897; x_wconf 81' lang='grc' dir='ltr'>δυνάμει,</span> <span class='ocrx_word' id='word_1_148' title='bbox 889 1834 921 1898; x_wconf 82' lang='grc' dir='ltr'>ἢ</span> <span class='ocrx_word' id='word_1_149' title='bbox 951 1833 1123 1900; x_wconf 82' lang='grc' dir='ltr'>βάρει,</span> <span class='ocrx_word' id='word_1_150' title='bbox 1152 1834 1185 1898; x_wconf 84' lang='grc' dir='ltr'>ἢ</span> <span class='ocrx_word' id='word_1_151' title='bbox 1214 1837 1435 1903; x_wconf 83' lang='grc' dir='ltr'>ςταθμῷ.</span> 
     </span>
     <span class='ocr_line' id='line_1_22' title="bbox 207 1916 1370 1983; baseline -0.003 -11"><span class='ocrx_word' id='word_1_152' title='bbox 207 1932 262 1972; x_wconf 81' lang='lat'>20</span> <span class='ocrx_word' id='word_1_153' title='bbox 395 1916 726 1981; x_wconf 89' lang='grc' dir='ltr'>Παλαιςτάς,</span> <span class='ocrx_word' id='word_1_154' title='bbox 755 1918 1038 1983; x_wconf 88' lang='grc' dir='ltr'>ςπιθαμάς,</span> <span class='ocrx_word' id='word_1_155' title='bbox 1070 1918 1103 1982; x_wconf 84' lang='grc' dir='ltr'>ἢ</span> <span class='ocrx_word' id='word_1_156' title='bbox 1132 1917 1370 1982; x_wconf 82' lang='grc' dir='ltr'>ἔμπαλιν.</span> 
     </span>
     <span class='ocr_line' id='line_1_23' title="bbox 397 2000 1821 2068; baseline -0.001 -15"><span class='ocrx_word' id='word_1_157' title='bbox 397 2000 687 2054; x_wconf 76' lang='grc' dir='ltr'>Παλλάδος</span> <span class='ocrx_word' id='word_1_158' title='bbox 726 2002 1051 2068; x_wconf 85' lang='grc' dir='ltr'>πρόςωπον,</span> <span class='ocrx_word' id='word_1_159' title='bbox 1096 2003 1224 2056; x_wconf 82' lang='grc' dir='ltr'>τοὺς</span> <span class='ocrx_word' id='word_1_160' title='bbox 1262 2003 1545 2067; x_wconf 75' lang='grc' dir='ltr'>ςτατῆρας,</span> <span class='ocrx_word' id='word_1_161' title='bbox 1578 2000 1687 2054; x_wconf 89' lang='grc' dir='ltr'>ἀπὸ</span> <span class='ocrx_word' id='word_1_162' title='bbox 1724 2002 1821 2053; x_wconf 87' lang='grc' dir='ltr'>τοῦ</span> 
     </span>
     <span class='ocr_line' id='line_1_24' title="bbox 294 2084 1820 2152; baseline -0.001 -14"><span class='ocrx_word' id='word_1_163' title='bbox 294 2086 694 2149; x_wconf 82' lang='grc' dir='ltr'>ςεςημαςμένου.</span> <span class='ocrx_word' id='word_1_164' title='bbox 725 2085 783 2138; x_wconf 76' lang='grc' dir='ltr'>ἐκ</span> <span class='ocrx_word' id='word_1_165' title='bbox 809 2086 1035 2152; x_wconf 87' lang='grc' dir='ltr'>θατέρου</span> <span class='ocrx_word' id='word_1_166' title='bbox 1054 2086 1156 2152; x_wconf 85' lang='grc' dir='ltr'>γὰρ</span> <span class='ocrx_word' id='word_1_167' title='bbox 1181 2087 1403 2151; x_wconf 86' lang='grc' dir='ltr'>Ἀθηνᾶς</span> <span class='ocrx_word' id='word_1_168' title='bbox 1418 2086 1714 2151; x_wconf 88' lang='grc' dir='ltr'>πρόςωπον</span> <span class='ocrx_word' id='word_1_169' title='bbox 1739 2084 1820 2149; x_wconf 88' lang='grc' dir='ltr'>ἦν.</span> 
     </span>
     <span class='ocr_line' id='line_1_25' title="bbox 397 2168 1822 2236; baseline 0.001 -16"><span class='ocrx_word' id='word_1_170' title='bbox 397 2168 779 2234; x_wconf 79' lang='grc' dir='ltr'>Παραςάγγης,</span> <span class='ocrx_word' id='word_1_171' title='bbox 806 2168 952 2223; x_wconf 84' lang='grc' dir='ltr'>εἶδος</span> <span class='ocrx_word' id='word_1_172' title='bbox 977 2171 1170 2236; x_wconf 90' lang='grc' dir='ltr'>μέτρου</span> <span class='ocrx_word' id='word_1_173' title='bbox 1194 2170 1484 2235; x_wconf 85' lang='grc' dir='ltr'>Περςικοῦ,</span> <span class='ocrx_word' id='word_1_174' title='bbox 1513 2168 1543 2222; x_wconf 87' lang='grc' dir='ltr'>ὅ</span> <span class='ocrx_word' id='word_1_175' title='bbox 1573 2169 1675 2222; x_wconf 80' lang='grc' dir='ltr'>ἑςτι</span> <span class='ocrx_word' id='word_1_176' title='bbox 1704 2168 1822 2222; x_wconf 90' lang='grc' dir='ltr'>ςτά-</span> 
     </span>
     <span class='ocr_line' id='line_1_26' title="bbox 292 2251 695 2316; baseline 0 -11"><span class='ocrx_word' id='word_1_177' title='bbox 292 2255 377 2305; x_wconf 91' lang='grc' dir='ltr'>δια</span> <span class='ocrx_word' id='word_1_178' title='bbox 399 2251 695 2316; x_wconf 85' lang='grc' dir='ltr'>τριάκοντα.</span> 
     </span>
     <span class='ocr_line' id='line_1_27' title="bbox 207 2336 1819 2407; baseline -0.001 -17"><span class='ocrx_word' id='word_1_179' title='bbox 207 2350 262 2391; x_wconf 82' lang='lat'>25</span> <span class='ocrx_word' id='word_1_180' title='bbox 396 2336 661 2405; x_wconf 84' lang='grc' dir='ltr'>Πελανοί]</span> <span class='ocrx_word' id='word_1_181' title='bbox 688 2356 713 2390; x_wconf 59' lang='grc' dir='ltr'><em>ὴ</em></span> <span class='ocrx_word' id='word_1_182' title='bbox 731 2337 939 2400; x_wconf 85' lang='grc' dir='ltr'>λέγεται</span> <span class='ocrx_word' id='word_1_183' title='bbox 963 2338 1022 2391; x_wconf 81' lang='grc' dir='ltr'>δὲ</span> <span class='ocrx_word' id='word_1_184' title='bbox 1046 2338 1283 2393; x_wconf 88' lang='grc' dir='ltr'>πελανὸς</span> <span class='ocrx_word' id='word_1_185' title='bbox 1307 2377 1319 2390; x_wconf 94' lang='grc'>.</span> <span class='ocrx_word' id='word_1_186' title='bbox 1346 2377 1356 2390; x_wconf 94' lang='grc'>.</span> <span class='ocrx_word' id='word_1_187' title='bbox 1385 2378 1395 2389; x_wconf 88' lang='grc'>.</span> <span class='ocrx_word' id='word_1_188' title='bbox 1423 2337 1507 2389; x_wconf 89' lang='grc' dir='ltr'>καὶ</span> <span class='ocrx_word' id='word_1_189' title='bbox 1534 2336 1564 2390; x_wconf 89' lang='grc' dir='ltr'>ὁ</span> <span class='ocrx_word' id='word_1_190' title='bbox 1589 2341 1664 2407; x_wconf 83' lang='grc' dir='ltr'>τῷ</span> <span class='ocrx_word' id='word_1_191' title='bbox 1690 2336 1819 2402; x_wconf 90' lang='grc' dir='ltr'>μάν-</span> 
     </span>
     <span class='ocr_line' id='line_1_28' title="bbox 291 2420 1162 2488; baseline 0.003 -16"><span class='ocrx_word' id='word_1_192' title='bbox 291 2436 365 2473; x_wconf 90' lang='grc' dir='ltr'>τει</span> <span class='ocrx_word' id='word_1_193' title='bbox 391 2420 669 2485; x_wconf 82' lang='grc' dir='ltr'>διδόμενος</span> <span class='ocrx_word' id='word_1_194' title='bbox 697 2421 876 2486; x_wconf 84' lang='grc' dir='ltr'>μιςθός</span> <span class='ocrx_word' id='word_1_195' title='bbox 902 2421 1113 2488; x_wconf 85' lang='grc' dir='ltr'>ὀβολός.</span> <span class='ocrx_word' id='word_1_196' title='bbox 1160 2424 1162 2427; x_wconf 78' lang='grc'>’</span> 
     </span>
     <span class='ocr_line' id='line_1_29' title="bbox 396 2477 1818 2574; baseline -0.001 -18"><span class='ocrx_word' id='word_1_197' title='bbox 396 2504 675 2569; x_wconf 84' lang='grc' dir='ltr'>Πέλαθρα,</span> <span class='ocrx_word' id='word_1_198' title='bbox 708 2505 923 2570; x_wconf 86' lang='grc' dir='ltr'>πλέθρα.</span> <span class='ocrx_word' id='word_1_199' title='bbox 965 2505 1070 2560; x_wconf 82' lang='grc' dir='ltr'>ἔςτι</span> <span class='ocrx_word' id='word_1_200' title='bbox 1095 2506 1154 2560; x_wconf 82' lang='grc' dir='ltr'>δὲ</span> <span class='ocrx_word' id='word_1_201' title='bbox 1181 2505 1342 2574; x_wconf 83' lang='grc' dir='ltr'>μέτρα</span> <span class='ocrx_word' id='word_1_202' title='bbox 1366 2507 1476 2570; x_wconf 85' lang='grc' dir='ltr'>γῆς.</span> <span class='ocrx_word' id='word_1_203' title='bbox 1514 2505 1577 2559; x_wconf 89' lang='grc' dir='ltr'>τὸ</span> <span class='ocrx_word' id='word_1_204' title='bbox 1607 2505 1665 2558; x_wconf 90' lang='grc' dir='ltr'>δε</span> <span class='ocrx_word' id='word_1_205' title='bbox 1693 2477 1818 2556; x_wconf 84' lang='grc' dir='ltr'>πλέ-</span> 
     </span>
     <span class='ocr_line' id='line_1_30' title="bbox 294 2589 860 2650; baseline 0.011 -13"><span class='ocrx_word' id='word_1_206' title='bbox 294 2589 421 2650; x_wconf 87' lang='grc' dir='ltr'>θρον</span> <span class='ocrx_word' id='word_1_207' title='bbox 450 2589 663 2643; x_wconf 89' lang='grc' dir='ltr'>ςταδίου</span> <span class='ocrx_word' id='word_1_208' title='bbox 690 2589 860 2644; x_wconf 90' lang='grc' dir='ltr'>έκτον.</span> 
     </span>
     <span class='ocr_line' id='line_1_31' title="bbox 399 2670 1816 2738; baseline 0.001 -17"><span class='ocrx_word' id='word_1_209' title='bbox 399 2670 715 2738; x_wconf 87' lang='grc' dir='ltr'>Πεντέπηχυ</span> <span class='ocrx_word' id='word_1_210' title='bbox 753 2675 837 2726; x_wconf 83' lang='grc' dir='ltr'>καὶ</span> <span class='ocrx_word' id='word_1_211' title='bbox 863 2673 1210 2727; x_wconf 89' lang='grc' dir='ltr'>πεντέκλινον</span> <span class='ocrx_word' id='word_1_212' title='bbox 1241 2673 1325 2725; x_wconf 86' lang='grc' dir='ltr'>καὶ</span> <span class='ocrx_word' id='word_1_213' title='bbox 1353 2671 1816 2738; x_wconf 88' lang='grc' dir='ltr'>πεντέχαλκον</span> 
     </span>
    </p>
   </div>
   <div class='ocr_carea' id='block_1_5' title="bbox 486 2800 633 2807">
    <p class='ocr_par' dir='ltr' id='par_1_5' title="bbox 486 2800 633 2807">
     <span class='ocr_line' id='line_1_32' title="bbox 486 2800 633 2807; baseline 0 413"><span class='ocrx_word' id='word_1_214' title='bbox 486 2800 633 2807; x_wconf 95' lang='lat' dir='ltr'> </span> 
     </span>
    </p>
   </div>
   <div class='ocr_carea' id='block_1_6' title="bbox 294 2877 1819 3006">
    <p class='ocr_par' dir='ltr' id='par_1_6' title="bbox 294 2877 1819 3006">
     <span class='ocr_line' id='line_1_33' title="bbox 406 2877 1819 2937; baseline 0.002 -18"><span class='ocrx_word' id='word_1_215' title='bbox 406 2881 446 2920; x_wconf 90' lang='grc'>4.</span> <span class='ocrx_word' id='word_1_216' title='bbox 480 2878 529 2932; x_wconf 85' lang='grc' dir='ltr'>ἡ]</span> <span class='ocrx_word' id='word_1_217' title='bbox 564 2879 608 2921; x_wconf 79' lang='grc' dir='ltr'>οἱ</span> <span class='ocrx_word' id='word_1_218' title='bbox 640 2884 735 2923; x_wconf 85' lang='lat' dir='ltr'>cod.</span> <span class='ocrx_word' id='word_1_219' title='bbox 881 2885 920 2925; x_wconf 87' lang='lat'>5.</span> <span class='ocrx_word' id='word_1_220' title='bbox 954 2878 1020 2937; x_wconf 87' lang='grc' dir='ltr'>ιε’,</span> <span class='ocrx_word' id='word_1_221' title='bbox 1053 2877 1106 2936; x_wconf 87' lang='grc' dir='ltr'>ε’]</span> <span class='ocrx_word' id='word_1_222' title='bbox 1148 2880 1404 2925; x_wconf 85' lang='grc' dir='ltr'>δεκαπέντε</span> <span class='ocrx_word' id='word_1_223' title='bbox 1441 2883 1484 2924; x_wconf 91' lang='lat' dir='ltr'><em>P</em></span> <span class='ocrx_word' id='word_1_224' title='bbox 1595 2877 1642 2935; x_wconf 91' lang='grc' dir='ltr'>ι’]</span> <span class='ocrx_word' id='word_1_225' title='bbox 1683 2880 1819 2923; x_wconf 82' lang='grc' dir='ltr'>ἐννέα</span> 
     </span>
     <span class='ocr_line' id='line_1_34' title="bbox 294 2947 1762 3006; baseline 0.004 -20"><span class='ocrx_word' id='word_1_226' title='bbox 294 2948 335 2987; x_wconf 89' lang='lat' dir='ltr'><em>P</em></span> <span class='ocrx_word' id='word_1_227' title='bbox 448 2950 511 2988; x_wconf 85' lang='lat'>15.</span> <span class='ocrx_word' id='word_1_228' title='bbox 542 2947 588 3001; x_wconf 74' lang='lat'>5]</span> <span class='ocrx_word' id='word_1_229' title='bbox 623 2947 667 2991; x_wconf 79' lang='grc' dir='ltr'>ἕξ</span> <span class='ocrx_word' id='word_1_230' title='bbox 699 2952 739 2990; x_wconf 87' lang='grc' dir='ltr'><em>Ρ</em></span> <span class='ocrx_word' id='word_1_231' title='bbox 851 2955 919 2994; x_wconf 82' lang='lat'>27.</span> <span class='ocrx_word' id='word_1_232' title='bbox 952 2951 1161 3006; x_wconf 84' lang='grc' dir='ltr'>πέλαθρα</span> <span class='ocrx_word' id='word_1_233' title='bbox 1181 2956 1332 2996; x_wconf 80' lang='lat' dir='ltr'><strong>tuetur</strong></span> <span class='ocrx_word' id='word_1_234' title='bbox 1362 2951 1470 2996; x_wconf 84' lang='lat' dir='ltr'>ordo</span> <span class='ocrx_word' id='word_1_235' title='bbox 1499 2951 1762 2995; x_wconf 79' lang='lat' dir='ltr'><strong>litterarum</strong></span> 
     </span>
    </p>
   </div>
  </div>
 </body>
</html>
