1946 3220
318 189 421 242 140
836 202 1248 238 PROLEGOMENA.
1260 204 1316 238 m

316 321 421 366 inde
436 320 712 366 definiuntur
732 324 867 378 atque
886 316 934 361 in
951 315 1105 362 tabula
1118 315 1411 363 Dioscoridea
1423 311 1495 377 (fr.
1509 319 1581 375 64,
1593 319 1661 362 11.
1673 321 1742 362 22.
1757 312 1844 379 32).

316 391 399 437 Hic
432 391 478 435 in
515 389 641 434 libris
675 402 810 433 manu
838 387 1024 448 scriptis
1049 386 1271 432 nonnulla
1301 393 1518 449 corrupta
1555 394 1687 446 sunt,
1729 401 1845 449 quae

315 468 443 507 certa
468 460 646 505 ratione
674 458 1005 504 emendavimus
1033 457 1279 504 secundum
1305 459 1556 504 versionem
1581 457 1785 504 Latinam
1795 454 1844 520 ⁵).

422 528 625 588 Denique
666 530 826 574 unciae
867 523 1048 575 κόκκοι
1081 525 1179 575 τοῦ
1215 523 1480 588 πἐπὲρεοε
1518 527 1674 588 0000,
1704 527 1845 575 librae

316 599 574 646 summatim
600 593 728 661 (ὑφ’
754 593 836 660 ἓν)
860 598 896 642 V
923 597 1045 644 milia
1079 597 1358 644 tribuuntur.
1419 597 1547 654 Quod
1583 599 1762 660 pondus
1799 601 1847 644 in

314 675 533 730 promptu
559 675 629 715 est
659 669 808 715 dicere
836 669 991 716 chalco
1019 668 1086 715 illi
1113 669 1191 730 qui
1218 669 1263 715 in
1291 668 1495 716 Galeneis
1525 668 1691 717 tabulis
1717 682 1845 731 repe-
1920 715 1921 718 ,

315 741 435 785 ritur
459 746 703 800 cognatum
730 740 871 786 fuisse
890 736 940 798 6).

316 878 382 918 De
399 876 645 930 Epiphanio
669 878 826 931 Cyprio
848 881 1019 931 eiusque
1039 879 1146 918 libro
1175 879 1228 918 de
1258 879 1463 918 mensuris
1493 890 1545 918 ac
1572 877 1846 929 ponderibus.

227 956 296 1007 87
414 965 610 1011 Medium
636 967 766 1026 quasi
791 966 941 1011 locum
966 965 1085 1019 inter
1115 965 1289 1012 tabulas
1315 979 1631 1011 mensurarum
1658 979 1709 1011 ac
1733 978 1847 1025 pon·

315 1035 475 1082 derum
502 1043 547 1081 et
569 1036 688 1081 inter
715 1036 969 1096 fragmenta
994 1036 1049 1081 de
1076 1036 1271 1081 nummis
1299 1036 1476 1082 obtinet
1504 1035 1744 1096 Epiphanii
1770 1034 1847 1080 ille

313 1105 498 1152 libellus
533 1101 668 1166 Περὶ
698 1102 907 1166 μέτρων
942 1102 1027 1154 καὶ
1064 1104 1332 1166 σταθμῶν,
1374 1109 1451 1166 qui
1486 1121 1508 1151 a
1539 1107 1722 1151 Petavio
1757 1118 1849 1159 una

314 1190 418 1223 cum
443 1176 632 1237 reliquis
660 1177 760 1222 eius
786 1177 971 1237 scriptis
998 1177 1147 1223 editus
1176 1173 1304 1237 est¹).
1345 1176 1486 1232 Quem
1512 1176 1692 1237 quidem
1719 1174 1859 1221 libel--

314 1247 407 1292 lum
440 1246 495 1292 ab
522 1247 803 1308 Epiphanio,
833 1247 1122 1293 Constantine
1147 1247 1335 1308 Cypriae
1365 1249 1600 1307 episcopo,
1627 1247 1848 1306 scriptum

312 1329 415 1362 >esse
441 1325 621 1363 constat
646 1332 764 1363 anno
791 1317 998 1363 CCCXCII
1023 1318 1231 1378 paullove
1259 1316 1428 1378 post2).

421 1388 512 1433 Iam
555 1389 754 1448 primum
794 1389 1048 1447 videamus,
1096 1389 1219 1449 quod
1260 1391 1320 1434 sit
1358 1387 1848 1448 libellivargumentum

236 1488 241 1495 ι
312 1457 516 1519 quidque
553 1459 608 1504 de
641 1461 740 1504 eius
776 1458 923 1505 forma
959 1459 1104 1519 qualis
1137 1473 1257 1504 nunc
1293 1466 1438 1504 exstat
1468 1458 1756 1504 iudicandum
1782 1458 1848 1502 vi-

315 1528 492 1574 deatur.
563 1529 784 1589 Inscripta
828 1535 937 1575 sunt
981 1524 1091 1577 Τοῦ
1139 1523 1197 1577 ἐν
1242 1523 1411 1586 ἁγίοις
1454 1524 1658 1588 πατρὸς
1695 1522 1847 1587 ἡμῶν

313 1593 630 1659 Ἐπιφανίου
662 1595 783 1659 περὶ
818 1594 1027 1658 μέτρων
1061 1595 1145 1646 καὶ
1171 1597 1440 1659 maenum,
1478 1613 1592 1660 quae
1621 1606 1721 1644 orta
1747 1611 1849 1644 esse

315 1676 504 1729 apparet
539 1684 564 1714 a
601 1669 855 1716 recentiore
891 1670 1086 1730 quodam
1122 1670 1216 1716 sive
1246 1670 1434 1716 librario
1472 1671 1567 1715 sive
1602 1668 1848 1729 interpola-

317 1745 431 1785 tore.
483 1740 594 1785 Tum
620 1741 751 1786 initio
778 1740 888 1786 haec
915 1740 1159 1800 leguntur:
1208 1735 1265 1788 Εἴ
1288 1752 1364 1788 τις
1395 1736 1455 1787 δὲ
1483 1735 1623 1788 Θέλεῑ
1649 1737 1760 1787 τῶν
1788 1734 1847 1788 ἐν

428 1877 472 1928 5)
492 1875 752 1930 Antequam
771 1878 1032 1919 versionem
1052 1878 1271 1918 Latinam
1291 1878 1575 1929 inveneram,
1609 1874 1848 1927 εταθμίων

313 1931 438 1974 ἑετὶν
473 1927 579 1987 ‘Dte'
611 1937 699 1975 etc.
733 1947 788 1975 ex
818 1935 1047 1987 scriptura
1078 1934 1253 1975 codicis
1282 1933 1343 1975 Pb
1386 1934 1586 1988 legenda
1618 1945 1718 1975 esse
1752 1933 1847 1974 exi·

315 1989 591 2042 estimabam,
644 2003 761 2043 quae
811 1988 1009 2042 εταθμία
1059 1991 1358 2032 conferebam
1408 2003 1511 2030 cum
1558 1989 1846 2031 Ptolemaica

310 2044 550 2099 drachma,
584 2048 801 2099 quoniam
822 2047 1070 2088 drachmae
1092 2049 1176 2088 960
1197 2046 1343 2088 libras
1366 2047 1433 2095 10,
1467 2046 1626 2098 congii
1654 2045 1846 2099 pondus,

316 2100 573 2144 efficerent.
633 2102 725 2143 Sed
765 2116 821 2143 ea
862 2104 1016 2144 omnia
1055 2103 1188 2143 irrita
1230 2115 1330 2144 esse
1380 2101 1502 2153 vidi,
1554 2106 1604 2142 ut
1651 2102 1848 2154 primum

312 2158 577 2199 versionem
606 2160 826 2199 Latinam
855 2160 1051 2213 inspexi.

428 2214 472 2266 6)
511 2216 582 2255 Ex
623 2228 679 2255 ea
718 2215 969 2268 ponderum
1007 2215 1188 2256 ratione
1221 2227 1338 2268 quae
1370 2215 1418 2255 in
1451 2215 1605 2268 capite
1639 2213 1846 2254 Galeneo

312 2270 383 2310 III
415 2270 611 2324 aliisque
645 2275 797 2312 exstat
829 2271 958 2325 (prol.
989 2272 1014 2322 ἓ
1045 2272 1114 2314 50.
1145 2271 1217 2325 75)
1265 2273 1313 2311 in
1342 2271 1530 2312 unciam
1559 2271 1643 2312 384
1674 2269 1843 2320 chalci,

314 2326 363 2366 in
393 2326 562 2368 libram
590 2328 703 2369 4608
734 2328 987 2369 incurrunt.
1029 2328 1170 2368 Vides
1200 2328 1323 2368 hunc
1355 2326 1529 2368 κόκκον
1560 2326 1734 2380 piperis
1755 2338 1847 2367 non

314 2382 383 2422 ita
416 2396 445 2423 a
474 2383 762 2425 Ptolemaico
794 2387 840 2424 et
869 2385 1073 2425 Romano
1106 2383 1269 2429 chalco
1302 2384 1531 2425 diversum
1563 2383 1725 2425 fuisse.

430 2439 474 2491 1)
506 2441 662 2493 Ipsam
691 2440 951 2481 Parisinam
984 2441 1256 2493 editionem,
1290 2453 1408 2493 quae
1441 2454 1483 2481 a.
1518 2441 1627 2480 1622
1657 2438 1843 2492 prodiit,

312 2505 418 2534 cum
447 2496 659 2538 Dresdae
698 2509 790 2537 non
827 2497 1104 2550 invenirem,
1141 2510 1251 2538 usus
1290 2509 1388 2537 sum
1427 2496 1702 2550 repetitione
1731 2494 1846 2547 Lip-

313 2546 938 2663 maiestras?
956 2550 1847 2651 awanffzsszamaiatffaaa·

431 2636 441 2645 ·
549 2637 559 2649 ι
742 2642 752 2652 .
895 2624 906 2650 2
1031 2625 1046 2650 1
1174 2625 1209 2650 11
1691 2638 1701 2650 ο
1830 2629 1845 2635 ·

315 2672 414 2712 nys.
451 2662 687 2707 Petavius.
746 2666 904 2708 Editio
954 2624 1076 2708 ntffjvla³
1123 2667 1251 2707 iuxta
1275 2623 1552 2707 pParisinam
1602 2662 1843 2705 adornata.

309 2715 444 2760 Tom.
475 2718 534 2760 ΙΙ.
567 2719 723 2762 Colon.
758 2723 882 2764 1682.
1414 2727 1419 2733 ’

429 2770 474 2825 2)
507 2773 702 2816 Omnino
734 2777 789 2818 de
820 2779 1075 2832 Epiphanii
1104 2780 1203 2820 vita
1234 2782 1282 2819 et
1311 2778 1497 2831 scriptis
1530 2775 1652 2819 conf.
1681 2775 1846 2816 Fabri-

315 2828 440 2868 cium
470 2829 518 2869 in
548 2830 668 2872 Bibl.
704 2832 782 2874 Gr.
804 2835 999 2876 vol.VII
1029 2849 1072 2889 p.
1095 2836 1193 2879 415.
1214 2836 1297 2876 418
1319 2847 1379 2875 ss.
1440 2833 1570 2873 Anno
1602 2834 1682 2873 392
1714 2831 1843 2885 paul·

315 2883 422 2925 love
452 2888 558 2938 post
587 2885 753 2928 librum
784 2890 838 2930 de
869 2893 1094 2932 mensuris
1118 2895 1164 2932 et
1183 2889 1462 2945 ponderibus
1492 2889 1711 2942 scriptum
1744 2900 1842 2928 esse

315 2939 423 2981 inde
455 2940 678 2997 efficitur,
712 2945 830 2997 quod
861 2946 1159 3001 chronologia
1187 2959 1329 3000 usque
1363 2946 1421 2987 ad
1453 2958 1554 2986 eum
1582 2946 1735 2999 ipsum
1765 2957 1843 2985 an-

316 3007 423 3038 num
452 2998 676 3052 perducta
707 3004 790 3043 est.
