1946 3220
222 176 226 180 “
290 166 355 219 18
802 178 1204 214 PROLEGOMENA
1236 179 1293 213 IN

288 297 406 343 unde
445 295 496 340 fit
533 292 774 339 cuiuslibet
808 293 874 338 rei
911 294 958 337 in
993 291 1296 353 computando
1331 291 1518 351 divisio,
1560 294 1808 341 solidum

287 366 583 427 appellemus,
610 362 738 407 illum
765 367 914 408 autem
940 375 1172 408 nummum
1198 375 1405 422 aeneum,
1434 364 1511 424 qui
1531 362 1620 409 suit
1638 363 1826 410 denarii

287 451 391 497 pars
413 432 729 490 sextadecima,
749 432 949 478 dicamus
970 447 1024 479 as
1040 446 1151 479 sem
1170 432 1535 480 monetalem.
1580 433 1671 479 Iam
1690 435 1806 480 ratio

288 504 555 585 simpliciter
588 504 654 549 sic
689 502 914 549 ducenda·
950 517 999 548 as
1036 503 1278 549 monetalis
1313 510 1453 564 quota
1485 518 1591 565 pars
1610 510 1697 549 ·est
1731 503 1808 549 ‹le-

287 576 429 632 narii,
474 572 697 634 siquidem
733 573 855 618 hunc
889 586 1036 619 assem
1072 573 1164 619 sive
1201 572 1396 619 solidum
1427 573 1618 620 feceris?
1672 572 1808 619 Nimi-

286 659 386 691 rum
415 644 645 690 semuncia
671 642 888 701 sicilicus,
915 643 961 689 id
987 651 1056 689 est
1082 657 1188 704 pars
1218 644 1530 691 sextadecima.
1588 647 1737 705 Atque
1763 643 1810 689 id

287 717 434 775 ipsum
477 714 624 760 solidi
659 727 779 773 pars
820 714 1154 766 sextadecima
1189 713 1442 761 Maecianus
1479 715 1548 761 his
1585 715 1810 783 expressit

287 784 412 844 (48):
450 787 728 830 semunciae
756 786 881 830 enim
908 786 1119 831 sedecim
1147 791 1191 829 ec
1216 785 1397 830 sicilici
1419 786 1630 832 sedecim
1657 798 1811 830 assem

288 856 520 913 efficiunt.
596 854 854 916 Eademque
889 856 1066 902 ratione
1101 862 1272 902 ceteras
1308 858 1603 916 persequitur
1637 856 1807 902 denarii

285 932 438 987 partes
485 926 675 987 singulis
721 924 896 971 assibus
939 925 1239 972 monetalibus
1275 926 1465 984 additis,
1509 926 1805 988 dupondium,

286 1003 505 1055 tressem,
533 996 709 1056 reliqua
735 1010 881 1057 usque
907 997 959 1042 ad
988 997 1326 1057 quindeciaere:
1365 997 1439 1042 hic
1463 999 1581 1043 enim
1605 996 1707 1042 finis
1734 1009 1808 1042 ex·

284 1067 529 1127 positionis
573 1066 805 1112 faciendus
842 1073 964 1126 erat,
1012 1067 1226 1127 quoniam
1263 1067 1458 1113 sedecim
1499 1082 1623 1114 asses
1659 1068 1809 1127 ipsum

285 1137 518 1182 denarium
554 1135 771 1183 efficiunt.
842 1136 960 1182 Haec
994 1151 1101 1183 vero
1137 1139 1285 1183 omnia
1321 1152 1345 1183 a
1381 1137 1606 1184 Maeciano
1646 1137 1808 1183 tradita

286 1209 323 1253 si
364 1209 410 1251 in
445 1220 584 1252 unum
621 1207 1072 1267 comprehendimus,
1121 1208 1230 1268 quid
1272 1208 1376 1253 inde
1420 1206 1807 1255 concludendum?

287 1277 483 1323 Primum
514 1277 768 1323 Maecianus
803 1277 940 1323 nullis
974 1279 1062 1324 nisi
1098 1278 1153 1324 iis
1190 1278 1395 1339 partibus
1429 1278 1578 1339 iisque
1613 1277 1810 1338 appella·

286 1347 485 1393 tionibus
531 1349 703 1406 utitur,
749 1361 864 1407 quae
903 1348 1113 1409 vulgatae
1158 1348 1344 1395 suerunt
1379 1350 1424 1394 in
1462 1349 1658 1395 cuiusvis
1695 1349 1809 1392 assis

285 1420 378 1463 sive
419 1417 551 1464 solidi
585 1418 834 1474 divisione;
871 1418 983 1464 nihil
1009 1419 1151 1480 igitur
1178 1420 1266 1464 nisi
1292 1419 1526 1465 denarium
1551 1421 1598 1465 in
1627 1417 1808 1465 calculis

282 1488 507 1549 ponendis
544 1487 654 1534 fecit
692 1502 866 1545 assem,
906 1489 951 1534 id
981 1496 1050 1535 est
1076 1489 1298 1546 solidum,
1341 1496 1477 1550 atque
1506 1502 1631 1536 asses
1657 1501 1813 1534 mone·

285 1558 397 1604 tales
434 1558 640 1617 singulos
681 1565 726 1603 et
756 1557 888 1604 binos
914 1565 959 1604 et
985 1565 1160 1605 ceteros
1190 1559 1412 1619 expressit
1440 1573 1492 1605 ex
1517 1559 1650 1606 solidi
1675 1559 1808 1604 dena·

283 1628 340 1673 rii
367 1629 557 1675 ratione.
609 1627 745 1673 Cuius
771 1630 836 1673 rei
864 1643 997 1675 usum
1028 1629 1125 1689 ipse
1154 1629 1408 1675 loculenter
1433 1630 1714 1676 demonstrat
1739 1628 1809 1673 his

287 1698 432 1744 verbis
472 1695 595 1759 (63):
643 1701 1026 1758 inqeniosissime
1074 1708 1258 1758 autem,
1304 1714 1410 1746 cum
1449 1702 1515 1745 ad
1554 1701 1810 1745 denarium

230 1814 239 1821 ,
286 1772 415 1814 racio
453 1769 803 1827 conficeretur,
840 1773 1150 1817 excurrentis
1185 1774 1317 1816 aeris
1345 1777 1462 1817 nota
1499 1774 1695 1817 inventa
1723 1776 1807 1828 est,

285 1844 408 1898 quae
435 1840 651 1885 sedecies
676 1840 1000 1899 multiplicata
1027 1841 1079 1887 id
1105 1840 1348 1900 efficeret:
1383 1856 1496 1888 nam
1525 1855 1631 1888 cum
1659 1842 1809 1886 dena-

286 1913 354 1956 rii
377 1916 494 1955 noca
522 1911 923 1971 praescribatur,
955 1915 1092 1971 eique
1121 1913 1441 1973 subiunqatur
1471 1916 1604 1959 aeris
1631 1925 1809 1957 excur-

286 1984 439 2026 reneis
475 1987 617 2039 nota,
663 1982 968 2040 manifestum
1010 1989 1078 2027 est
1113 1995 1216 2029 eam
1250 1984 1499 2029 sedeciens
1538 1983 1808 2038 ducendam

287 2064 349 2096 ea:
393 2051 711 2097 adnotatione
755 2053 961 2099 denarii.
1034 2053 1153 2114 Ergo
1200 2055 1238 2100 si
1281 2055 1483 2100 rationes
1521 2054 1806 2114 pecuniariae

285 2120 655 2167 subducebantur
680 2124 724 2167 in
751 2123 948 2170 denariis
977 2129 1022 2169 et
1046 2130 1229 2184 praeter
1254 2124 1425 2170 solidos
1453 2124 1662 2170 denarios
1687 2136 1806 2169 com·

284 2191 508 2252 putandae
538 2199 665 2238 erant
695 2193 983 2240 denariorum
1008 2200 1188 2254 partes,
1226 2189 1283 2239 ne
1307 2195 1422 2239 ratio
1452 2194 1713 2240 turbaretur
1740 2199 1808 2238 tot

285 2263 508 2308 sestertiis
546 2268 669 2308 totve
700 2263 876 2310 assibus
913 2264 1152 2325 adscriptis
1180 2264 1234 2309 ad
1262 2264 1546 2310 denariorum
1571 2277 1805 2318 summam,

286 2339 354 2378 tot
387 2334 543 2392 potius
576 2339 730 2394 partes
775 2334 945 2380 denarii
989 2348 1071 2395 pro
1109 2348 1209 2380 asse
1244 2335 1338 2381 sive
1379 2334 1523 2381 solido
1559 2334 1805 2395 computati

284 2402 588 2463 adiungebant
614 2405 961 2451 ratiocinatores
986 2405 1189 2451 Romani.
1241 2404 1341 2463 Sic,
1373 2411 1424 2450 ut
1454 2404 1658 2466 exemplo
1687 2411 1806 2462 utar,

285 2486 502 2519 summam
539 2479 718 2520 centum
755 2475 1044 2522 denariorum
1080 2476 1283 2522 sestertii
1311 2477 1448 2521 unius
1475 2475 1642 2521 assium
1668 2476 1805 2520 trium

284 2542 482 2589 breviter
515 2543 775 2591 scribebant
799 2546 1104 2605 ※c::—3‚
1139 2559 1242 2591 nam
1279 2552 1452 2606 septem
1489 2560 1616 2592 asses
1653 2557 1805 2590 mone·

286 2612 398 2658 tales
426 2621 531 2659 sunt
556 2614 726 2661 denarii
755 2623 910 2676 partes
942 2623 1116 2677 septem
1144 2616 1522 2674 sextaedecimae,
1555 2616 1648 2661 sive
1676 2614 1804 2675 quin·

286 2695 374 2741 que
407 2682 723 2744 duodecimae,
765 2687 806 2732 id
846 2693 916 2732 est
953 2687 1153 2747 quinque
1191 2688 1379 2746 unciae,
1418 2692 1463 2732 et
1498 2687 1684 2745 insuper
1717 2698 1802 2730 una

287 2751 629 2812 quadragesima
656 2763 840 2816 octava,
868 2757 912 2802 id
939 2763 1009 2803 est
1042 2752 1298 2818 sicilicus4).

397 2915 441 2967 4)
482 2916 654 2969 Redige
687 2918 742 2972 ᾖ
774 2921 830 2961 ad
860 2920 939 2975 ἢ,
980 2922 1099 2963 unde
1138 2921 1251 2962 fiunt
1283 2919 1502 2977 1⁵⁷2÷z²tw
1563 2919 1805 2973 Copiosius

285 2984 459 3012 omnem
510 2974 736 3014 rationem
789 2979 973 3029 exponit
1031 2978 1277 3031 multisque
1337 2977 1554 3030 exemplis
1603 2976 1805 3018 illustrat
