1946 3220
567 125 899 160 SCRIPTORES
928 126 1191 161 GRAECOS.
1554 124 1659 162 XIX

231 243 301 287 92.
346 239 394 287 In
432 238 630 292 Pollucis
671 241 818 301 capite
852 235 974 310 περὶ
1007 234 1342 302 νομιςμάτων
1379 241 1655 288 recensendo

118 311 213 362 >etsi
235 313 363 360 novis
389 310 594 360 codicum
621 310 835 360 subsidiis
862 325 955 359 non
985 326 1097 361 usus
1119 326 1236 370 sum,
1263 318 1414 360 tamen
1439 311 1660 359 nonnulla

124 383 295 433 rectius
327 395 462 442 quam
487 380 624 442 vulgo
650 380 805 430 ferunt
832 382 1071 444 scripsisse
1098 383 1209 430 mihi
1234 382 1405 431 videor.
1459 382 1514 428 Et
1548 382 1659 430 haec

124 453 268 514 igitur
299 452 375 501 hie
406 451 667 514 explicanda
692 459 802 500 sunt
833 459 879 500 et
905 454 1124 514 quaedam
1151 453 1343 503 aliorum
1369 453 1658 501 coniecturae

124 523 404 581 afferendae,
444 537 555 584 quas
592 525 637 571 iu
677 524 967 572 adnotatione
1004 537 1266 586 proponere
1292 538 1385 570 non
1411 524 1560 585 potui.
1594 548 1654 558 —

126 595 156 654 S
194 597 250 640 62
287 590 346 655 (p.
384 597 495 653 284,
530 591 600 656 23)
639 594 683 641 in
708 595 902 645 Cratetis
934 607 1070 644 versu
1093 594 1319 645 Bekkerus
1355 609 1448 641 non
1484 595 1659 656 recepit

115 660 265 718 ὀκτὼ
292 660 461 726 ’βολαί
497 680 522 713 a
553 665 773 715 Meinekio
811 662 870 729 (ΙΙ
904 681 948 727 p.
985 666 1085 725 241>
1126 671 1406 720 correctum;
1442 666 1523 713 sed
1559 679 1657 712 eam

124 736 395 797 aphaeresin
442 735 699 788 luculenter
751 750 898 797 nuper
948 734 1227 785 confirmavit
1276 735 1331 786 M.
1380 735 1656 783 Schmidtius

125 807 245 868 apud
276 806 549 867 Hesychium
584 802 775 866 ’βολοί’
809 800 998 868 ὀβολοί
1032 807 1293 853 restituens.
1359 805 1463 864 (Per
1495 807 1658 853 crasim

120 871 265 927 ὀκτὼ
293 871 483 938 ὀβολοὶ
510 877 748 938 coniungit
772 877 963 927 Ahrens.
990 878 1044 923 de
1070 891 1185 925 cras.
1217 884 1263 924 et
1287 876 1389 938 aph.
1415 892 1461 938 p.
1488 877 1572 936 13.)
1590 903 1657 911 -—

125 948 154 1008 S
186 950 238 992 71
273 946 335 1009 (p.
367 950 476 1005 288,
505 947 574 1007 13)
601 948 834 1009 Hermippi
871 949 1006 995 verba
1040 950 1106 995 sic
1139 948 1375 995 scribenda
1416 949 1661 1009 proposuit

121 1018 341 1079 Bergkius
369 1014 456 1080 (Fr.
485 1032 599 1066 com.
628 1018 701 1064 Gr.
729 1019 765 1062 V
788 1035 832 1080 p.
852 1015 1023 1080 LX111):
1054 1013 1211 1079 οἴμοι,
1240 1013 1287 1067 τί
1311 1013 1509 1078 δράεω,
1536 1013 1657 1078 (ύμ-

114 1087 293 1150 *βολον
331 1084 678 1149 κεκαρμένοε;
705 1084 727 1155 ΙΙ
752 1085 956 1151 τούμοῦ
981 1083 1108 1152 ’βίου
1135 1084 1350 1150 κεκάρθ’
1380 1085 1520 1140 ἔοικε
1555 1084 1659 1138 θῶ-

111 1171 252 1221 1μιευ.
276 1186 345 1193 --
373 1159 402 1219 g
429 1162 484 1206 73
506 1158 569 1221 (p.
595 1163 702 1218 289,
728 1161 771 1223 6)
802 1161 1030 1222 vulgatam
1067 1163 1339 1222 scripturam
1376 1154 1451 1208 ὡς
1479 1153 1586 1213 ὑπό
1611 1171 1659 1208 τι

115 1225 310 1291 -εὔηθεε
345 1228 509 1279 τοῦτο
535 1225 1003 1292 ὑπολαμβάνουειν
1029 1227 1242 1299 Ὁμήρῳ
1266 1226 1486 1292 μάρτυρι
1510 1230 1659 1278 Kueh-

123 1302 225 1349 nius
263 1303 613 1362 interpretatur:
657 1303 885 1351 insubide
922 1310 1103 1362 putant
1139 1303 1346 1352 Homero
1391 1307 1522 1348 teste.
1601 1302 1660 1347 At
1717 1313 1724 1319 ·

124 1371 234 1433 quid
274 1372 477 1432 tandem,
526 1386 727 1433 quaeso,
763 1381 835 1420 est
870 1368 1268 1434 ὑπολαμβάνειν
1306 1366 1406 1421 τινί
1441 1386 1525 1433 pro
1574 1383 1657 1421 πι-

122 1437 325 1495 ετεύειν
342 1479 355 1501 ,
394 1443 622 1502 credere,
661 1444 861 1492 dictum?
899 1451 993 1492 tum
1023 1458 1130 1490 vero
1158 1457 1272 1505 quae
1298 1457 1407 1489 sana
1434 1444 1658 1493 sententia

123 1528 177 1561 ex
206 1507 313 1562 ὑπό
343 1525 392 1562 τι
417 1514 519 1562 elici
546 1515 730 1575 potest?
778 1515 884 1565 Mihi
910 1529 1002 1562 non
1027 1514 1215 1562 dubium
1240 1513 1447 1571 videtur,
1476 1514 1585 1574 quin
1613 1514 1657 1560 in

118 1578 230 1638 ὑπό
252 1596 302 1632 τι
327 1584 452 1633 verbi
478 1583 672 1634 alicuius
699 1587 891 1647 vestigia
915 1586 1102 1643 lateant,
1130 1600 1223 1648 quo
1254 1591 1472 1645 corrupto
1504 1584 1657 1644 glossa

113 1649 591 1716 ’ὑπολαμβάνουεῑν
626 1657 823 1718 primum
859 1658 905 1703 in
941 1657 1146 1718 margine
1181 1656 1432 1717 adscripta,
1480 1662 1576 1701 tum
1613 1654 1659 1700 in

113 1732 385 1774 contextum
412 1727 638 1775 inculcata
663 1729 738 1774 sit.
806 1727 919 1776 Hinc
944 1722 1280 1779 ὑποτιθέαειν
1312 1726 1502 1789 scripsi,
1542 1727 1586 1772 h.
1618 1739 1655 1770 e.

123 1798 255 1845 istud
281 1801 367 1856 qm*
401 1795 575 1844 dicunt
605 1797 787 1856 falsam
812 1802 1100 1846 senteutiam
1127 1805 1407 1858 supponunt
1431 1798 1657 1842 Homero.

122 1892 192 1906 ..-
218 1867 247 1926 g
275 1871 331 1911 74
365 1866 426 1928 (p.
453 1870 564 1926 289,
604 1867 670 1927 16)
706 1869 782 1915 ubi
821 1867 1086 1918 καλεῑεθαι
1121 1869 1299 1916 correxi
1336 1881 1420 1929 pro
1458 1864 1657 1926 καλεῖν,

115 1937 234 1986 olim
258 1934 494 1989 xate‘ice'
521 1934 649 2001 (ante
674 1933 806 2001 ἀπό)
832 1941 1054 2000 scriptum
1089 1939 1232 1987 fuisse
1260 1940 1485 1985 existimo.
1544 1937 1659 1984 Con-

119 2007 192 2056 ·ser
230 2007 394 2056 similia
431 2023 546 2070 quae
583 2024 637 2056 ex
662 2009 854 2072 Polybio
891 2010 1024 2057 attuli
1060 2011 1105 2055 in
1131 2008 1294 2058 Philol.
1323 2007 1414 2054 XIV
1438 2024 1482 2070 p.
1511 2010 1595 2054 310
1621 2023 1657 2057 5.

122 2104 177 2115 --
206 2078 504 2126 Difficillimus
530 2087 601 2126 est
625 2080 754 2128 locus
779 2095 832 2126 ex
857 2080 1086 2128 Menandri
1110 2075 1534 2144 Παρακαταθήκῃ
1554 2077 1584 2137 S
1603 2081 1658 2123 76

117 2149 186 2212 (p.
213 2152 324 2208 290,
359 2151 432 2210 20)
461 2151 654 2210 citatus,
690 2151 768 2199 ubi
803 2167 905 2199 cum
936 2151 1042 2201 libri
1075 2164 1287 2212 perverse
1321 2150 1514 2198 habeant
1539 2144 1656 2208 ἔετη

121 2219 456 2281 κατηγορῶν,
481 2221 776 2271 casaubonus
803 2229 963 2270 auctor
981 2222 1157 2269 exstitit
1172 2222 1382 2282 vulgatae
1402 2221 1658 2281 scripturae

123 2285 312 2351 ἕετηκα
336 2289 529 2351 τηρῶν.
579 2293 745 2342 Verum
775 2295 819 2339 in
845 2294 917 2340 his
945 2287 1292 2354 {cmxvi-plane
1317 2291 1541 2349 abundat,
1574 2303 1659 2336 nec

124 2361 423 2422 improbabile
448 2362 623 2410 videtur
647 2358 858 2423 ἔετηεα,
885 2365 1118 2424 appendi,
1146 2365 1414 2424 praesertim
1440 2375 1541 2408 cum
1567 2354 1656 2407 ὁλ-

118 2427 219 2492 κὴν
244 2427 509 2482 ταλάντου
536 2433 639 2481 inde
667 2448 941 2495 suspensum
967 2436 1040 2481 sit.
1095 2434 1260 2481 Tamen
1298 2447 1353 2478 ne
1382 2434 1443 2477 ita
1477 2431 1656 2491 quidem

125 2503 274 2550 omnia
297 2510 536 2563 persanata
562 2517 665 2552 esse
683 2504 908 2553 arbitror:
937 2504 1095 2566 quidni
1126 2505 1284 2564 igitur,
1317 2502 1529 2562 quoniam
1553 2511 1659 2562 gra-

124 2573 221 2620 vius
247 2572 377 2622 locus
404 2572 613 2624 turbatus
640 2581 727 2633 est,
754 2589 921 2635 paucas
949 2574 1125 2622 litteras
1152 2577 1272 2620 inter
1299 2587 1348 2619 se
1375 2579 1657 2619 commutare

123 2643 367 2691 audeamus
392 2643 774 2706 Menandrumque
805 2646 1044 2706 scripsisse
1071 2651 1322 2693 statuamus
1354 2638 1601 2702 (ἔκ-ι’ήεαθ>
1625 2636 1657 2691 ὁ

119 2708 329 2774 γέρων,
364 2727 515 2761 senex
541 2715 700 2775 (pater
724 2723 944 2763 mortuus
973 2712 1179 2774 scilicet)
1210 2716 1332 2763 haec
1369 2714 1458 2760 ubi
1485 2714 1658 2760 adule-

125 2786 340 2833 scentulo
376 2783 614 2846 paravit?
666 2786 787 2843 Quae
825 2786 1034 2833 existimo
1067 2786 1203 2833 verba
1238 2799 1339 2832 esse
1375 2790 1454 2832 aut
1490 2786 1657 2830 tutoris

126 2862 204 2902 aut
230 2854 344 2902 alius
382 2856 578 2904 hominis
613 2863 721 2904 natu
749 2858 934 2904 maioris
969 2871 1112 2917 puero
1141 2871 1360 2904 summam
1387 2855 1605 2916 pecuniae
1634 2869 1658 2900 a

122 2931 253 2986 patre
289 2925 475 2974 relictae
509 2927 763 2975 indicantis.
794 2953 857 2961 -—
887 2928 916 2987 S
946 2929 1000 2972 79
1034 2926 1095 2990 (p.
1121 2929 1232 2987 291,
1273 2926 1343 2985 18)
1379 2920 1582 2985 ἄτομον
1618 2923 1657 2972 si

1245 3009 1314 3057 b*
