1946 3220
619 143 950 180 SCRIPTORES
981 143 1244 180 GRAECOS.
1655 144 1695 181 V

169 269 263 308 tum
299 259 460 307 debeat
487 261 561 307 hic
596 259 712 305 liber
736 271 976 306 ALarDo
1002 253 1355 317 FLEckEISnn‚
1394 261 1490 306 viro
1519 261 1697 307 amicis-

167 334 307 390 simo,
342 331 419 392 qui
450 338 495 377 et
531 330 775 377 nonnullos
813 329 956 376 libros
991 331 1174 390 ignotos
1209 330 1318 375 mihi
1345 353 1416 364 —-
1447 331 1551 391 quis
1576 332 1694 377 enim

166 404 213 448 in
239 408 363 448 tanta
392 408 481 447 tam
511 403 737 447 variorum
768 401 1043 462 scriptorum
1072 400 1203 461 copia
1229 414 1348 448 unus
1373 402 1488 448 sciat
1514 402 1695 448 omnia?

171 497 230 506 -
255 472 482 531 indicavit,
509 478 554 518 et
579 471 903 519 commendavit
927 485 997 517 me
1018 471 1122 517 viris
1149 471 1427 519 doctissimis
1447 485 1499 519 ac
1519 478 1696 533 specta-

168 543 356 589 tissimis
379 554 583 590 GAROLO
614 543 779 601 HALM.,
814 555 1102 589 GUILIELMO
1131 537 1694 601 CHRrsr,‘LnoNHAR1>o

167 613 432 672 spument„
470 626 705 661 namuco
730 613 883 670 KErL,
917 625 1205 660 HERMANNO
1227 613 1446 661 USENER.
1493 612 1696 668 Quorum

166 684 341 730 meritis
381 683 515 745 quem
559 697 765 745 quaeque
803 684 937 729 huius
974 683 1079 729 libri
1123 697 1227 744 pars
1261 683 1460 730 fructum
1505 683 1694 745 ceperit,

166 754 285 801 infra
325 754 592 815 singillatim
626 753 1088 811 demonstrahoffiliic
1125 761 1275 800 autem
1310 755 1487 801 cunctis
1520 761 1694 814 gratam

168 831 319 871 tantae
341 824 683 871 benevolentiae
710 827 999 882 memoriam,
1028 825 1160 872 sicuti
1187 839 1270 885 par
1293 831 1386 884 est,
1414 823 1650 885 profiteor.

271 895 543 957 Priusquam
587 896 641 941 ad
686 896 732 941 id
774 909 846 941 me
888 902 1105 942 converto
1143 896 1265 956 quod
1300 897 1489 942 maxime
1531 897 1579 941 in
1613 894 1697 942 hac

165 965 444 1026 praefatione
469 966 759 1027 propositum
786 972 881 1024 est,
917 981 1008 1012 non
1041 966 1239 1012 alienum
1274 966 1451 1012 videtur
1486 979 1582 1012 rem
1620 966 1697 1011 diu

164 1036 300 1083 variis
326 1036 504 1083 iudiciis
536 1037 747 1084 iactatam
772 1051 892 1084 nunc
919 1037 1097 1084 tandem
1130 1037 1456 1097 metrologicae
1482 1035 1698 1084 scientiae

166 1107 331 1154 auxilio
357 1107 608 1155 absolvere.
665 1107 1021 1155 Niebuhrius
1059 1110 1178 1153 enim
1210 1122 1312 1154 cum
1339 1107 1569 1154 Ciceronis
1599 1120 1702 1153 ora-

164 1180 340 1224 tionum
371 1193 456 1239 pro
482 1178 672 1225 Fonteio
708 1186 751 1226 et
788 1193 873 1240 pro
900 1178 1083 1225 Rabirio
1110 1179 1366 1240 fragmenta
1397 1191 1450 1224 ex
1477 1177 1700 1225 membra·

164 1249 236 1294 uis
266 1249 504 1309 rescriptis
538 1249 842 1297 bibliothecae
866 1249 1104 1296 Vaticanae
1141 1250 1296 1296 ederet
1329 1245 1512 1309 (Romae
1551 1245 1699 1308 1820),

165 1321 211 1364 in
249 1332 303 1366 eo
342 1319 498 1366 codice
534 1321 705 1366 invenit
741 1320 852 1366 duas
893 1320 1081 1382 paginas
1118 1320 1311 1366 minoris
1348 1319 1547 1377 formae,
1585 1332 1699 1379 quae

163 1388 327 1436 medici
359 1389 551 1436 alicuius
578 1391 735 1437 Graeci
771 1390 992 1437 formulas
1021 1391 1235 1451 quasdam
1262 1389 1580 1446 medicinales,
1622 1389 1701 1435 ad-

167 1461 341 1521 scripto
366 1460 799 1509 medicamentorum
826 1461 1057 1523 pondere,
1095 1460 1330 1508 continere
1354 1460 1615 1507 viderentur
1642 1454 1698 1520 (v.

166 1531 283 1591 apud
317 1530 533 1577 Niebuhr.
572 1547 616 1593 pt
644 1531 730 1592 16).
783 1531 925 1588 Quam
962 1532 1009 1578 in
1048 1545 1142 1577 rem
1177 1531 1432 1579 accuratius
1467 1529 1700 1591 inquirere

164 1600 318 1647 noluit
354 1603 422 1647 vir
456 1603 910 1663 praestantissimus,
950 1603 1235 1664 gravioribus
1272 1601 1435 1648 studiis
1471 1602 1699 1652 intentus:

129 1673 133 1681 '
165 1672 289 1717 illud
313 1679 488 1730 autem,
517 1673 681 1735 inquit,
712 1675 843 1720 nullo
871 1675 1012 1720 modo
1034 1678 1442 1739 praetermittam,
1470 1672 1624 1718 tribus
1649 1674 1698 1716 in

164 1743 288 1790 locis
310 1743 395 1790 ubi
414 1745 639 1803 pondera
666 1746 968 1802 indicantur,
1001 1752 1286 1804 conspectas
1313 1757 1413 1791 esse
1442 1751 1586 1790 notas
1610 1757 1702 1788 na-

165 1826 409 1860 mes-orum
444 1831 565 1875 quas
599 1817 795 1862 indicas
835 1820 935 1861 sive
974 1817 1207 1862 arabicas
1243 1817 1411 1862 dicere
1448 1817 1702 1861 consuevi-

167 1899 296 1930 mus:
333 1891 379 1929 et
407 1889 479 1931 ita
508 1886 659 1944 plane
681 1887 921 1944 formatas
958 1888 1123 1946 quales
1156 1890 1427 1946 antiquitus
1459 1885 1593 1945 apud
1619 1884 1702 1929 In-

167 1957 254 2001 dos
280 1964 329 2002 et
349 1970 480 2001 nunc
506 1958 640 2016 apud
667 1959 925 2004 universas
952 1958 1182 2017 Europae
1207 1965 1372 2018 qentes
1405 1956 1699 2002 scribonem.

119 2025 122 2027 ’
164 2051 235 2060 —-
258 2026 364 2073 Illis
393 2032 525 2072 ceree
563 2029 680 2074 Iocis
711 2031 905 2075 numeri
932 2031 1001 2073 10.
1040 2031 1138 2073 100.
1171 2030 1238 2073 14.
1258 2032 1521 2088 perspicue
1546 2041 1702 2086 appa-

166 2106 301 2156 rent,
339 2111 541 2158 quoram
566 2102 849 2160 imaginem,
888 2109 1091 2159 propter
1114 2103 1190 2145 rei
1214 2102 1503 2156 novitatem,
1543 2102 1596 2143 ὁ»
1627 2105 1701 2144 εα-

168 2168 279 2214 bula
309 2174 544 2228 expressi.
602 2168 758 2230 Atque
784 2177 838 2216 uc
867 2178 1030 2217 testem
1056 2171 1284 2217 haberem
1319 2163 1605 2229 locupletem
1629 2181 1702 2213 me

166 2254 296 2286 vana
318 2244 483 2299 specie
508 2241 762 2300 deceptum
788 2242 924 2288 haud
948 2242 1129 2302 fuisse,
1168 2243 1414 2288 advocavi
1436 2241 1702 2286 Iohannem

169 2309 386 2370 Playfair
422 2311 473 2356 V.
503 2312 595 2369 CL,
635 2313 961 2372 professorem
997 2313 1317 2370 Edinensem‚
1359 2317 1444 2373 qui
1474 2313 1605 2370 forte
1649 2315 1698 2356 in

167 2381 285 2426 urbe
325 2383 527 2438 aderat,
571 2387 706 2442 isque
741 2397 815 2429 me
849 2393 984 2431 recte
1016 2385 1196 2430 vidisse
1223 2388 1452 2443 protinus
1489 2384 1702 2442 aqnovit.

167 2451 285 2497 llaec
308 2451 605 2500 Niebuhrius:
639 2467 754 2514 quae
784 2454 898 2501 tanti
927 2454 1142 2501 momenti
1167 2454 1354 2500 fuerunt
1382 2453 1437 2498 ad
1463 2451 1702 2498 historiam

167 2536 321 2568 rerum
347 2524 794 2583 mathematicarum⁷
835 2532 888 2571 ut
925 2525 1125 2571 omnium
1155 2538 1350 2585 quorum
1389 2523 1432 2568 id
1459 2522 1702 2568 interesset

168 2593 315 2639 studia
354 2594 550 2641 excitare
582 2594 809 2643 deberent.
860 2596 950 2642 Nec
976 2602 1124 2641 tamen
1152 2594 1257 2655 plus
1290 2594 1592 2655 quadraginta
1623 2605 1702 2637 an-

167 2677 327 2710 norum
366 2666 511 2725 spatio
550 2666 789 2725 quisquam
823 2679 920 2711 eam
952 2664 1264 2725 quaestionem
1292 2670 1562 2726 persecutus
1601 2675 1702 2707 esse

166 2734 371 2792 videtur,
410 2749 510 2781 cum
543 2749 690 2796 nuper
716 2735 894 2782 demum
923 2736 1136 2782 Cantor
1163 2736 1218 2781 de
1248 2734 1503 2795 originibus
1528 2734 1704 2779 littera-

167 2818 267 2850 rum
311 2805 729 2853 mathematicarum
777 2805 980 2853 scribens
1021 2802 1436 2867 (Mathemaeiscke
1474 2805 1702 2863 Beitra'qe

169 2889 279 2920 zum
312 2875 616 2923 Culmrleben
653 2877 739 2923 der
773 2877 958 2924 Viillter.
1009 2876 1146 2924 Halae
1174 2873 1297 2938 1863)
1324 2890 1419 2923 rem
1453 2874 1701 2937 impeditis-

171 2946 328 2993 simam
362 2947 425 2994 ad
454 2947 676 3010 liquidum
710 2948 956 3010 perducere
985 2949 1154 3009 insigni
1183 2948 1316 2994 animi
1353 2947 1516 2994 ardore
1550 2956 1705 2991 susce·
