1946 3220
260 184 267 190 ,
298 133 399 186 188
685 148 1001 185 FRAGMENTA
1038 147 1108 180 m:
1145 144 1404 181 MENSURIS
1743 130 1817 199 [8]
1864 193 1866 197 y
1903 166 1906 168 .

402 258 450 310 4.
490 256 634 325 Εἶτα]
666 257 697 309 ὁ
723 255 1037 318 παλαιςτής,
1076 253 1140 307 ὃν
1173 254 1258 307 καὶ
1282 253 1534 319 τέταρτόν
1561 271 1698 309 τινες
1727 273 1818 308 κα-

296 343 445 395 λοῦςι
470 342 555 394 διὰ
578 341 640 392 τὸ
663 340 914 403 τέςςαρας
939 337 1079 403 ἔχειν
1106 337 1416 402 δακτύλους,
1437 339 1469 403 ἢ
1487 339 1572 391 διὰ
1590 338 1653 392 τὸ
1680 337 1818 394 εἶναι

295 425 354 478 δ”
375 423 470 477 τοῦ
496 424 694 485 ποδός,
721 423 860 476 τινὲς
887 422 946 474 δὲ
969 422 1053 475 καὶ
1075 420 1254 487 τρίτον
1281 422 1367 475 διὰ
1391 422 1454 475 τὸ
1480 421 1616 477 εἶναι
1639 421 1703 486 γ”
1726 425 1818 488 τῆς

297 509 571 571 ςπιῖλαμῆς·
624 507 656 571 ἡ
690 507 793 571 γὰρ
830 506 1053 571 ςπιθαμὴ
1090 506 1208 571 τρία
1249 507 1471 573 τέταρτα
1507 506 1639 572 ἔχει,
1685 506 1716 560 ὁ
1757 507 1818 560 δὲ

239 606 265 645 5
295 592 432 644 ποὺς
461 591 698 656 τέςςαρα.

399 673 446 726 5.
485 675 543 728 Ἡ
571 675 720 740 διχὰς
745 675 805 727 δὲ
831 673 940 739 ἔχει
964 672 1253 726 παλαιςτὰς
1278 673 1404 738 δύο,
1435 673 1603 738 ἤγουν
1631 675 1818 728 δακτύ-

295 761 425 811 λους
450 757 590 812 ὀκτώ
618 757 938 827 [κονδύλους
965 756 1264 826 τέςςαρας],
1295 757 1379 810 καὶ
1403 759 1632 811 καλεῖται
1655 757 1818 823 δίμοι-

294 858 394 907 ρον
419 846 684 908 ςπιθαμῆς.
733 843 882 908 λιχὰς
917 843 977 895 δὲ
1011 842 1219 904 λέγεται
1248 842 1311 895 τὸ
1343 843 1454 896 τῶν
1492 842 1592 895 δύο
1633 843 1817 895 δακτύ-

293 927 406 980 λων
432 925 684 992 ἄνοιγμα,
716 930 813 980 τοῦ
845 925 1141 992 ἀντίχειρος
1167 926 1309 989 λέγω
1343 925 1427 978 καὶ
1450 929 1547 979 τοῦ
1572 928 1819 992 λιχανοῦ·

211 1022 264 1062 10
294 1012 457 1063 τοῦτο
482 1011 566 1063 καὶ
590 1010 920 1075 κυνόςτομον
946 1010 1162 1063 καλοῦςί
1184 1026 1336 1065 τινες.

398 1093 445 1146 6.
483 1093 543 1147 Ἡ
572 1095 795 1159 ςπιθαμὴ
823 1094 931 1159 ἔχει
954 1094 1242 1147 παλαιςτὰς
1265 1095 1420 1160 τρεῖς,
1436 1094 1606 1160 ἤγουν
1631 1086 1818 1167 δακτύ·

293 1178 422 1230 λους
447 1175 513 1242 ιβ’
536 1178 855 1246 [κονδύλους
882 1177 974 1245 ἕξ]

259 1328 261 1330 ,
403 1260 448 1312 7.
484 1261 543 1314 ‘O
575 1262 712 1314 ποὺς
744 1262 851 1327 ἔχει
878 1261 1135 1326 ςπιθαμὴν
1164 1260 1285 1326 μίαν
1309 1256 1387 1326 γ”7
1426 1261 1595 1326 ἤγουν
1630 1262 1818 1315 παλαι-

294 1344 417 1398 ςτὰς
442 1344 504 1409 δ’,
538 1345 857 1413 [κονδύλους
885 1344 1067 1413 ὀκτώ,]
1091 1345 1210 1411 ἤτοι
1234 1344 1527 1399 δακτύλους
1558 1339 1633 1405 ις’.

211 1438 262 1478 15
399 1428 445 1481 8.
482 1429 543 1483 ‘O
580 1432 752 1494 πῆχυς
794 1429 902 1495 ἔχει
943 1428 1116 1481 πόδας
1163 1429 1289 1493 δύο,
1346 1430 1516 1494 ἤγουν
1563 1430 1818 1494 ςπιθαμὰς

292 1512 392 1566 δύο
423 1511 523 1578 ω”,
548 1513 837 1566 παλαιςτὰς
863 1513 1020 1576 ὀκτώ,
1049 1512 1368 1581 [κονδύλους
1391 1512 1496 1582 ις’,]
1523 1514 1819 1567 δακτύλους

292 1595 387 1661 λβ’.

400 1679 446 1732 9.
485 1681 560 1734 Τό
588 1684 723 1747 βῆμα
749 1681 811 1733 τὸ
838 1681 1048 1735 ἁπλοῦν
1082 1681 1191 1747 ἔχει
1217 1681 1471 1746 ςπιθαμὰς
1500 1675 1634 1744 γ’γ”,
1660 1682 1693 1746 ἢ
1718 1681 1816 1733 πό-

293 1768 389 1817 δας
428 1760 530 1830 Bb,
573 1766 604 1830 ἣ
635 1766 921 1818 παλαιςτὰς
942 1761 986 1827 ι’,
1025 1765 1078 1833 [ἢ
1105 1765 1401 1819 κονδύλους
1436 1763 1521 1832 κ’,]
1565 1765 1597 1829 ἢ
1632 1765 1818 1818 δακτύ-

207 1857 263 1897 20
292 1850 421 1900 λους
446 1847 509 1913 μ’.
1582 1851 1585 1853 ’

408 2005 448 2045 1.
479 2014 603 2045 τινες
635 2016 720 2046 om.
751 2004 805 2046 V.
922 2006 961 2046 2.
992 2001 1206 2056 τὲςςαρες
1234 2004 1291 2044 ΡΒ
1404 2002 1433 2054 ἢ
1473 2001 1546 2045 διὰ
1584 2003 1643 2044 τὸ
1672 2017 1816 2058 usque

295 2073 353 2113 ad
389 2075 475 2124 τῆς
511 2074 739 2125 ςπιθαμῆς
779 2086 863 2114 om.
895 2074 1007 2115 P⁶V
1121 2074 1161 2116 5.
1197 2070 1409 2125 τέςςαρα]
1451 2066 1489 2113 δ’
1518 2075 1582 2114 pe
1697 2075 1736 2118 6.
1768 2073 1818 2115 δὲ

204 2153 210 2158 ’
294 2155 379 2183 om.
411 2143 526 2184 Pev
642 2142 893 2184 παλαιςτὰς
932 2141 988 2184 δύ
1001 2142 1018 2182 ’,
1041 2140 1134 2193 ἔχει
1163 2143 1227 2195 V,
1277 2141 1531 2184 παλαιςτὰς
1563 2135 1601 2193 β’
1630 2140 1724 2195 ἔχει
1752 2143 1817 2183 ΡΘ

293 2212 332 2252 7.
367 2209 518 2265 ὀκτώ]
551 2205 595 2264 η’
626 2212 724 2252 P⁸V
838 2209 1095 2253 κονδύλους
1126 2210 1345 2264 τέςςαρας
1376 2225 1461 2253 om.
1495 2211 1531 2252 C
1632 2211 1707 2253 καὶ
1739 2224 1816 2253 κα-

290 2279 458 2333 λεῖται]
510 2281 720 2322 καλεῖται
750 2280 799 2322 δὲ
826 2282 867 2322 V
980 2282 1021 2324 8.
1053 2279 1201 2334 λιχὰς]
1253 2279 1379 2332 διχὰς
1417 2281 1526 2322 libri
1639 2279 1743 2335 δύο]
1780 2277 1816 2332 β’

290 2351 348 2391 Ρθ
463 2352 503 2392 9.
546 2348 810 2402 ἀντιχείρου
839 2351 880 2393 V
910 2364 939 2391 a
978 2363 1069 2394 see.
1107 2364 1166 2391 m.
1286 2353 1353 2394 10.
1391 2352 1539 2392 τοῦτο
1575 2349 1700 2392 τινὲς
1738 2363 1816 2392 κα-

291 2419 419 2462 λοῡςι
447 2421 489 2462 V
605 2420 894 2472 κυνόςτομον
924 2421 990 2461 Le
1033 2421 1124 2472 (Wm
1153 2421 1381 2462 manuscrit
1417 2422 1556 2462 donne
1594 2419 1817 2464 κυνόςτο-

293 2500 402 2538 μον;
437 2491 559 2541 c'est,
582 2491 635 2542 je
666 2492 799 2540 crois,
833 2493 875 2531 la
904 2492 1020 2532 vraie
1051 2489 1222 2543 lepon’)‚
1255 2489 1563 2542 κοινόςτομον
1594 2489 1628 2530 C
1746 2493 1812 2532 11.

289 2556 458 2611 ἤγουν]
492 2558 520 2609 ἢ
542 2561 583 2602 V
698 2562 764 2602 12.
797 2554 870 2613 ιβ’]
905 2554 958 2602 ιε’
986 2561 1043 2602 pe
1130 2558 1387 2612 κονδύλους
1419 2558 1464 2601 ἕξ
1486 2573 1570 2602 om.
1595 2559 1630 2600 C
1747 2562 1814 2601 13.

293 2624 344 2667 ‘O
375 2640 460 2668 om.
491 2627 550 2669 Pd
663 2623 738 2683 γ”]
778 2629 854 2671 καὶ
883 2623 938 2680 γ”
967 2630 1038 2682 Pe,
1077 2630 1154 2671 καὶ
1185 2633 1230 2672 b,
1258 2630 1300 2671 V
1411 2626 1579 2681 ἤγουν]
1622 2628 1729 2679 ἤτοι
1758 2629 1817 2670 ΡΘ

294 2698 361 2740 14.
393 2696 647 2740 κονδύλους
679 2699 808 2741 ὀκτώ
849 2713 934 2743 om.
969 2699 1004 2740 O
1119 2697 1246 2751 ἤτοι]
1288 2697 1438 2749 ἤγουν
1467 2699 1524 2740 pe
1641 2701 1705 2742 15.
1738 2697 1810 2751 Ὁ]

294 2765 343 2807 Ἠ
375 2764 444 2806 Pd
558 2766 661 2820 δύο]
707 2762 742 2818 β’
772 2771 839 2810 ΡΘ
955 2767 1124 2822 ἤγουν]
1167 2768 1195 2820 ἢ
1236 2770 1301 2810 pe
1427 2771 1493 2810 16.
1534 2766 1638 2821 δύο]
1682 2762 1718 2819 β’
1747 2769 1814 2809 ΡΘ

293 2832 443 2888 ὀκτώ]
467 2830 510 2887 η’
531 2836 627 2876 P0V
675 2869 678 2870 γ
716 2837 970 2880 κονδύλους
1002 2833 1058 2884 ις’
1080 2853 1166 2882 om.
1190 2837 1223 2878 C
1314 2840 1380 2880 17.
1403 2831 1489 2891 λβ’]
1516 2831 1578 2879 λε’
1599 2838 1656 2878 ΡΘ
1745 2838 1813 2880 18.

289 2898 353 2959 γ’]
385 2907 511 2957 τρεῖς
542 2906 640 2947 P⁸V
725 2900 797 2959 γ”]
831 2906 994 2959 τρίτον
1013 2910 1054 2951 V
1171 2911 1237 2953 19.
1269 2907 1299 2960 ἢ
1331 2905 1587 2950 κονδύλους
1609 2900 1649 2949 κ’
1669 2920 1755 2950 om.
1777 2906 1813 2947 O
