1946 3220
1657 0 1662 2 γ
1735 15 1737 17 ¹
1771 0 1805 5 ,-,.
1822 0 1941 138 'Af-³

302 125 408 180 202
695 142 1008 179 FRAGMENTA
1044 141 1117 174 Du
1156 139 1419 176 MENsmus
1636 124 1728 192 [18.
1754 120 1843 201 19}
1892 147 1933 197 33

391 767 474 828 H.
556 766 946 847 Fragmenta
996 758 1074 826 dc
1118 766 1431 828 mensuris
1480 766 1742 830 cubicis.

788 878 921 932 (Vide
951 878 1065 933 prol.
1098 881 1122 931 ξ
1153 881 1221 922 38.
1254 878 1342 934 39.)

309 1018 393 1072 18.
437 1018 685 1070 Mensura
713 1019 867 1069 navis
892 1034 958 1069 ex
982 1017 1207 1070 Heronis
1231 1019 1610 1071 introductione
1636 1024 1827 1071 stereo-
1899 1026 1946 1103 '-

946 1103 1178 1154 metrica.
1222 1151 1225 1156 ,

248 1214 277 1256 5
413 1202 623 1254 Πλοῑον
655 1198 719 1252 οὗ
755 1200 817 1252 τὸ
853 1200 947 1264 μὲν
980 1203 1145 1264 μῆκος
1178 1203 1367 1266 πηχῶν
1394 1200 1488 1265 κδ’,
1523 1200 1555 1265 ἡ
1591 1201 1651 1254 δὲ
1690 1201 1832 1267 βάςις

307 1288 498 1352 πηχῶν
527 1284 589 1347 ς’,
629 1284 660 1348 ἡ
697 1285 756 1336 δὲ
783 1284 927 1337 κάτω
964 1284 1107 1350 βάςις
1143 1288 1334 1350 πηχῶν
1371 1284 1440 1337 δ’·
1484 1284 1658 1351 εὑρεῖν
1695 1285 1833 1338 πόςα

307 1369 527 1435 κεράμια
549 1370 736 1434 χωρεῖ·
767 1358 907 1422 ποίει
935 1368 1132 1422 οὕτως·
1155 1370 1253 1434 τὴν
1284 1368 1430 1434 βάςιν
1456 1369 1543 1422 ἐπὶ
1562 1370 1657 1434 τὴν
1686 1369 1832 1435 βάςιν

306 1454 547 1516 γίνονται
580 1447 680 1506 κδ’·
706 1456 872 1506 ταῦτα
907 1453 1066 1506 πάλιν
1101 1453 1188 1505 ἐπὶ
1211 1453 1277 1505 τὰ
1305 1451 1382 1505 κδ’
1406 1455 1503 1506 τοῦ
1531 1453 1729 1517 μήκους
1755 1453 1831 1516 γί-

307 1555 494 1592 νονται
520 1536 670 1604 φος’·
695 1536 907 1591 τούτων
933 1536 1014 1590 ἀεὶ
1036 1537 1098 1590 τὸ
1123 1535 1185 1599 γ”
1201 1553 1212 1565 ·
1235 1537 1475 1599 γίνονται
1501 1536 1641 1603 pQss'·
1667 1539 1833 1591 ταῦτα

226 1637 279 1677 10
309 1622 496 1676 ςύνθες
527 1621 657 1686 μετὰ
680 1623 790 1674 τῶν
828 1620 953 1687 φος’
967 1637 976 1649 ·
1011 1621 1252 1683 γίνονται
1277 1620 1415 1686 ψξη’,
1449 1620 1587 1685 ἅπερ
1624 1620 1716 1674 εἰςὶ
1749 1638 1832 1675 κε-

308 1706 489 1772 ράμια·
514 1707 681 1771 χωρεῖ
706 1706 764 1758 δὲ
789 1706 851 1758 τὸ
877 1705 1127 1770 κεράμιον
1153 1705 1370 1769 μοδίους
1396 1703 1447 1757 ι’·
1472 1705 1713 1767 γίνονται
1738 1706 1830 1770 μό-

310 1794 414 1843 διοι
438 1788 598 1861 Ιζχπ’·
632 1789 923 1842 τοςούτους
952 1787 1170 1854 μοδίους
1196 1791 1362 1854 χωρεῖ
1388 1788 1451 1841 τὸ
1478 1790 1687 1842 πλοῖον.

381 1970 465 2023 19.
524 1970 775 2022 Mensura
800 1970 929 2023 dolii
951 1987 1017 2022 esc
1044 1970 1215 2022 altera
1241 1971 1539 2023 collectione
1563 1977 1755 2022 stereo-

952 2056 1185 2106 metrica.

201 2150 280 2208 ¹15
412 2151 689 2204 Πιθοειδὲς
726 2155 894 2217 ςχῆμα
932 2152 1294 2217 μετρήςωμεν,
1334 2150 1399 2204 οὗ
1431 2152 1463 2216 ἡ
1500 2152 1595 2216 μὲν
1635 2150 1828 2216 μείζων

309 2234 586 2300 διάμετρος
622 2238 810 2289 ποδῶν
848 2235 911 2300 δ’,
955 2236 988 2300 ἡ
1023 2236 1083 2288 δὲ
1119 2235 1400 2301 μικροτέρα
1438 2238 1627 2288 ποδῶν
1668 2233 1734 2299 γ’,
1768 2235 1831 2288 τὸ

309 2319 451 2385 ὕψος
487 2321 675 2372 ποδῶν
713 2316 774 2372 Θ’.
826 2320 999 2384 εὑρεῖν
1037 2319 1238 2372 πόςους
1272 2320 1499 2385 χωρήςει
1533 2318 1833 2384 ἀμφορέας·

308 2406 449 2456 ποιῶ
480 2403 677 2456 οὕτως·
709 2406 931 2457 ςυντιθῶ
962 2403 1057 2457 τὰς
1093 2403 1191 2456 δύο
1223 2404 1560 2468 διαμέτρους·
1593 2403 1835 2465 γίνονται
1894 2467 1897 2469 Α

311 2487 375 2541 Ζ’·
411 2487 490 2541 ὧν
515 2488 577 2540 τὸ
601 2498 633 2540 5
660 2487 900 2550 γίνονταί
925 2487 972 2550 γ’
996 2497 1054 2540 s·
1092 2491 1259 2541 ταῦτα
1281 2487 1378 2553 ἐφ’
1404 2487 1566 2540 ἑαυτὰ
1591 2487 1834 2549 γίνονται

227 2584 282 2624 20
311 2570 474 2623 πόδες
498 2570 563 2636 ιβ’
588 2570 668 2623 δ”·
707 2573 874 2624 ταῦτα
908 2571 1175 2625 ἑνδεκάκις
1209 2571 1450 2634 γίνονται
1487 2569 1620 2635 ρλε’·
1659 2569 1738 2623 ὧν
1769 2570 1833 2622 τὸ

313 2652 390 2704 ιδ”
413 2653 653 2715 γἰνονται
676 2656 839 2709 πόδες
864 2654 910 2708 θ’
932 2665 964 2707 5
991 2654 1070 2710 ζ”·
1093 2658 1259 2709 ταῦτα
1284 2655 1420 2720 πρὸς
1444 2655 1507 2707 τὸ
1537 2654 1678 2719 ὕψος
1703 2653 1832 2707 ἀνα-

311 2735 489 2797 λόγως
512 2740 608 2789 τοῦ
635 2739 679 2790 Θ’
703 2739 943 2801 γίνονται
968 2739 1055 2799 πς’
1079 2749 1111 2793 5
1141 2734 1198 2794 Ζ”
1222 2737 1301 2794 ζ”.·
1342 2738 1633 2792 τοςούτους
1658 2736 1831 2802 ἀμφο-

312 2819 438 2882 ρέας
479 2823 657 2884 χωρεῖ.
722 2822 830 2886 ἔχει
867 2825 925 2877 δὲ
958 2823 989 2877 ὁ
1029 2823 1304 2889 ἀμφορεὺς
1340 2823 1519 2877 ξέςτας
1552 2820 1833 2874 Ἰταλικοὺς

313 2901 515 2971 ἀριθμῷ
544 2901 639 2967 μη’.
