1946 3220
557 152 876 189 SCRIPTORES
914 152 1170 193 amcos.
1592 137 1624 190 7

98 268 252 330 paullo
292 268 548 328 longiorem
591 270 668 328 qui
707 269 862 327 regius
899 268 1142 316 vocabatur
1175 268 1412 331 Aegyptiis
1449 267 1495 314 in
1537 283 1626 316 usu

98 339 239 386 fuisse
284 339 397 386 satis
434 344 614 385 constat
650 334 696 399 (3
726 338 810 398 16).
872 338 982 385 Cum
1017 353 1120 385 vero
1155 339 1470 397 Ptolemaeus,
1514 339 1627 399 Lagi

98 409 244 468 filius,
280 410 474 471 Aegypti
499 423 644 471 regno
679 410 937 471 potiretur,
977 410 1063 456 etsi
1095 411 1239 471 ipsam
1275 410 1416 458 cubiti
1444 424 1626 458 mensu-

97 495 193 527 ram
221 480 459 527 immutare
484 495 575 527 non
602 495 740 527 ausus
767 487 861 539 est,
896 487 1042 526 tamen
1072 488 1117 527 et
1142 496 1302 528 novam
1331 482 1429 528 eius
1457 481 1626 528 descri-

97 551 301 612 ptionem
335 551 469 608 fecit,
507 565 622 612 quae
655 566 846 612 prorsus
878 552 1212 599 accommodata
1240 560 1360 599 esset
1398 553 1452 599 ad
1490 553 1627 598 Grae·

95 636 193 668 cam
217 623 618 680 consuetudinem,
653 630 698 669 et
732 637 968 669 mensuras
995 623 1210 684 quasdam
1231 623 1470 685 Aegyptiis
1498 629 1629 669 antea

96 694 304 753 ignotas,
336 699 387 739 ut
410 693 642 755 plethrum
671 702 716 740 et
739 694 959 750 stadium,
988 690 1215 756 addidit¹).
1270 694 1394 740 Unde
1424 694 1627 745 cubitum

96 764 398 824 Aegyptium,
436 765 514 824 qui
543 765 745 812 differret
771 779 796 810 a
822 764 996 825 vulgari
1023 764 1296 811 Graecorum
1322 779 1434 822 usu,
1475 763 1628 810 Ptole·

96 835 290 880 maicum
326 834 554 895 appellare
593 842 859 896 coeperunt.
933 836 1084 896 Atque
1121 834 1209 882 hoc
1244 835 1425 895 quidem
1461 848 1628 880 nomen

96 906 286 951 maxime
314 906 604 952 memorabile
625 912 771 952 exstat
789 906 835 951 in
861 905 941 952 illo
964 906 1135 967 Didymi
1161 905 1452 952 Alexandrini
1471 903 1626 951 libello

97 989 232 1036 quem
252 976 307 1022 de
328 976 553 1022 mensuris
576 991 851 1023 marmorum
877 983 922 1022 et
947 977 1180 1037 lignorum
1206 977 1408 1037 scripsit,
1435 976 1491 1022 de
1518 989 1627 1036 quo,

96 1061 198 1093 cum
225 1046 279 1093 ab
308 1048 395 1094 hoc
423 1047 526 1094 loco
557 1046 753 1094 alienum
782 1049 856 1106 sit,
886 1048 1004 1094 infra
1028 1046 1076 1107 (5
1099 1046 1168 1107 14)
1196 1047 1382 1094 uberius
1408 1047 1625 1093 dicemus.

95 1116 184 1162 Sed
209 1117 352 1164 electa
382 1118 599 1178 quaedam
636 1133 688 1165 ex
720 1133 775 1165 eo
810 1120 909 1179 ipso
946 1117 1134 1177 libello,
1168 1132 1225 1163 ne
1258 1117 1468 1164 omnibus
1505 1118 1628 1178 frag-

94 1189 259 1234 mentis
296 1189 612 1249 metrologicis
649 1191 695 1235 in
724 1204 863 1235 unum
894 1204 1062 1250 corpus
1088 1189 1283 1236 redactis
1311 1188 1628 1250 gravissimum

96 1260 414 1305 testimonium
448 1260 615 1306 iniuria
653 1260 812 1307 abesse
840 1261 1091 1318 videretur,
1124 1262 1169 1306 in
1195 1266 1445 1320 conspectu
1471 1259 1629 1320 posui-

95 1344 211 1376 mus.
266 1329 387 1385 Quae
413 1331 595 1391 quidem
623 1332 765 1378 electa
790 1346 870 1378 cur
898 1331 1268 1392 praemiserimus
1296 1330 1461 1377 tabulis
1487 1329 1630 1375 Hero-

95 1401 270 1459 nianis,
308 1407 472 1462 postea
497 1402 609 1448 satis
636 1402 1042 1448 demonstrabitur.
1100 1402 1218 1448 Haec
1251 1402 1394 1461 igitur
1418 1401 1630 1462 Didymea

97 1471 142 1516 in
168 1478 329 1517 nostro
366 1472 485 1518 libro
524 1474 810 1534 excipiuntur
847 1473 1116 1534 fragmentis
1152 1472 1422 1518 Heronianis
1464 1470 1629 1532 quibus

19 1542 24 1548 '
95 1542 210 1588 nihil
242 1543 580 1590 memorabilius
616 1550 763 1591 exstat
797 1544 854 1590 ad
891 1550 1093 1590 veterum
1123 1557 1361 1590 mensuras
1394 1548 1630 1603 porrectas

96 1614 450 1673 cognoscendas.
499 1616 648 1676 Atque
675 1615 886 1677 equidem
911 1629 1013 1661 cum
1042 1615 1097 1662 ad
1121 1615 1167 1660 id
1195 1621 1515 1675 argumentum
1540 1613 1631 1658 dis-

93 1683 342 1730 ficillimum
363 1686 674 1746 pervenerim,
707 1686 826 1732 unde
850 1686 1031 1732 initium
1055 1686 1317 1748 disputandi
1342 1686 1528 1742 faciam,
1555 1684 1631 1729 ad-

94 1755 278 1801 modum
306 1756 508 1816 ambigo:
551 1757 631 1803 sed
660 1763 808 1803 tamen
831 1757 922 1804 hoc
951 1758 1151 1818 primum
1187 1749 1632 1803 commemorandum

95 1825 274 1871 videtur
300 1827 355 1872 ad
380 1827 572 1873 eundem
597 1827 802 1874 cubitum
826 1827 1150 1874 Ptolemaicum
1190 1834 1326 1887 atque
1353 1826 1473 1887 apud
1500 1825 1632 1886 Didy-

94 1910 219 1942 mum
255 1897 301 1942 in
338 1898 648 1943 vetustissimo
685 1911 739 1944 ex
774 1898 845 1943 his
888 1899 1156 1958 fragmentis
1196 1911 1353 1943 omnes
1394 1909 1631 1942 mensuras

97 1966 300 2026 definiri,
334 1982 499 2014 nomen
525 1975 676 2015 tamen
704 1969 843 2015 cubiti
870 1969 990 2014 aliud
1017 1983 1146 2026 esse,
1179 1968 1348 2028 quippe
1383 1968 1461 2028 qui
1490 1972 1535 2012 et
1561 1980 1632 2012 re-

96 2041 199 2099 gius
237 2038 412 2085 dicatur
442 2045 487 2084 et
515 2039 853 2096 Pliiletaereus3
900 2045 1136 2100 praeterea
1180 2044 1331 2085 autem
1366 2038 1411 2084 in
1453 2037 1633 2083 easdem

97 2108 272 2155 tabulas
300 2110 457 2170 pedem
482 2109 687 2157 Italicum
712 2118 758 2156 et
781 2111 1016 2170 iugerum,
1043 2111 1351 2156 Romanorum
1375 2121 1630 2165 mensuras,

96 2187 302 2240 receptas
330 2195 445 2226 esse.
485 2179 605 2235 Quae
637 2196 739 2227 cum
765 2181 1083 2242 praemisimus
1112 2195 1216 2227 mox
1242 2180 1298 2226 ad
1323 2179 1511 2225 eandem
1535 2191 1632 2224 rem

95 2251 315 2308 redituri,
342 2251 430 2298 iam
456 2252 510 2298 de
537 2252 712 2312 origine
740 2253 904 2299 horum
930 2253 1292 2312 fragmentorum
1320 2263 1540 2312 quaerere
1565 2249 1634 2294 in-

97 2322 354 2367 stituamus.
1125 2336 1126 2339 ¹

446 2445 710 2495 Quaestionis
740 2449 792 2488 de
822 2447 1071 2488 Heronibus
1102 2447 1275 2486 inicium.

203 2533 364 2578 Totius
402 2539 553 2579 autem
587 2534 908 2594 disputationis
952 2534 1130 2579 initium
1176 2532 1274 2578 fieri
1317 2530 1449 2578 debet
1484 2530 1539 2577 ab
1578 2544 1630 2575 ea
1661 2546 1692 2592 4

98 2605 388 2662 quaestione,
425 2605 628 2664 quisnam
661 2604 736 2650 ille
761 2604 878 2650 Hero
903 2604 1034 2651 cuius
1065 2603 1249 2648 nomine
1287 2602 1372 2648 hae
1409 2600 1631 2662 reliquiae

98 2673 412 2720 inscribuntur
444 2674 587 2720 fuisse
622 2675 839 2720 videatur.
898 2677 960 2720 Ac
993 2674 1242 2720 multorum
1273 2673 1455 2734 quidem
1488 2671 1632 2718 Hero-

214 2853 255 2905 1)
288 2854 327 2894 A
347 2855 492 2908 primo
513 2853 783 2896 Ptolemaeo
806 2867 914 2908 rege
944 2854 1062 2895 haec
1094 2854 1308 2895 instituta
1339 2865 1442 2894 esse
1473 2854 1633 2895 nostra

100 2914 171 2951 est
202 2912 491 2964 coniectura,
532 2911 588 2952 de
621 2925 709 2964 qua
739 2910 845 2952 vide
877 2909 1179 2952 Fleckeiseni
1207 2909 1411 2951 Annales
1446 2907 1498 2950 eo
1530 2906 1633 2947 loco

101 2979 232 3020 quem
262 2968 286 3017 ξ
320 2969 371 3008 16
404 2968 508 3009 adn.
540 2970 566 3009 2
600 2972 711 3009 extr.
746 2968 1003 3011 citabimus.
