<?xml version="1.0" encoding="UTF-8"?>
<!DOCTYPE html PUBLIC "-//W3C//DTD XHTML 1.0 Transitional//EN"
    "http://www.w3.org/TR/xhtml1/DTD/xhtml1-transitional.dtd">
<html xmlns="http://www.w3.org/1999/xhtml" xml:lang="en" lang="en">
 <head>
  <title>
</title>
<meta http-equiv="Content-Type" content="text/html;charset=utf-8" />
  <meta name='ocr-system' content='tesseract 3.04.00' />
  <meta name='ocr-capabilities' content='ocr_page ocr_carea ocr_par ocr_line ocrx_word'/>
</head>
<body>
  <div class='ocr_page' id='page_1' title='image "./metrologicorumsc01hultuoft_0376.png"; bbox 0 0 1946 3220; ppageno 0'>
   <div class='ocr_carea' id='block_1_1' title="bbox 241 137 1861 219">
    <p class='ocr_par' dir='ltr' id='par_1_1' title="bbox 241 114 1871 219">
     <span class='ocr_line' id='line_1_1' title="bbox 241 137 1861 219; baseline -0.001 -21"><span class='ocrx_word' id='word_1_1' title='bbox 241 148 348 203; x_wconf 87' lang='lat'>348</span> <span class='ocrx_word' id='word_1_2' title='bbox 843 163 1163 198; x_wconf 70' lang='lat' dir='ltr'><strong>FRAGMENTA</strong></span> <span class='ocrx_word' id='word_1_3' title='bbox 1642 140 1787 219; x_wconf 69' lang='lat'>[107]</span> <span class='ocrx_word' id='word_1_4' title='bbox 1805 137 1861 216; x_wconf 48' lang='grc' dir='ltr'>Ῑῖ·</span> 
     </span>
    </p>
   </div>
   <div class='ocr_carea' id='block_1_2' title="bbox 153 269 1937 2534">
    <p class='ocr_par' dir='ltr' id='par_1_2' title="bbox 153 269 1937 2534">
     <span class='ocr_line' id='line_1_2' title="bbox 351 269 1775 340; baseline 0.001 -12"><span class='ocrx_word' id='word_1_5' title='bbox 351 274 582 340; x_wconf 82' lang='grc' dir='ltr'>Ἀχάναι,</span> <span class='ocrx_word' id='word_1_6' title='bbox 610 273 796 326; x_wconf 86' lang='grc' dir='ltr'>ςκεῦος</span> <span class='ocrx_word' id='word_1_7' title='bbox 826 269 1240 338; x_wconf 75' lang='grc' dir='ltr'>εἰς’ἑπιςιτιςμὸν</span> <span class='ocrx_word' id='word_1_8' title='bbox 1272 272 1548 338; x_wconf 76' lang='grc' dir='ltr'>χρήςιμον’</span> <span class='ocrx_word' id='word_1_9' title='bbox 1574 273 1775 339; x_wconf 88' lang='grc' dir='ltr'>εἴρηται</span> 
     </span>
     <span class='ocr_line' id='line_1_3' title="bbox 243 355 1937 427; baseline 0 -14"><span class='ocrx_word' id='word_1_10' title='bbox 243 359 389 424; x_wconf 89' lang='grc' dir='ltr'>παρὰ</span> <span class='ocrx_word' id='word_1_11' title='bbox 413 358 476 411; x_wconf 89' lang='grc' dir='ltr'>τὸ</span> <span class='ocrx_word' id='word_1_12' title='bbox 503 355 734 422; x_wconf 88' lang='grc' dir='ltr'>χαίνειν,</span> <span class='ocrx_word' id='word_1_13' title='bbox 763 355 900 422; x_wconf 86' lang='grc' dir='ltr'>χάνη</span> <span class='ocrx_word' id='word_1_14' title='bbox 922 356 1007 410; x_wconf 84' lang='grc' dir='ltr'>καὶ</span> <span class='ocrx_word' id='word_1_15' title='bbox 1033 355 1232 427; x_wconf 77' lang='grc' dir='ltr'>ἀχάνη,</span> <span class='ocrx_word' id='word_1_16' title='bbox 1257 359 1357 411; x_wconf 83' lang='grc' dir='ltr'>τοῦ</span> <span class='ocrx_word' id='word_1_17' title='bbox 1383 373 1417 410; x_wconf 89' lang='grc' dir='ltr'>α</span> <span class='ocrx_word' id='word_1_18' title='bbox 1441 357 1774 413; x_wconf 83' lang='grc' dir='ltr'>ἑπιτακτικοῢ</span> <span class='ocrx_word' id='word_1_19' title='bbox 1934 418 1937 426; x_wconf 58' lang='grc'><em>,</em></span> 
     </span>
     <span class='ocr_line' id='line_1_4' title="bbox 243 441 1890 507; baseline -0.002 -10"><span class='ocrx_word' id='word_1_20' title='bbox 243 441 567 507; x_wconf 86' lang='grc' dir='ltr'>νοουμένου.</span> <span class='ocrx_word' id='word_1_21' title='bbox 1828 490 1890 502; x_wconf 43' lang='lat' dir='ltr'>l„</span> 
     </span>
     <span class='ocr_line' id='line_1_5' title="bbox 352 514 1937 591; baseline 0.001 -13"><span class='ocrx_word' id='word_1_22' title='bbox 352 525 482 590; x_wconf 88' lang='grc' dir='ltr'>Γύης</span> <span class='ocrx_word' id='word_1_23' title='bbox 517 524 600 578; x_wconf 86' lang='grc' dir='ltr'>καὶ</span> <span class='ocrx_word' id='word_1_24' title='bbox 636 524 833 590; x_wconf 87' lang='grc' dir='ltr'>μέτρον</span> <span class='ocrx_word' id='word_1_25' title='bbox 867 542 913 578; x_wconf 89' lang='grc' dir='ltr'>τι</span> <span class='ocrx_word' id='word_1_26' title='bbox 947 527 1043 590; x_wconf 84' lang='grc' dir='ltr'>γῆς</span> <span class='ocrx_word' id='word_1_27' title='bbox 1077 525 1160 578; x_wconf 86' lang='grc' dir='ltr'>καὶ</span> <span class='ocrx_word' id='word_1_28' title='bbox 1194 525 1355 591; x_wconf 90' lang='grc' dir='ltr'>μέρος</span> <span class='ocrx_word' id='word_1_29' title='bbox 1387 523 1644 591; x_wconf 86' lang='grc' dir='ltr'>ἀρότρου·</span> <span class='ocrx_word' id='word_1_30' title='bbox 1689 526 1779 580; x_wconf 80' lang='grc' dir='ltr'>καὶ</span> <span class='ocrx_word' id='word_1_31' title='bbox 1879 544 1881 546; x_wconf 89' lang='grc'><strong><em>·</em></strong></span> <span class='ocrx_word' id='word_1_32' title='bbox 1932 514 1937 519; x_wconf 61' lang='grc'>’</span> 
     </span>
     <span class='ocr_line' id='line_1_6' title="bbox 185 608 1774 677; baseline -0.001 -12"><span class='ocrx_word' id='word_1_33' title='bbox 185 623 211 665; x_wconf 85' lang='grc'>5</span> <span class='ocrx_word' id='word_1_34' title='bbox 240 612 338 664; x_wconf 85' lang='grc' dir='ltr'>τοῦ</span> <span class='ocrx_word' id='word_1_35' title='bbox 364 611 459 675; x_wconf 79' lang='grc' dir='ltr'>μὲν</span> <span class='ocrx_word' id='word_1_36' title='bbox 487 608 737 674; x_wconf 85' lang='grc' dir='ltr'>μέμνηται</span> <span class='ocrx_word' id='word_1_37' title='bbox 760 609 998 674; x_wconf 90' lang='grc' dir='ltr'>Ὅμηρος</span> <span class='ocrx_word' id='word_1_38' title='bbox 1025 609 1084 664; x_wconf 82' lang='grc' dir='ltr'>ἑν</span> <span class='ocrx_word' id='word_1_39' title='bbox 1121 610 1381 674; x_wconf 80' lang='grc' dir='ltr'>ςυνθέςει,</span> <span class='ocrx_word' id='word_1_40' title='bbox 1414 611 1774 677; x_wconf 89' lang='grc' dir='ltr'>πεντηκοντό-</span> 
     </span>
     <span class='ocr_line' id='line_1_7' title="bbox 237 693 1778 760; baseline 0.002 -13"><span class='ocrx_word' id='word_1_41' title='bbox 237 710 393 759; x_wconf 78' lang='grc' dir='ltr'>γυον,</span> <span class='ocrx_word' id='word_1_42' title='bbox 409 694 742 758; x_wconf 86' lang='grc' dir='ltr'>πεντήκοντα</span> <span class='ocrx_word' id='word_1_43' title='bbox 764 697 934 759; x_wconf 83' lang='grc' dir='ltr'>γυῶν,</span> <span class='ocrx_word' id='word_1_44' title='bbox 959 693 989 746; x_wconf 91' lang='grc' dir='ltr'>ὅ</span> <span class='ocrx_word' id='word_1_45' title='bbox 1015 694 1118 748; x_wconf 81' lang='grc' dir='ltr'>ἐςτι</span> <span class='ocrx_word' id='word_1_46' title='bbox 1137 694 1473 759; x_wconf 88' lang='grc' dir='ltr'>πεντήκοντα</span> <span class='ocrx_word' id='word_1_47' title='bbox 1498 695 1747 760; x_wconf 87' lang='grc' dir='ltr'>πλέθρων</span> <span class='ocrx_word' id='word_1_48' title='bbox 1763 709 1778 724; x_wconf 77' lang='grc'><em>·</em></span> 
     </span>
     <span class='ocr_line' id='line_1_8' title="bbox 238 777 1606 844; baseline 0.001 -13"><span class='ocrx_word' id='word_1_49' title='bbox 238 777 340 843; x_wconf 84' lang='grc' dir='ltr'>γύη</span> <span class='ocrx_word' id='word_1_50' title='bbox 367 777 470 844; x_wconf 86' lang='grc' dir='ltr'>γὰρ</span> <span class='ocrx_word' id='word_1_51' title='bbox 495 778 690 843; x_wconf 88' lang='grc' dir='ltr'>μέτρον</span> <span class='ocrx_word' id='word_1_52' title='bbox 714 781 826 842; x_wconf 85' lang='grc' dir='ltr'>γῆς.</span> <span class='ocrx_word' id='word_1_53' title='bbox 863 777 913 831; x_wconf 82' lang='grc' dir='ltr'>οἱ</span> <span class='ocrx_word' id='word_1_54' title='bbox 939 779 997 832; x_wconf 81' lang='grc' dir='ltr'>δὲ</span> <span class='ocrx_word' id='word_1_55' title='bbox 1024 779 1360 844; x_wconf 91' lang='grc' dir='ltr'>πεντήκοντα</span> <span class='ocrx_word' id='word_1_56' title='bbox 1385 782 1606 842; x_wconf 82' lang='grc' dir='ltr'>ζευγῶν.</span> 
     </span>
     <span class='ocr_line' id='line_1_9' title="bbox 347 862 1775 930; baseline 0.001 -14"><span class='ocrx_word' id='word_1_57' title='bbox 347 862 604 927; x_wconf 90' lang='grc' dir='ltr'>Δανάκης</span> <span class='ocrx_word' id='word_1_58' title='bbox 653 862 970 929; x_wconf 89' lang='grc' dir='ltr'>νομίςματός</span> <span class='ocrx_word' id='word_1_59' title='bbox 1022 863 1160 918; x_wconf 79' lang='grc' dir='ltr'>ἐςτιν</span> <span class='ocrx_word' id='word_1_60' title='bbox 1210 863 1384 929; x_wconf 90' lang='grc' dir='ltr'>ὄνομα</span> <span class='ocrx_word' id='word_1_61' title='bbox 1432 863 1775 930; x_wconf 77' lang='grc' dir='ltr'>βαρβαρικόν,</span> 
     </span>
     <span class='ocr_line' id='line_1_10' title="bbox 238 947 1775 1014; baseline 0.001 -13"><span class='ocrx_word' id='word_1_62' title='bbox 238 947 410 1002; x_wconf 88' lang='grc' dir='ltr'>πλέον</span> <span class='ocrx_word' id='word_1_63' title='bbox 448 947 680 1013; x_wconf 83' lang='grc' dir='ltr'>ὀβολοῦ,</span> <span class='ocrx_word' id='word_1_64' title='bbox 713 947 744 999; x_wconf 91' lang='grc' dir='ltr'><strong><em>ὃ</em></strong></span> <span class='ocrx_word' id='word_1_65' title='bbox 769 950 883 1001; x_wconf 87' lang='grc' dir='ltr'>τοῖς</span> <span class='ocrx_word' id='word_1_66' title='bbox 907 950 1120 1013; x_wconf 84' lang='grc' dir='ltr'>νεκροῖς</span> <span class='ocrx_word' id='word_1_67' title='bbox 1155 949 1215 1003; x_wconf 83' lang='grc' dir='ltr'>ἐν</span> <span class='ocrx_word' id='word_1_68' title='bbox 1248 950 1362 1003; x_wconf 84' lang='grc' dir='ltr'>τοῖς</span> <span class='ocrx_word' id='word_1_69' title='bbox 1396 949 1640 1014; x_wconf 86' lang='grc' dir='ltr'>ςτόμαςιν</span> <span class='ocrx_word' id='word_1_70' title='bbox 1672 947 1775 1002; x_wconf 73' lang='grc' dir='ltr'>ἐτί-</span> 
     </span>
     <span class='ocr_line' id='line_1_11' title="bbox 156 1032 1771 1098; baseline 0.001 -13"><span class='ocrx_word' id='word_1_71' title='bbox 156 1043 210 1086; x_wconf 85' lang='grc'>10</span> <span class='ocrx_word' id='word_1_72' title='bbox 241 1037 414 1087; x_wconf 90' lang='grc' dir='ltr'>θεςαν.</span> <span class='ocrx_word' id='word_1_73' title='bbox 473 1032 825 1098; x_wconf 90' lang='grc' dir='ltr'>Καλλίμαχος·</span> <span class='ocrx_word' id='word_1_74' title='bbox 859 1032 1119 1087; x_wconf 54' lang='grc' dir='ltr'>θτοῦνεκα</span> <span class='ocrx_word' id='word_1_75' title='bbox 1152 1033 1237 1086; x_wconf 89' lang='grc' dir='ltr'>καὶ</span> <span class='ocrx_word' id='word_1_76' title='bbox 1261 1034 1448 1086; x_wconf 87' lang='grc' dir='ltr'>νέκυες</span> <span class='ocrx_word' id='word_1_77' title='bbox 1473 1033 1771 1098; x_wconf 90' lang='grc' dir='ltr'>πορθμήιον</span> 
     </span>
     <span class='ocr_line' id='line_1_12' title="bbox 241 1116 1794 1194; baseline 0.001 -24"><span class='ocrx_word' id='word_1_78' title='bbox 241 1116 357 1170; x_wconf 85' lang='grc' dir='ltr'>οὔτι</span> <span class='ocrx_word' id='word_1_79' title='bbox 377 1116 639 1183; x_wconf 88' lang='grc' dir='ltr'>φέρονται</span> <span class='ocrx_word' id='word_1_80' title='bbox 670 1116 872 1182; x_wconf 41' lang='grc' dir='ltr'>ἢμούνη</span> <span class='ocrx_word' id='word_1_81' title='bbox 903 1117 1229 1171; x_wconf 78' lang='grc' dir='ltr'>ἐπιπτολίων</span> <span class='ocrx_word' id='word_1_82' title='bbox 1251 1116 1341 1170; x_wconf 92' lang='grc' dir='ltr'>ὅτε</span> <span class='ocrx_word' id='word_1_83' title='bbox 1369 1117 1794 1194; x_wconf 59' lang='grc' dir='ltr'>θυμιονηςέμενῇ-</span> 
     </span>
     <span class='ocr_line' id='line_1_13' title="bbox 240 1200 1774 1268; baseline 0.001 -14"><span class='ocrx_word' id='word_1_84' title='bbox 240 1201 591 1255; x_wconf 88' lang='grc' dir='ltr'>ἀλλουςάνοις</span> <span class='ocrx_word' id='word_1_85' title='bbox 642 1200 700 1253; x_wconf 83' lang='grc' dir='ltr'>ἐκ</span> <span class='ocrx_word' id='word_1_86' title='bbox 749 1202 1051 1267; x_wconf 89' lang='grc' dir='ltr'>ςτομάτεςςι</span> <span class='ocrx_word' id='word_1_87' title='bbox 1105 1203 1245 1255; x_wconf 85' lang='grc' dir='ltr'>νεὼς</span> <span class='ocrx_word' id='word_1_88' title='bbox 1295 1201 1634 1268; x_wconf 85' lang='grc' dir='ltr'>Ἀχερουςίας</span> <span class='ocrx_word' id='word_1_89' title='bbox 1685 1201 1774 1255; x_wconf 78' lang='grc' dir='ltr'>ἐπὶ</span> 
     </span>
     <span class='ocr_line' id='line_1_14' title="bbox 242 1284 1772 1352; baseline 0.001 -14"><span class='ocrx_word' id='word_1_90' title='bbox 242 1285 441 1351; x_wconf 86' lang='grc' dir='ltr'>βάθρον</span> <span class='ocrx_word' id='word_1_91' title='bbox 476 1284 786 1351; x_wconf 46' lang='grc' dir='ltr'>δανάκηςᾮ</span> <span class='ocrx_word' id='word_1_92' title='bbox 815 1317 885 1325; x_wconf 89' lang='grc'><strong>-</strong></span> <span class='ocrx_word' id='word_1_93' title='bbox 925 1286 1232 1352; x_wconf 87' lang='grc' dir='ltr'>Ἀχερουςία</span> <span class='ocrx_word' id='word_1_94' title='bbox 1266 1286 1326 1339; x_wconf 89' lang='grc' dir='ltr'>δέ</span> <span class='ocrx_word' id='word_1_95' title='bbox 1367 1286 1473 1339; x_wconf 82' lang='grc' dir='ltr'>ἐςτι</span> <span class='ocrx_word' id='word_1_96' title='bbox 1514 1285 1666 1350; x_wconf 88' lang='grc' dir='ltr'>λίμνη</span> <span class='ocrx_word' id='word_1_97' title='bbox 1711 1285 1772 1340; x_wconf 79' lang='grc' dir='ltr'>ἐν</span> 
     </span>
     <span class='ocr_line' id='line_1_15' title="bbox 238 1370 1774 1436; baseline 0.001 -13"><span class='ocrx_word' id='word_1_98' title='bbox 238 1370 449 1435; x_wconf 81' lang='grc' dir='ltr'>Ἅιδου,</span> <span class='ocrx_word' id='word_1_99' title='bbox 477 1371 545 1435; x_wconf 85' lang='grc' dir='ltr'>ἢν</span> <span class='ocrx_word' id='word_1_100' title='bbox 572 1371 1056 1436; x_wconf 87' lang='grc' dir='ltr'>διαπορθμεύονται</span> <span class='ocrx_word' id='word_1_101' title='bbox 1082 1372 1133 1424; x_wconf 80' lang='grc' dir='ltr'>οἱ</span> <span class='ocrx_word' id='word_1_102' title='bbox 1151 1373 1523 1434; x_wconf 85' lang='grc' dir='ltr'>τελευτῶντες,</span> <span class='ocrx_word' id='word_1_103' title='bbox 1549 1371 1612 1423; x_wconf 91' lang='grc' dir='ltr'>τὸ</span> <span class='ocrx_word' id='word_1_104' title='bbox 1638 1386 1774 1436; x_wconf 86' lang='grc' dir='ltr'>προ·</span> 
     </span>
     <span class='ocr_line' id='line_1_16' title="bbox 155 1454 1777 1527; baseline 0.002 -22"><span class='ocrx_word' id='word_1_105' title='bbox 155 1464 209 1505; x_wconf 84' lang='grc'>15</span> <span class='ocrx_word' id='word_1_106' title='bbox 239 1454 519 1527; x_wconf 83' lang='grc' dir='ltr'>ειρημένον</span> <span class='ocrx_word' id='word_1_107' title='bbox 559 1454 784 1520; x_wconf 92' lang='grc' dir='ltr'>νόμιςμα</span> <span class='ocrx_word' id='word_1_108' title='bbox 815 1454 1055 1510; x_wconf 87' lang='grc' dir='ltr'>διδόντες</span> <span class='ocrx_word' id='word_1_109' title='bbox 1089 1460 1166 1525; x_wconf 84' lang='grc' dir='ltr'>τῷ</span> <span class='ocrx_word' id='word_1_110' title='bbox 1199 1457 1438 1521; x_wconf 89' lang='grc' dir='ltr'>πορθμεῖ.</span> <span class='ocrx_word' id='word_1_111' title='bbox 1488 1454 1686 1519; x_wconf 82' lang='grc' dir='ltr'>εἴρηται</span> <span class='ocrx_word' id='word_1_112' title='bbox 1712 1454 1777 1508; x_wconf 77' lang='grc' dir='ltr'>δὲ</span> 
     </span>
     <span class='ocr_line' id='line_1_17' title="bbox 237 1538 1776 1607; baseline 0 -16"><span class='ocrx_word' id='word_1_113' title='bbox 237 1538 472 1603; x_wconf 89' lang='grc' dir='ltr'>δανάκης</span> <span class='ocrx_word' id='word_1_114' title='bbox 505 1538 535 1590; x_wconf 89' lang='grc' dir='ltr'>ὁ</span> <span class='ocrx_word' id='word_1_115' title='bbox 567 1541 680 1592; x_wconf 86' lang='grc' dir='ltr'>τοῖς</span> <span class='ocrx_word' id='word_1_116' title='bbox 716 1541 939 1594; x_wconf 86' lang='grc' dir='ltr'>δαναοῖς</span> <span class='ocrx_word' id='word_1_117' title='bbox 973 1539 1394 1607; x_wconf 81' lang='grc' dir='ltr'>ἐμβαλλόμενος·</span> <span class='ocrx_word' id='word_1_118' title='bbox 1444 1540 1635 1593; x_wconf 90' lang='grc' dir='ltr'>δαναοὶ</span> <span class='ocrx_word' id='word_1_119' title='bbox 1667 1538 1776 1603; x_wconf 79' lang='grc' dir='ltr'>γὰρ</span> 
     </span>
     <span class='ocr_line' id='line_1_18' title="bbox 239 1615 1775 1690; baseline -0.001 -14"><span class='ocrx_word' id='word_1_120' title='bbox 239 1615 290 1676; x_wconf 77' lang='grc' dir='ltr'>οἳ</span> <span class='ocrx_word' id='word_1_121' title='bbox 315 1622 521 1688; x_wconf 76' lang='grc' dir='ltr'>νεκροί,</span> <span class='ocrx_word' id='word_1_122' title='bbox 556 1624 793 1677; x_wconf 88' lang='grc' dir='ltr'>τουτέςτι</span> <span class='ocrx_word' id='word_1_123' title='bbox 818 1622 980 1690; x_wconf 84' lang='grc' dir='ltr'>ξηροί.</span> <span class='ocrx_word' id='word_1_124' title='bbox 1033 1623 1172 1679; x_wconf 82' lang='grc' dir='ltr'>δανὰ</span> <span class='ocrx_word' id='word_1_125' title='bbox 1201 1624 1304 1690; x_wconf 87' lang='grc' dir='ltr'>γὰρ</span> <span class='ocrx_word' id='word_1_126' title='bbox 1328 1623 1395 1677; x_wconf 86' lang='grc' dir='ltr'>τὰ</span> <span class='ocrx_word' id='word_1_127' title='bbox 1422 1623 1566 1689; x_wconf 85' lang='grc' dir='ltr'>ξηρά.</span> <span class='ocrx_word' id='word_1_128' title='bbox 1615 1623 1775 1687; x_wconf 88' lang='grc' dir='ltr'>Ἡρα-</span> 
     </span>
     <span class='ocr_line' id='line_1_19' title="bbox 239 1705 1211 1779; baseline -0.001 -18"><span class='ocrx_word' id='word_1_129' title='bbox 239 1705 446 1772; x_wconf 85' lang='grc' dir='ltr'>κλείδης</span> <span class='ocrx_word' id='word_1_130' title='bbox 470 1706 533 1779; x_wconf 65' lang='grc' dir='ltr'>έν</span> <span class='ocrx_word' id='word_1_131' title='bbox 557 1711 634 1776; x_wconf 82' lang='grc' dir='ltr'>τῷ</span> <span class='ocrx_word' id='word_1_132' title='bbox 660 1708 893 1777; x_wconf 78' lang='grc' dir='ltr'>δευτέρῳ</span> <span class='ocrx_word' id='word_1_133' title='bbox 919 1708 1211 1774; x_wconf 85' lang='grc' dir='ltr'>Περςικῶν.</span> 
     </span>
     <span class='ocr_line' id='line_1_20' title="bbox 343 1791 1774 1859; baseline -0.001 -14"><span class='ocrx_word' id='word_1_134' title='bbox 343 1791 610 1858; x_wconf 89' lang='grc' dir='ltr'>Δαρεικός</span> <span class='ocrx_word' id='word_1_135' title='bbox 634 1793 859 1858; x_wconf 87' lang='grc' dir='ltr'>νόμιςμά</span> <span class='ocrx_word' id='word_1_136' title='bbox 884 1810 932 1846; x_wconf 90' lang='grc' dir='ltr'>τι</span> <span class='ocrx_word' id='word_1_137' title='bbox 965 1791 1032 1858; x_wconf 86' lang='grc' dir='ltr'>ἦν</span> <span class='ocrx_word' id='word_1_138' title='bbox 1067 1794 1328 1859; x_wconf 74' lang='grc' dir='ltr'>χρυςοῡν,</span> <span class='ocrx_word' id='word_1_139' title='bbox 1373 1791 1510 1857; x_wconf 92' lang='grc' dir='ltr'>ὅπερ</span> <span class='ocrx_word' id='word_1_140' title='bbox 1535 1792 1774 1856; x_wconf 85' lang='grc' dir='ltr'>Δαρεῖος</span> 
     </span>
     <span class='ocr_line' id='line_1_21' title="bbox 153 1875 1778 1944; baseline 0.001 -16"><span class='ocrx_word' id='word_1_141' title='bbox 153 1887 208 1929; x_wconf 84' lang='lat'>20</span> <span class='ocrx_word' id='word_1_142' title='bbox 238 1877 455 1942; x_wconf 84' lang='grc' dir='ltr'>πρῶτος</span> <span class='ocrx_word' id='word_1_143' title='bbox 475 1876 791 1943; x_wconf 81' lang='grc' dir='ltr'>ἑπενόηςεν·</span> <span class='ocrx_word' id='word_1_144' title='bbox 819 1876 929 1931; x_wconf 86' lang='grc' dir='ltr'>ἀπὸ</span> <span class='ocrx_word' id='word_1_145' title='bbox 953 1878 1057 1944; x_wconf 83' lang='grc' dir='ltr'>γὰρ</span> <span class='ocrx_word' id='word_1_146' title='bbox 1079 1880 1177 1930; x_wconf 81' lang='grc' dir='ltr'>τοῦ</span> <span class='ocrx_word' id='word_1_147' title='bbox 1199 1878 1434 1944; x_wconf 84' lang='grc' dir='ltr'>Δαρεῖος</span> <span class='ocrx_word' id='word_1_148' title='bbox 1449 1875 1778 1943; x_wconf 85' lang='grc' dir='ltr'>Δαρειακός·</span> 
     </span>
     <span class='ocr_line' id='line_1_22' title="bbox 237 1959 1081 2028; baseline 0.002 -15"><span class='ocrx_word' id='word_1_149' title='bbox 237 1959 322 2014; x_wconf 84' lang='grc' dir='ltr'>καὶ</span> <span class='ocrx_word' id='word_1_150' title='bbox 347 1961 480 2014; x_wconf 87' lang='grc' dir='ltr'>κατὰ</span> <span class='ocrx_word' id='word_1_151' title='bbox 505 1962 778 2027; x_wconf 88' lang='grc' dir='ltr'>ςυγκοπὴν</span> <span class='ocrx_word' id='word_1_152' title='bbox 801 1961 1081 2028; x_wconf 86' lang='grc' dir='ltr'>Δαρεικός.</span> 
     </span>
     <span class='ocr_line' id='line_1_23' title="bbox 346 2045 1771 2112; baseline 0.001 -15"><span class='ocrx_word' id='word_1_153' title='bbox 346 2045 565 2111; x_wconf 80' lang='grc' dir='ltr'>Δοχμή,</span> <span class='ocrx_word' id='word_1_154' title='bbox 590 2046 623 2111; x_wconf 84' lang='grc' dir='ltr'><strong>ἡ</strong></span> <span class='ocrx_word' id='word_1_155' title='bbox 647 2047 932 2112; x_wconf 82' lang='grc' dir='ltr'>παλαιςτή,</span> <span class='ocrx_word' id='word_1_156' title='bbox 959 2045 990 2099; x_wconf 90' lang='grc' dir='ltr'>ὅ</span> <span class='ocrx_word' id='word_1_157' title='bbox 1017 2046 1122 2100; x_wconf 80' lang='grc' dir='ltr'>ἑςτι</span> <span class='ocrx_word' id='word_1_158' title='bbox 1145 2046 1210 2099; x_wconf 89' lang='grc' dir='ltr'>τὸ</span> <span class='ocrx_word' id='word_1_159' title='bbox 1233 2045 1656 2112; x_wconf 89' lang='grc' dir='ltr'>τετραδάκτυλον</span> <span class='ocrx_word' id='word_1_160' title='bbox 1675 2046 1771 2110; x_wconf 86' lang='grc' dir='ltr'>τῆς</span> 
     </span>
     <span class='ocr_line' id='line_1_24' title="bbox 203 2128 1769 2197; baseline -0.001 -15"><span class='ocrx_word' id='word_1_161' title='bbox 203 2128 432 2194; x_wconf 62' lang='grc' dir='ltr'>’χειρός</span> <span class='ocrx_word' id='word_1_162' title='bbox 491 2129 900 2197; x_wconf 84' lang='grc' dir='ltr'>Ἀριςτοφάνης·</span> <span class='ocrx_word' id='word_1_163' title='bbox 944 2131 1056 2184; x_wconf 64' lang='grc' dir='ltr'>εκαὶ</span> <span class='ocrx_word' id='word_1_164' title='bbox 1102 2131 1227 2196; x_wconf 88' lang='grc' dir='ltr'>πρὶν</span> <span class='ocrx_word' id='word_1_165' title='bbox 1273 2130 1477 2195; x_wconf 86' lang='grc' dir='ltr'>ἡμέραν</span> <span class='ocrx_word' id='word_1_166' title='bbox 1520 2131 1769 2196; x_wconf 84' lang='grc' dir='ltr'>φορῆςαι,</span> 
     </span>
     <span class='ocr_line' id='line_1_25' title="bbox 238 2205 1770 2280; baseline -0.001 -13"><span class='ocrx_word' id='word_1_167' title='bbox 238 2214 420 2278; x_wconf 81' lang='grc' dir='ltr'>μεῖζον</span> <span class='ocrx_word' id='word_1_168' title='bbox 445 2212 512 2277; x_wconf 89' lang='grc' dir='ltr'>ἦν</span> <span class='ocrx_word' id='word_1_169' title='bbox 539 2215 695 2267; x_wconf 88' lang='grc' dir='ltr'>δυοῖν</span> <span class='ocrx_word' id='word_1_170' title='bbox 719 2217 968 2280; x_wconf 82' lang='grc' dir='ltr'>δοχμαῖν’</span> <span class='ocrx_word' id='word_1_171' title='bbox 1009 2236 1035 2269; x_wconf 79' lang='lat'>*</span> <span class='ocrx_word' id='word_1_172' title='bbox 1058 2215 1091 2279; x_wconf 85' lang='grc' dir='ltr'>ἢ</span> <span class='ocrx_word' id='word_1_173' title='bbox 1117 2214 1264 2280; x_wconf 83' lang='grc' dir='ltr'>παρὰ</span> <span class='ocrx_word' id='word_1_174' title='bbox 1287 2213 1350 2267; x_wconf 88' lang='grc' dir='ltr'>τὸ</span> <span class='ocrx_word' id='word_1_175' title='bbox 1376 2205 1600 2279; x_wconf 89' lang='grc' dir='ltr'>δοχμός·</span> <span class='ocrx_word' id='word_1_176' title='bbox 1629 2213 1770 2266; x_wconf 82' lang='grc' dir='ltr'>ἐπει-</span> 
     </span>
     <span class='ocr_line' id='line_1_26' title="bbox 156 2296 1731 2367; baseline -0.001 -17"><span class='ocrx_word' id='word_1_177' title='bbox 156 2309 210 2352; x_wconf 82' lang='lat'>25</span> <span class='ocrx_word' id='word_1_178' title='bbox 240 2296 305 2364; x_wconf 87' lang='grc' dir='ltr'>δὴ</span> <span class='ocrx_word' id='word_1_179' title='bbox 332 2297 530 2366; x_wconf 87' lang='grc' dir='ltr'>πλαγίᾳ</span> <span class='ocrx_word' id='word_1_180' title='bbox 553 2302 616 2367; x_wconf 82' lang='grc' dir='ltr'>τῇ</span> <span class='ocrx_word' id='word_1_181' title='bbox 642 2299 775 2364; x_wconf 87' lang='grc' dir='ltr'>χειρὶ</span> <span class='ocrx_word' id='word_1_182' title='bbox 800 2301 1108 2365; x_wconf 85' lang='grc' dir='ltr'>μετροῦμεν.</span> <span class='ocrx_word' id='word_1_183' title='bbox 1160 2298 1297 2352; x_wconf 82' lang='grc' dir='ltr'>ἕςτιν</span> <span class='ocrx_word' id='word_1_184' title='bbox 1324 2296 1423 2352; x_wconf 82' lang='grc' dir='ltr'>οὖν</span> <span class='ocrx_word' id='word_1_185' title='bbox 1447 2297 1641 2363; x_wconf 88' lang='grc' dir='ltr'>μέτρον</span> <span class='ocrx_word' id='word_1_186' title='bbox 1669 2314 1731 2350; x_wconf 91' lang='grc' dir='ltr'>τι.</span> 
     </span>
     <span class='ocr_line' id='line_1_27' title="bbox 348 2381 1772 2450; baseline 0.001 -16"><span class='ocrx_word' id='word_1_187' title='bbox 348 2381 606 2448; x_wconf 85' lang='grc' dir='ltr'>Δραχμή,</span> <span class='ocrx_word' id='word_1_188' title='bbox 645 2382 870 2448; x_wconf 87' lang='grc' dir='ltr'>ςταθμὸς</span> <span class='ocrx_word' id='word_1_189' title='bbox 901 2383 1215 2450; x_wconf 80' lang='grc' dir='ltr'>ῶριςμένος·</span> <span class='ocrx_word' id='word_1_190' title='bbox 1250 2383 1284 2448; x_wconf 85' lang='grc' dir='ltr'>ἢ</span> <span class='ocrx_word' id='word_1_191' title='bbox 1319 2383 1382 2436; x_wconf 90' lang='grc' dir='ltr'>τὸ</span> <span class='ocrx_word' id='word_1_192' title='bbox 1418 2381 1772 2447; x_wconf 82' lang='grc' dir='ltr'>ςυνάθροιςμα</span> 
     </span>
     <span class='ocr_line' id='line_1_28' title="bbox 238 2458 1771 2534; baseline 0.001 -17"><span class='ocrx_word' id='word_1_193' title='bbox 238 2466 351 2520; x_wconf 85' lang='grc' dir='ltr'>τῶν</span> <span class='ocrx_word' id='word_1_194' title='bbox 377 2466 430 2521; x_wconf 81' lang='grc' dir='ltr'>ἓξ</span> <span class='ocrx_word' id='word_1_195' title='bbox 464 2465 696 2531; x_wconf 87' lang='grc' dir='ltr'>ὀβολῶν.</span> <span class='ocrx_word' id='word_1_196' title='bbox 739 2458 885 2532; x_wconf 87' lang='grc' dir='ltr'>παρὰ</span> <span class='ocrx_word' id='word_1_197' title='bbox 910 2469 973 2522; x_wconf 91' lang='grc' dir='ltr'>τὸ</span> <span class='ocrx_word' id='word_1_198' title='bbox 999 2467 1288 2534; x_wconf 84' lang='grc' dir='ltr'>δέδραγμαι</span> <span class='ocrx_word' id='word_1_199' title='bbox 1319 2466 1538 2532; x_wconf 87' lang='grc' dir='ltr'>δραχμή.</span> <span class='ocrx_word' id='word_1_200' title='bbox 1575 2465 1638 2519; x_wconf 88' lang='grc' dir='ltr'>τὸ</span> <span class='ocrx_word' id='word_1_201' title='bbox 1667 2481 1771 2519; x_wconf 87' lang='grc' dir='ltr'>πα-</span> 
     </span>
    </p>
   </div>
   <div class='ocr_carea' id='block_1_3' title="bbox 242 2592 577 2600">
    <p class='ocr_par' dir='ltr' id='par_1_3' title="bbox 242 2592 577 2600">
     <span class='ocr_line' id='line_1_29' title="bbox 242 2592 577 2600; baseline 0 620"><span class='ocrx_word' id='word_1_202' title='bbox 242 2592 577 2600; x_wconf 95' lang='lat' dir='ltr'> </span> 
     </span>
    </p>
   </div>
   <div class='ocr_carea' id='block_1_4' title="bbox 240 2675 1932 3005">
    <p class='ocr_par' dir='ltr' id='par_1_4' title="bbox 240 2675 1932 3005">
     <span class='ocr_line' id='line_1_30' title="bbox 356 2675 1769 2731; baseline 0.001 -15"><span class='ocrx_word' id='word_1_203' title='bbox 356 2676 394 2718; x_wconf 85' lang='grc'>6,</span> <span class='ocrx_word' id='word_1_204' title='bbox 426 2675 560 2727; x_wconf 84' lang='grc' dir='ltr'>γύων</span> <span class='ocrx_word' id='word_1_205' title='bbox 579 2679 714 2731; x_wconf 74' lang='lat' dir='ltr'><em>Gaisfi</em></span> <span class='ocrx_word' id='word_1_206' title='bbox 833 2681 900 2722; x_wconf 89' lang='grc'>10.</span> <span class='ocrx_word' id='word_1_207' title='bbox 933 2677 1213 2722; x_wconf 78' lang='lat' dir='ltr'><strong>Callimachi</strong></span> <span class='ocrx_word' id='word_1_208' title='bbox 1241 2679 1394 2720; x_wconf 85' lang='lat' dir='ltr'><strong>locum</strong></span> <span class='ocrx_word' id='word_1_209' title='bbox 1423 2677 1491 2721; x_wconf 81' lang='lat' dir='ltr'>sic</span> <span class='ocrx_word' id='word_1_210' title='bbox 1524 2675 1769 2719; x_wconf 81' lang='lat' dir='ltr'><strong>emendare</strong></span> 
     </span>
     <span class='ocr_line' id='line_1_31' title="bbox 244 2745 1932 2803; baseline 0.001 -17"><span class='ocrx_word' id='word_1_211' title='bbox 244 2748 436 2786; x_wconf 83' lang='lat' dir='ltr'><strong>conatus</strong></span> <span class='ocrx_word' id='word_1_212' title='bbox 469 2750 538 2786; x_wconf 79' lang='lat' dir='ltr'>est</span> <span class='ocrx_word' id='word_1_213' title='bbox 566 2748 797 2791; x_wconf 85' lang='lat' dir='ltr'><strong>Naekius:</strong></span> <span class='ocrx_word' id='word_1_214' title='bbox 829 2747 1352 2802; x_wconf 86' lang='grc' dir='ltr'>Τοῦνεκα-φέρονται</span> <span class='ocrx_word' id='word_1_215' title='bbox 1372 2745 1542 2800; x_wconf 83' lang='grc' dir='ltr'>Μούνῃ</span> <span class='ocrx_word' id='word_1_216' title='bbox 1563 2745 1631 2789; x_wconf 78' lang='grc' dir='ltr'>ἑνὶ</span> <span class='ocrx_word' id='word_1_217' title='bbox 1653 2757 1769 2788; x_wconf 86' lang='grc' dir='ltr'>πτο-</span> <span class='ocrx_word' id='word_1_218' title='bbox 1897 2791 1900 2793; x_wconf 73' lang='grc'><strong>,</strong></span> <span class='ocrx_word' id='word_1_219' title='bbox 1929 2801 1932 2803; x_wconf 14' lang='grc' dir='ltr'><strong>Α</strong></span> 
     </span>
     <span class='ocr_line' id='line_1_32' title="bbox 242 2810 1909 2872; baseline 0.001 -17"><span class='ocrx_word' id='word_1_220' title='bbox 242 2810 385 2866; x_wconf 84' lang='grc' dir='ltr'>λίων,</span> <span class='ocrx_word' id='word_1_221' title='bbox 436 2813 463 2854; x_wconf 87' lang='grc' dir='ltr'>ὅ</span> <span class='ocrx_word' id='word_1_222' title='bbox 499 2827 553 2866; x_wconf 86' lang='grc' dir='ltr'>γε</span> <span class='ocrx_word' id='word_1_223' title='bbox 592 2815 783 2868; x_wconf 80' lang='grc' dir='ltr'>τέθμιον</span> <span class='ocrx_word' id='word_1_224' title='bbox 819 2816 1007 2872; x_wconf 83' lang='grc' dir='ltr'>οἴςεμεν</span> <span class='ocrx_word' id='word_1_225' title='bbox 1035 2817 1208 2862; x_wconf 85' lang='grc' dir='ltr'>ἄλλους</span> <span class='ocrx_word' id='word_1_226' title='bbox 1241 2815 1314 2859; x_wconf 82' lang='grc' dir='ltr'>Ἐν</span> <span class='ocrx_word' id='word_1_227' title='bbox 1344 2815 1615 2869; x_wconf 83' lang='grc' dir='ltr'>ςτομάτεςςι</span> <span class='ocrx_word' id='word_1_228' title='bbox 1643 2813 1766 2858; x_wconf 87' lang='grc' dir='ltr'>νεὼς</span> <span class='ocrx_word' id='word_1_229' title='bbox 1833 2827 1836 2829; x_wconf 54' lang='grc'><strong>“</strong></span> <span class='ocrx_word' id='word_1_230' title='bbox 1907 2831 1909 2834; x_wconf 51' lang='lat'><em>⁴</em></span> 
     </span>
     <span class='ocr_line' id='line_1_33' title="bbox 243 2881 1931 2943; baseline 0.002 -19"><span class='ocrx_word' id='word_1_231' title='bbox 243 2881 567 2935; x_wconf 78' lang='grc' dir='ltr'>Ἀχεροντείας</span> <span class='ocrx_word' id='word_1_232' title='bbox 599 2882 850 2941; x_wconf 81' lang='grc' dir='ltr'>ἐπίβαθρον</span> <span class='ocrx_word' id='word_1_233' title='bbox 882 2886 1211 2943; x_wconf 84' lang='grc' dir='ltr'>Ἀνθρώπους,</span> <span class='ocrx_word' id='word_1_234' title='bbox 1243 2885 1454 2940; x_wconf 86' lang='grc' dir='ltr'>δανάκην</span> <span class='ocrx_word' id='word_1_235' title='bbox 1581 2887 1650 2928; x_wconf 83' lang='grc'>23.</span> <span class='ocrx_word' id='word_1_236' title='bbox 1683 2896 1768 2937; x_wconf 82' lang='grc' dir='ltr'>φο·</span> <span class='ocrx_word' id='word_1_237' title='bbox 1927 2903 1931 2910; x_wconf 89' lang='grc'><em>·</em></span> 
     </span>
     <span class='ocr_line' id='line_1_34' title="bbox 240 2950 535 3005; baseline 0 -11"><span class='ocrx_word' id='word_1_238' title='bbox 240 2950 367 3005; x_wconf 83' lang='grc' dir='ltr'>ρέςαι</span> <span class='ocrx_word' id='word_1_239' title='bbox 399 2953 535 3005; x_wconf 79' lang='lat' dir='ltr'><strong><em>Gaisf.</em></strong></span> 
     </span>
    </p>
   </div>
   <div class='ocr_carea' id='block_1_5' title="bbox 1864 0 1946 3220">
    <p class='ocr_par' dir='ltr' id='par_1_5' title="bbox 1864 0 1946 3220">
     <span class='ocr_line' id='line_1_35' title="bbox 1864 0 1946 3220; baseline 0 0"><span class='ocrx_word' id='word_1_240' title='bbox 1864 0 1946 3220; x_wconf 95' lang='lat' dir='ltr'> </span> 
     </span>
    </p>
   </div>
  </div>
 </body>
</html>
