1946 3220
141 141 244 211 [53]
585 157 738 193 emus
775 157 843 192 Ao
878 157 1227 194 Ponnmunus.
1567 139 1671 194 221

141 265 399 333 ςημαίνει,
430 253 487 330 ὕ.
525 263 655 319 εἰδὲ
680 267 742 319 τὸ
770 284 800 319 υ
826 266 935 331 ἔχει
962 266 1024 319 τὸ
1062 283 1122 331 μ,
1158 267 1387 332 μύςτρον
1422 266 1673 331 ςημαίνει,

103 421 109 423 ῃ
140 336 200 417 fi·
238 349 367 452 εἰοδὲ
391 350 454 403 τὸ
482 366 534 414 ε,
559 350 836 416 μέδιμνον,
863 337 920 415 ξι·
959 350 1004 404 εἰ
1028 351 1088 404 δὲ
1112 351 1175 404 τὸ
1204 367 1262 415 ο,
1287 350 1475 416 μόδιον
1499 351 1674 416 ςημαί-

140 451 247 498 νει,
273 455 322 502 μ.

247 519 295 571 9.
329 518 406 572 Τὸ
437 518 497 571 δὲ
523 535 554 571 τ
579 518 708 583 ἕχον
741 518 1037 584 ἐμπροςθεν
1073 518 1239 572 αὑτοῦ
1266 536 1295 584 ρ
1322 520 1406 572 καὶ
1431 537 1461 573 υ
1485 517 1675 573 ἐπικεί-

140 619 304 668 μενον
331 602 581 668 τρυβλίον
608 604 788 667 δηλοῖ,
834 600 928 679 Qu.
1706 615 1733 656 5

250 686 331 739 10.
370 686 446 739 Τὸ
472 687 532 740 δὲ
557 690 584 741 ξ
609 687 941 752 ἐπικείμενον
976 685 1106 753 ἔχον
1135 687 1197 740 τὸ
1228 703 1254 740 ε
1285 686 1465 751 Ξέςτην
1501 685 1677 753 ςημαί-

140 787 246 835 νει,
277 772 349 825 ΞΕ·
388 770 432 824 εἰ
457 771 516 823 δὲ
543 788 574 824 ο
602 771 735 838 ἔχει,
773 770 1083 837 ὀξύβαφον,
1109 771 1179 825 ξθ.
1224 771 1362 825 τινὲς
1388 771 1448 823 δὲ
1476 771 1572 825 τὸν
1598 771 1677 825 ξέ-

140 870 266 921 ςτην
293 854 380 909 διὰ
417 856 514 908 τοῦ
545 859 572 910 ξ
597 855 887 921 τεμνούςης
920 853 1054 909 αὐτὸ
1089 853 1293 908 εὐθείας
1326 858 1563 920 γραμμῆς
1589 858 1678 920 δη-

140 940 322 1004 λοῦςι,
352 941 393 1006 ξ.

141 1078 175 1119 μ
250 1025 329 1077 11.
370 1023 446 1078 Τὸ
474 1025 534 1078 δὲ
556 1040 588 1089 η
620 1023 749 1090 ἔχον
776 1022 1110 1088 ἐπικείμενον
1135 1022 1198 1076 τὸ
1226 1039 1262 1088 μ
1289 1021 1481 1088 ἡμίναν
1506 1023 1677 1088 δηλοῖ,
1711 1035 1764 1076 10

139 1124 197 1174 η·
241 1106 287 1161 εἰ
320 1107 381 1161 δὲ
410 1106 448 1160 Κ
459 1107 577 1202 μκαὶ
611 1123 642 1172 ρ
670 1105 1000 1171 ἐπικείμενον
1036 1105 1214 1177 ἕχουςι
1247 1106 1311 1159 τὸ
1337 1123 1395 1171 μ,
1428 1107 1680 1172 κεράμιον

142 1193 386 1257 δηλοῦςι,
417 1163 503 1256 Κρ.

694 1317 764 1371 53
803 1318 950 1382 (cap.
990 1315 1124 1387 ΙΙΙ).

696 1415 830 1480 Περὶ
867 1417 1126 1479 ςταθμῶν.

255 1515 298 1566 1.
336 1515 393 1568 ‘H
426 1515 530 1579 μνᾶ
552 1514 584 1579 ἣ
614 1513 812 1578 Ἀττικὴ
842 1513 927 1566 καὶ
953 1514 985 1578 ἢ
1011 1512 1264 1576 Αἰγυπτία
1290 1513 1399 1578 ἔχει
1423 1514 1467 1569 13·
1491 1509 1571 1574 ις’.
1711 1527 1765 1567 15

250 1598 299 1651 2.
336 1599 395 1651 ‘H
424 1601 527 1663 μνᾶ
551 1598 583 1663 ἡ
609 1598 874 1664 Ῥωμαϊκὴ
905 1597 1017 1664 ἔχει
1045 1599 1086 1653 [ἲ
1117 1595 1176 1651 κ’.

249 1683 296 1737 3.
334 1683 393 1736 ‘H
422 1683 571 1748 λίτρα
597 1683 708 1748 ἔχει
732 1685 774 1737 [ἵ
800 1678 878 1748 ιβ’.
1681 1705 1744 1740 752

250 1767 298 1819 4.
337 1767 396 1821 ‘H
428 1768 487 1821 δὲ
515 1767 703 1831 οὐγγία
730 1767 968 1834 δραχμὰς
996 1766 1060 1833 η’,
1086 1765 1281 1822 αἵτινες
1310 1767 1395 1820 καὶ
1420 1766 1572 1820 ὁλκαί
1595 1767 1681 1820 λέ·

142 1868 346 1917 γονται.

250 1937 297 1989 5.
333 1935 392 1989 ‘H
425 1935 485 1988 δὲ
511 1934 692 2001 ὁλκὴ
667 1953 699 1999 η
725 1936 930 2002 δραχμὴ
961 1935 1171 2001 κεράτια
1197 1934 1306 2001 ἔχει
1331 1931 1415 2000 ιη’·
1443 1934 1597 1989 ἄλλοι
1621 1935 1683 1990 δὲ
1711 1946 1768 1988 20

146 2021 356 2083 λε’γουςι
381 2020 658 2086 γράμματα
683 2015 743 2083 γ’.

263 2180 301 2220 1.
333 2174 561 2230 ςημαίνει]
595 2175 729 2229 δηλοῖ
751 2177 817 2217 Ne
931 2178 975 2217 4.
1005 2175 1063 2217 τὸ
1094 2175 1145 2218 δὲ
1172 2175 1231 2218 τὸ
1260 2188 1290 2217 τ
1320 2176 1409 2217 ΑΒ
1514 2175 1685 2228 ἔμπρο·

148 2245 277 2300 ςθεν]
311 2246 395 2289 ςὺν
424 2247 583 2288 ABNe
658 2244 806 2288 αὑτοῦ
839 2244 905 2298 St,
938 2245 1089 2288 αὐτοῦ
1121 2246 1204 2288 rel.
1291 2245 1351 2288 τὸ
1384 2249 1491 2287 ante
1522 2258 1550 2298 p
1583 2245 1686 2291 add.

14 2318 19 2326 “
79 2349 82 2353 »
150 2318 203 2359 St
319 2314 611 2368 ἐπικείμενον
641 2317 683 2357 Α
715 2317 859 2358 habet
887 2321 993 2371 post
1021 2316 1170 2370 δηλοῖ
1270 2320 1312 2361 5.
1344 2320 1499 2358 notam
1527 2315 1689 2370 tryblii

150 2401 288 2442 quam
327 2399 465 2440 supra
506 2386 695 2429 exhibui
731 2386 832 2429 sola
868 2387 1012 2429 habet
1041 2389 1107 2439 A,
1142 2401 1229 2430 om.
1259 2387 1325 2440 B,
1356 2401 1415 2441 ‘tp
1445 2386 1527 2429 rel.
1644 2386 1686 2430 6.

149 2456 261 2511 ἔχον
290 2453 585 2507 ἐπικείμενον
613 2457 704 2510 Νε,
743 2455 785 2500 εἰ
822 2455 907 2508 μὲν
942 2455 1039 2509 ἔχει
1077 2455 1371 2509 ἐπικείμενον
1408 2456 1526 2509 Ast,
1566 2457 1615 2498 in
1643 2456 1687 2498 B

153 2528 305 2570 omnia
335 2526 608 2581 perturbata
721 2527 765 2569 8.
793 2525 1041 2579 τέμνουςιν
1069 2528 1157 2569 ΑΒ
1271 2525 1412 2581 αὐτὸ]
1455 2526 1604 2570 αὐτοῦ
1643 2527 1687 2568 Β

153 2600 219 2640 10.
251 2597 309 2640 τὸ
342 2601 453 2640 ante
485 2609 517 2649 μ
547 2610 632 2639 om.
654 2597 723 2638 Ne
838 2599 907 2641 11.
938 2601 1043 2651 post
1072 2601 1228 2640 notam
1255 2596 1470 2640 heminae
1495 2599 1560 2640 Ne
1581 2597 1685 2640 add.

149 2667 181 2720 ἢ
217 2668 288 2719 Ημ
373 2667 467 2720 ἔχει
496 2668 578 2720 Ne,
611 2666 721 2719 ἔχον
741 2667 830 2708 ΑΒ
915 2666 974 2709 τὸ
1005 2681 1090 2726 om.
1121 2668 1188 2712 St.
1276 2671 1345 2711 12.
1376 2663 1686 2722 δηλοῖἎΒΝε

154 2740 221 2780 13.
257 2737 521 2791 Κεφάλαιον
549 2732 592 2790 γ’
623 2739 683 2780 Cle
800 2739 867 2781 14.
906 2741 1008 2791 post
1045 2739 1265 2790 ςταθμῶν
1295 2739 1346 2782 St
1377 2739 1480 2781 add.
1512 2751 1615 2792 κεφ.
1645 2732 1688 2789 γ’

154 2810 222 2852 15.
252 2807 443 2860 οὐγγίας
465 2810 531 2851 Ne
649 2809 714 2852 16.
746 2807 840 2860 ἔχει
871 2806 925 2862 [3]
959 2806 1148 2860 οὐγγίας
1170 2810 1235 2851 Ne
1352 2812 1419 2852 17.
1454 2808 1507 2864 Ιῖ]
1541 2808 1598 2851 τὸ
1620 2810 1686 2851 Ne

101 2908 103 2910 -
156 2879 225 2920 18.
257 2877 441 2932 οὐγγία]
478 2877 513 2925 [3
534 2879 649 2920 StClz
763 2877 989 2932 δραχμὰς]
1024 2878 1053 2933 <
1088 2881 1216 2923 NeClz
1331 2883 1402 2924 20.
1432 2879 1482 2934 ἢ]
1517 2879 1625 2932 ἤτοι
1653 2877 1683 2931 ἡ

153 2947 208 2988 St
320 2948 349 3000 ἡ
383 2948 433 2990 δὲ
461 2948 640 3002 δραχμὴ
672 2948 702 3000 ἢ
736 2947 852 3001 ὁλκὴ
885 2949 979 3002 ἔχει
1007 2961 1066 3001 γρ
1093 2944 1136 3001 γ’
1164 2950 1195 3003 ἢ
1226 2949 1416 3004 κεράτια
1446 2945 1506 3003 ιη’
1535 2952 1600 2992 Ne
