1946 3220
267 149 372 202 310
862 161 1179 197 FRAGMENTA
1535 143 1656 211 [102.
1682 141 1788 211 103]
1820 172 1823 175 Δ
1851 160 1854 161 ’
1879 115 1923 180 Ῑ-’ἶ

266 553 340 614 V,
428 516 817 632 Fragmenta
865 571 899 611 e
953 548 1427 632 lexicographis
1458 557 1789 631 excerpta..

523 718 637 773 102.
712 718 841 771 Loci
875 735 941 769 em
968 718 1246 785 Apollonio
1283 721 1536 786 sophista.

372 831 718 897 Ἀτάλαντον,
746 833 1016 898 ἰςόζυγον,
1047 832 1166 887 οἷον
1194 832 1527 898 ἰςόςταθμον·
1561 829 1795 887 τάλαντα

266 918 368 983 γὰρ
397 917 464 972 τὰ
494 918 719 983 ςταθμία.

212 1021 237 1060 5
373 1002 819 1069 Δυωδεκάβοιον,
845 1003 1053 1055 δώδεκα
1079 1005 1226 1067 βοῶν
1258 1002 1421 1057 ἄξιον.

374 1087 622 1153 Δῶρον
602 1105 632 1139 ο
653 1088 965 1152 παλαιςτής·
996 1088 1111 1140 ‘rofi
1130 1087 1259 1152 κέρα
1284 1087 1342 1140 έκ
1365 1087 1602 1152 κεφαλῆς
1628 1086 1794 1140 ἑκκαι-

268 1170 548 1236 δεκάδωρα
577 1172 817 1237 πεφύκει.
822 1177 838 1200 ’

373 1254 678 1320 Πέλεθρον
712 1255 991 1320 πλέθρον·
1016 1254 1121 1309 ἔςτι
1154 1256 1214 1308 δὲ
1249 1254 1444 1321 μέτρον
1482 1257 1607 1320 γῆς,
1640 1255 1794 1309 ἕκτον

272 1338 498 1392 ςταδίου.

188 1442 239 1481 10
375 1423 886 1489 Πεντηκοντόγυον,
929 1425 1265 1491 πεντήκοντα
1297 1424 1430 1489 γύας
1471 1424 1626 1490 ἔχον·
1666 1423 1798 1488 γύης

271 1508 331 1562 δὲ
359 1508 554 1573 μέτρον
580 1511 691 1572 γῆς.

376 1591 712 1656 Πυγούςιον
755 1594 1045 1657 πηχυαῖον·
1079 1592 1297 1658 (βόθρον
1351 1593 1536 1658 ὀρύξαι
1577 1590 1705 1645 ὅςον
1741 1608 1799 1644 τε

273 1675 603 1738 πυγούςιον.’
652 1678 841 1739 πυγὼν
867 1676 970 1741 γάρ
995 1676 1133 1730 ἐςτιν
1164 1676 1308 1731 εἶδος
1344 1678 1537 1750 μέτρου
1565 1675 1673 1729 ἀπὸ
1699 1678 1798 1730 τοῦ

273 1759 524 1821 ἀγκῶνος
550 1759 654 1813 ἕως
680 1759 783 1815 ἔξω
810 1764 902 1826 τῆς
929 1762 1120 1827 χειρός.

190 1861 241 1900 15
377 1844 643 1909 Πυγμαῖοι
681 1844 837 1898 ἔθνος
876 1846 984 1910 πρὸ
1019 1849 1114 1910 τῆς
1150 1845 1444 1910 Αἰγύπτου,
1483 1845 1545 1899 τὸ
1579 1845 1801 1910 μέγεθος

272 1928 485 1994 μικρόν,
516 1927 635 1983 οἷον
661 1930 942 1994 πηχυαῖον.

379 2012 626 2066 Τάλαντα
662 2014 749 2067 ἐπὶ
787 2015 882 2079 μὲν
919 2017 1030 2068 τῶν
1068 2017 1270 2078 ζυγῶν·
1328 2013 1475 2067 εἀλλ’
1502 2013 1624 2078 ἔχεν
1666 2012 1799 2066 ὥςτε

207 2154 212 2159 ,
273 2094 509 2150 τάλαντα
550 2097 685 2163 γυνὴ
735 2102 1031 2164 χερνῆτις·’
1083 2098 1169 2150 ἐπὶ
1219 2100 1278 2151 δὲ
1323 2101 1436 2153 τῶν
1479 2097 1800 2163 ἱςταμένων·

274 2181 495 2244 *χρυςοῦ
527 2182 587 2234 δὲ
613 2183 798 2246 ςτήςας
830 2183 1080 2236 Ὀδυςεὺς
1106 2182 1233 2235 δέκα
1257 2182 1434 2237 πάντα
1457 2181 1727 2235 τάλαντα.’

190 2282 245 2320 20
380 2263 711 2330 Τετράγυος,
737 2266 1006 2332 τεςςάρυυν
1031 2268 1205 2329 γυῶν·
1230 2265 1361 2331 γύης
1387 2267 1446 2319 δὲ
1471 2266 1664 2332 μέτρον
1690 2268 1799 2329 γῆς.

595 2433 709 2487 103.
782 2434 911 2486 Loci
948 2451 1012 2485 ex
1047 2420 1487 2500 Harpocratione.

384 2531 663 2596 Δαρεικός.
695 2533 884 2586 Λυςίας
909 2532 967 2586 ἐν
993 2538 1069 2603 τῷ
1096 2534 1217 2586 κατ’
1240 2532 1650 2598 Ἐρατοςθένους
1676 2530 1800 2584 ἑνὸς

278 2615 388 2666 τῶν
409 2611 466 2665 λ’.
495 2615 584 2668 εἰςὶ
608 2618 703 2681 μἐν
720 2619 905 2683 χρυςοῑ
930 2619 1179 2683 ςτατῆρες
1208 2615 1543 2682 οἱΔαρεικοί,
1565 2614 1800 2681 ἠδύνατο

394 2798 434 2838 5.
464 2795 660 2839 δυόδεκα
690 2800 827 2853 vulgo
1001 2803 1067 2842 12.
1103 2803 1169 2842 13.
1204 2798 1372 2852 ὀρύξας
1405 2804 1450 2841 et
1480 2797 1634 2850 πυγὸν
1663 2797 1801 2851 vulgo

284 2865 351 2906 16.
383 2865 518 2905 immo
549 2870 768 2919 πηχυαῖοι
885 2872 951 2911 17.
982 2869 1091 2921 ἕχον
1122 2870 1177 2911 11.
1201 2868 1247 2912 Μ
1270 2872 1353 2912 433
1470 2869 1536 2909 18·
1570 2865 1802 2920 χερνήτη(

282 2934 419 2988 vulgo
539 2937 605 2976 19.
642 2934 879 2979 Ὀδυςςεὺς
910 2939 1047 2994 vulgo
1463 2945 1470 2950 '
