1946 3220
0 0 150 109 15².-

110 228 396 285 tilissimum,
433 228 520 274 vidi
558 228 743 274 eandem
777 231 1048 275 sententiam
1081 228 1335 290 amplexum
1362 227 1519 290 esse2).
1570 233 1634 278 Ac

110 312 216 344 vero
246 297 444 358 proclive
472 305 570 344 erat
605 300 651 344 in
684 313 781 344 eam
817 301 1079 359 opinionem
1114 299 1338 356 incidere;
1369 315 1471 346 nam
1505 309 1551 347 et
1587 303 1631 347 in

110 368 192 414 hac
222 369 321 429 ipsa
354 368 505 415 tabula
531 370 869 415 vetustissimus
895 369 972 415 ille
996 370 1209 416 denarius
1239 372 1464 429 occurrit,
1501 373 1630 417 cuius

109 438 287 499 pondus
324 439 456 499 plane
494 439 548 484 ad
572 438 768 500 cotylam
794 439 865 484 LX
900 440 1211 486 drachmarum
1248 441 1465 501 quadrat,
1503 449 1549 487 et
1586 443 1630 487 in

554 100 889 150 'scam'ronns
920 114 1182 150 Gnaeos.
1568 101 1642 154 71>

8 489 51 547 ἶ·
106 516 270 568 quarta
298 508 449 555 tabula
486 509 678 555 Galenea
713 509 867 556 eadem
906 512 1159 557 aestimatio
1194 506 1341 570 παρὰ
1367 508 1481 560 τοῖς
1505 507 1629 560 Ἰτα-

106 574 271 627 λικοῑ(
306 581 473 626 usitata
510 579 653 625 fuisse
686 580 867 626 dicitur.
928 580 1019 627 Nec
1044 587 1218 638 tamen,
1245 595 1347 627 cum
1375 580 1464 628 alia
1493 597 1631 643 super

104 648 239 694 aliam
277 651 453 696 ratione
495 652 541 695 in
579 664 673 696 rem
709 651 1100 711 impeditissimam
1135 652 1436 711 inquirerem,
1475 667 1629 699 verum

106 720 399 779 quid-esset,
440 723 639 780 quamvis
677 721 905 767 occultum
940 723 1131 777 iaceret,
1172 721 1314 767 latere
1347 736 1416 767 me
1458 725 1626 782 potuit.

103 789 302 835 Primum
336 792 384 836 in
418 791 503 838 hac
537 793 844 837 vetustissima
881 790 1031 836 tabula
1066 805 1120 836 eo
1162 791 1265 837 loco
1309 806 1441 851 quem
1476 796 1628 839 statim

102 859 339 906 attulimus
365 863 511 907 omnis
538 863 792 907 aestimatio
821 862 875 908 ad
893 863 1087 908 Atticam
1114 875 1371 908 mensuram
1397 862 1516 908 facta
1542 871 1627 921 est,

101 929 249 976 aliena
283 933 425 992 igitur
448 939 519 977 est
548 947 573 977 a
603 932 908 978 Romanorum
934 946 1045 989 usu,
1077 932 1131 977 de
1162 947 1250 991 quo
1278 932 1395 978 idem
1429 934 1628 994 scriptor

100 1007 234 1046 antea
272 1004 495 1063 exposuit.
548 1003 659 1048 Tum
688 1016 793 1048 vcro
822 1006 869 1048 in
904 1002 1052 1048 tribus
1089 1002 1180 1047 illis
1217 1002 1382 1048 tabulis
1409 1002 1627 1050 Galeneae

100 1071 414 1131 collectionis,
454 1071 531 1118 ubi
572 1073 726 1118 eadem
765 1074 1020 1119 aestimatio
1060 1074 1313 1129 invenitur,
1351 1074 1535 1119 minime
1570 1074 1625 1120 de

100 1141 311 1189 Romanis
339 1145 582 1200 mensuris,
609 1144 690 1189 sed
717 1143 886 1203 uquue
904 1143 959 1189 de
978 1144 1215 1203 Aegyptiis
1242 1139 1454 1204 agitur3).
1480 1134 1626 1195 Porro?

101 1213 364 1274 neutiquam
397 1215 490 1259 veri
527 1213 675 1260 simile
712 1221 783 1260 est
817 1213 1044 1259 Romanos
1081 1213 1160 1259 illo
1189 1220 1396 1273 tempore
1432 1229 1520 1274 quo
1549 1214 1625 1260 de·

101 1285 216 1329 narii
260 1283 461 1330 sextulae
506 1284 708 1344 pondere
749 1283 940 1341 fiebant,
994 1285 1095 1344 ipso
1139 1284 1312 1329 denarii
1355 1286 1537 1330 nomine
1578 1286 1623 1329 in

212 1404 260 1459 ⁶2)
300 1407 363 1447 Ut
399 1407 447 1446 in
485 1407 754 1459 quaestione
794 1406 1072 1446 difficillima
1109 1406 1252 1446 licere
1284 1406 1396 1446 mihi
1427 1407 1625 1447 arbitror

100 1474 158 1512 ea
180 1475 296 1515 quae
318 1463 509 1515 primum
528 1463 584 1503 de
602 1476 657 1504 ea
673 1476 722 1503 re
746 1467 1079 1503 commentatus
1098 1475 1223 1502 eram
1237 1462 1314 1502 hic
1333 1463 1621 1503 adscribere:

97 1517 231 1558 ‘Cum
263 1521 473 1573 congium
494 1520 769 1571 Romanum,
803 1521 879 1572 qui
910 1518 1119 1572 aequalis
1151 1518 1240 1558 fuit
1259 1520 1431 1570 Attice,
1464 1519 1622 1559 decem

99 1575 242 1616 libras
273 1575 349 1616 vel
377 1576 476 1616 vini
505 1576 579 1617 vel
620 1589 768 1628 aquae
807 1575 1083 1629 pependisse
1124 1579 1326 1627 constet,
1369 1575 1516 1615 eidem
1543 1588 1623 1616 au-

97 1635 191 1671 tem
219 1631 307 1672 hoc
337 1631 437 1673 loco
467 1632 677 1673 DCCXX
707 1632 955 1673 drachmae
986 1632 1267 1681 tribuantur,
1312 1630 1534 1683 efficitur,
1573 1637 1623 1672 ut

96 1688 133 1727 ii
171 1687 350 1728 denarii
387 1688 742 1742 intellegantur,
784 1688 859 1741 qui
896 1687 1069 1741 singuli
1109 1691 1287 1728 sextam
1325 1688 1492 1728 unciae
1534 1688 1622 1739 Ro-

98 1757 262 1784 manae
300 1749 478 1798 partem
516 1745 732 1798 pendant.
794 1745 913 1794 Quid
949 1757 1058 1786 vero
1100 1757 1157 1784 ex
1186 1743 1520 1797 hacponderis
1553 1757 1623 1784 ra-

97 1801 222 1841 tione
255 1801 645 1841 concludendum?
695 1801 783 1840 Vix
813 1801 998 1840 dubium
1027 1801 1231 1852 videtur,
1266 1801 1375 1852 quin
1404 1801 1495 1840 iam
1527 1800 1621 1840 illis

95 1857 401 1910 temporibus,
434 1858 596 1910 quibus
617 1858 808 1910 primum
839 1857 1049 1910 argentei
1078 1857 1248 1896 nummi
1277 1857 1451 1908 signati
1482 1856 1621 1897 dena-

97 1914 245 1966 riique
278 1914 336 1953 ad
368 1913 576 1954 sextulae
607 1914 780 1967 pondus
814 1914 968 1953 exacti
997 1918 1123 1964 sunt,
1163 1925 1254 1953 non
1292 1912 1439 1953 solum
1477 1913 1620 1953 maio-

95 1982 170 2010 res
218 1969 442 2022 liquorum
493 1982 756 2021 mensurae,
806 1969 854 2009 id
903 1969 1022 2022 quod
1073 1982 1096 2009 e
1147 1968 1394 2021 plebiscito
1445 1968 1621 2009 Siliano

96 2031 378 2079 compertum
408 2026 653 2078 habemus,
704 2026 785 2067 sed
831 2028 972 2066 etiam
1013 2026 1212 2066 minores
1262 2026 1359 2065 suis
1410 2037 1618 2078 quaeque

96 2082 371 2135 ponderibus
418 2087 635 2123 accurate
675 2082 892 2123 definitae
933 2082 1118 2122 fuerint.
1185 2082 1245 2121 Et
1282 2082 1481 2122 minores
1521 2082 1620 2134 qui-

95 2139 201 2178 dem
232 2151 469 2180 mensuras
501 2139 703 2179 denariis
735 2138 948 2179 definitas
982 2151 1083 2179 esse
1114 2138 1213 2178 veri
1244 2137 1392 2178 simile
1422 2138 1618 2180 videtur.

97 2193 383 2248 Ubicumque
413 2196 555 2247 igitur
584 2197 632 2236 in
661 2195 835 2236 tabulis
866 2194 1178 2248 metrologicis
1210 2207 1445 2235 mensuras
1483 2194 1619 2246 liqui-

96 2251 249 2291 dorum
270 2252 327 2292 iis
349 2251 552 2292 denariis
575 2253 652 2304 qui
682 2251 854 2304 singuli
884 2251 1107 2292 sextulam
1141 2251 1345 2304 pendunt
1377 2262 1619 2303 expressas

96 2320 198 2348 esse
229 2309 509 2359 invenimus,
540 2308 624 2348 has
655 2309 858 2349 rationes
890 2321 913 2348 e
945 2308 1199 2349 vetustiore
1230 2311 1435 2359 tempore
1466 2318 1620 2346 serva-

96 2369 170 2404 tas
211 2376 310 2404 esse
352 2364 746 2405 existimabimus’.
814 2365 946 2405 Haec
985 2377 1086 2405 cum
1123 2363 1181 2404 iis
1219 2363 1275 2403 de
1315 2363 1469 2402 causis
1508 2373 1619 2414 quas

95 2432 234 2472 supra
266 2419 403 2459 attuli
433 2433 524 2460 non
553 2426 680 2461 recte
712 2433 762 2461 se
793 2420 967 2460 habere
1000 2425 1046 2460 et
1076 2419 1274 2460 delenda
1313 2430 1416 2458 esse
1449 2430 1616 2470 cogno-

95 2476 288 2527 vissem,
320 2476 416 2516 vidi
447 2475 698 2516 Christium
727 2477 776 2516 in
808 2476 1135 2517 commentario
1167 2475 1223 2515 de
1255 2474 1452 2515 Victorii
1483 2486 1618 2527 argu-

94 2539 246 2573 mento
280 2531 541 2572 calculandi
571 2532 952 2585 (Sitzunysbericlzt
981 2535 1023 2573 d.
1058 2531 1228 2572 ΜᾱησΙι.
1261 2530 1407 2574 Alcaei.
1440 2530 1563 2571 1863.
1596 2530 1619 2569 1

96 2602 138 2641 p.
164 2589 373 2639 127—29)
407 2588 598 2629 eandem
628 2589 752 2628 viam
780 2589 900 2629 unde
933 2602 1017 2642 ego
1041 2587 1341 2627 discesseram
1362 2587 1619 2640 ingressum

98 2657 213 2685 esse.
274 2645 405 2695 Quae
443 2657 518 2686 res
558 2646 839 2697 necopinata
879 2645 1140 2685 etsi‘novas
1172 2643 1413 2683 dubitandi
1445 2647 1490 2683 et
1522 2654 1619 2682 am-

94 2700 283 2754 bigendi
315 2714 480 2742 causas
512 2701 626 2741 mihi
648 2700 819 2752 attulit,
851 2705 1007 2740 tamen
1027 2703 1269 2752 postquam
1300 2699 1453 2739 omnia
1484 2711 1614 2752 repe-

93 2757 192 2798 titis
223 2758 344 2797 curis
375 2757 623 2811 diligenter
655 2757 915 2797 examinavi
946 2757 994 2796 in
1026 2769 1082 2795 ea
1112 2756 1345 2796 sententia
1377 2768 1511 2807 quam
1542 2767 1617 2795 su-

24 2846 36 2853 .
94 2826 178 2866 pra
208 2814 422 2867 proposui
451 2814 561 2854 mihi
591 2813 924 2866 persistendum
958 2825 1055 2852 esse
1088 2812 1207 2853 duxi.
1268 2812 1430 2852 Utrum
1459 2824 1617 2853 verum

94 2869 171 2922 sit,
202 2869 456 2910 diiudicent
486 2870 574 2910 viri
604 2870 763 2910 harum
795 2882 943 2909 rerum
975 2869 1128 2921 periti.

209 2927 251 2978 3)
283 2926 413 2967 Haec
447 2927 710 2968 accuratius
732 2925 1046 2966 demonstrata
1067 2929 1172 2987 sunt
1193 2923 1316 2965 infra
1338 2924 1362 2974 ἓ
1384 2925 1452 2965 63.
1466 2923 1615 2966 76.8·2.
