1946 3220
0 3 5 10 1
37 13 47 20 1
60 0 63 3 ·
97 0 102 2 ’
119 0 126 5 “
147 0 154 4 “
163 4 170 15 ,-
179 0 190 13 ⁶.
199 0 226 22 >34
236 7 242 13 ,
254 0 425 34 ήξῗΐζῆςωιξ
436 0 442 3 .
458 0 670 23 '2¹*J35'm's‘ff-'E
687 0 781 21 *ιζ-’ξῆν-
795 0 797 3 “
820 0 869 16 ““·-ε
881 0 914 16 η·-
923 0 952 7 *r
963 2 976 12 ι(
985 0 1026 29 ,²⁷⁸¹
1071 0 1073 4 ’
1086 0 1090 3 ’
1132 0 1148 11 u
1159 0 1206 11 :an-:-
1215 0 1262 17 ,ἧι
1271 0 1332 20 τὰς(
1350 0 1636 25 ζᾎῃῐῐῡψςὶῂρῖξε
1650 3 1714 32 *¹1¹⁷-

371 34 374 36 .
423 24 427 27 “
699 23 702 25 ’
947 23 950 26 ’
1193 30 1196 32 -
1211 31 1214 34 -
1267 27 1270 29 “
1343 24 1345 28 “
1371 23 1373 25 “
1419 27 1421 30 ⁴
1466 33 1470 36 .
1532 25 1535 29 ¹
1567 31 1571 34 v
1599 28 1638 36 ,us
1683 29 1686 31 ·
1723 27 1727 34 ¹
1747 34 1750 35 .
1771 32 1774 35 .

284 155 353 210 28
807 156 1202 204 PROLEGOME'NA
1229 170 1284 204 m
1324 207 1329 212 ,

287 288 450 333 versati
484 279 667 342 sunt¹⁰).
719 283 830 329 Tum
873 297 897 328 a
936 283 1133 343 scripulo
1168 284 1320 343 pergit
1345 282 1399 328 ad
1423 283 1651 343 dragmam
1680 277 1823 346 (lianc
1883 274 1886 275 ⁷

289 358 405 402 enim
446 356 636 400 sormam
670 353 743 398 illa
772 359 896 399 aetas
922 351 1252 418 praeferebat),
1289 352 1534 411 sicilicum,
1573 354 1807 412 sextulam,
1930 354 1941 371 ²

288 426 505 482 duellam,
541 424 744 480 unciam,
785 423 979 483 denique
1004 423 1188 481 libram,
1216 436 1366 483 neque
1394 436 1587 483 usquam
1614 423 1658 467 111
1686 424 1756 469 his
1783 437 1808 470 a

290 495 489 555 legitima
519 494 701 538 ratione
720 492 926 539 discedit.
1872 488 1881 492 ⁸

394 563 597 609 Extrema
643 562 727 609 hac
772 563 982 608 carminis
1019 563 1263 624 palticula,
1309 569 1359 608 ut
1401 535 1618 620 diximus,
1664 563 1811 609 Attica

293 634 510 695 quaedam
561 632 673 679 libra
724 635 1011 693 septuaginta
1063 634 1265 693 quinque
1318 633 1540 679 drachmis
1584 632 1809 679 definitur.
1903 594 1937 741 ξ

291 706 371 750 Hic
403 711 524 750 certe
555 703 795 763 scriptoris
827 717 1026 749 errorem
1060 703 1464 764 deprehendimus,
1503 705 1630 749 cuius
1662 711 1812 748 tamen
1867 751 1881 758 κ
1907 689 1946 743 &l

292 776 464 821 socium
491 773 890 819 habetDardanum
922 774 1047 819 illum
1076 789 1098 818 a
1123 774 1354 819 Prisciano
1382 775 1582 820 citatum.
1634 773 1812 819 Etenim*
1912 775 1946 836 {j

292 859 391 891 cum
421 845 708 905 septuaginta
737 844 939 905 quinque
965 851 1169 890 vetustae
1197 844 1434 891 drachmae
1461 845 1635 890 Atticae
1663 845 1815 889 incur·

291 921 443 961 rerent
476 916 521 959 in
548 914 706 959 libram
731 914 974 960 Romanam
993 949 1006 972 ,
1043 915 1088 960 hi
1113 915 1203 960 duo
1233 915 1505 974 scriptores,
1547 929 1645 960 cum
1680 913 1816 974 plane

293 986 524 1032 nescirent
547 992 750 1030 vetustae
771 985 1006 1030 drachmae
1027 986 1202 1031 Atticae
1223 985 1401 1046 pondus
1422 985 1648 1030 diversum
1671 984 1811 1030 fuisse
1925 1025 1932 1035 ,

259 1054 315 1105 [a
341 1055 515 1116 vulgari
542 1055 846 1100 Romanorum
875 1055 1100 1112 drachma,
1127 1056 1214 1101 1100
1241 1062 1310 1100 est
1335 1054 1520 1101 denario
1538 1054 1813 1110 Neroniano,
1881 1110 1890 1118 .
1942 1052 1946 1064 ¹

291 1126 518 1176 finxerunt
543 1126 734 1170 Atticam
773 1125 991 1185 quandam
1028 1125 1186 1171 libram
1224 1125 1294 1170 vel
1332 1126 1494 1170 minam
1525 1125 1815 1186 septuaginta

293 1197 494 1256 quinque
535 1195 847 1241 drachmarum
891 1196 984 1240 sive
1026 1190 1390 1254 denariorumfl).
1469 1197 1617 1255 Atque
1662 1194 1816 1240 eadem
1890 1207 1894 1211 ’

293 1267 469 1311 ratione
505 1267 694 1326 proximi
733 1266 867 1310 huius
896 1267 1106 1312 carminis
1134 1280 1292 1312 versus
1321 1264 1564 1324 (32—40)
1590 1264 1816 1310 iudicandi

293 1342 416 1392 sunt,
443 1336 518 1381 ubi
545 1337 694 1381 Attica
721 1336 938 1396 pondera,
969 1336 1209 1395 talentum,
1234 1338 1370 1395 mina,
1392 1336 1624 1393 drachma,
1653 1335 1816 1381 obolus

293 1406 556 1452 afferuntur.
615 1405 831 1451 Nimirum
868 1420 968 1452 cum
1007 1406 1220 1467 scriptori
1258 1412 1526 1467 persuasum
1558 1407 1616 1451 sit
1640 1406 1817 1451 Atticae

294 1477 530 1522 drachmae
568 1475 785 1536 (itemque
823 1476 964 1535 oboli)
999 1477 1179 1536 pondus
1214 1488 1304 1522 non
1347 1477 1526 1522 differre
1564 1491 1587 1522 a
1615 1476 1814 1521 Romana

294 1547 545 1607 ponderum
579 1547 755 1591 ratione
794 1560 926 1607 quam
954 1546 1087 1591 modo
1117 1547 1350 1606 exposuit,
1390 1547 1599 1606 sequitur
1625 1554 1676 1591 ut
1701 1546 1819 1591 Aui-

297 1631 392 1663 cam
413 1617 577 1660 minam
599 1615 731 1662 saciat
754 1622 972 1676 quattuor
991 1616 1214 1661 drachmis
1235 1616 1446 1662 maiorem
1463 1617 1657 1662 Romana
1678 1615 1816 1672 libra3

300 1693 392 1732 tum
422 1692 569 1731 autem
598 1687 764 1746 repetit
796 1685 951 1730 salsam
981 1687 1108 1731 istam
1136 1686 1276 1732 librae
1292 1687 1468 1732 Atticae
1490 1686 1813 1732 definitionem.

403 1755 619 1815 Sequitur
656 1756 769 1801 assis
806 1755 1066 1802 distributio
1095 1755 1173 1814 (vs.
1206 1754 1430 1818 41—55)
1462 1758 1572 1802 scite
1609 1756 1653 1800 111
1680 1757 1822 1802 versi-

298 1827 425 1872 culos
462 1826 655 1871 redacta.
731 1826 810 1871 Ubi
847 1825 1035 1871 sormam
1074 1827 1333 1885 decumis,
1381 1841 1513 1887 quam
1555 1826 1815 1872 nominativi

212 1938 219 1944 .
297 1897 399 1942 loco
438 1895 620 1956 plurimi
656 1896 771 1942 salso
808 1895 1086 1956 habuerunt,
1123 1898 1369 1958 genitivum
1409 1911 1509 1942 esse
1547 1910 1598 1942 ex
1625 1898 1821 1942 decunx·

299 1974 429 2014 acute
455 1966 675 2012 Christius
700 1962 1005 2027 perspexit¹²).
1065 1967 1303 2044 Praeterea
1330 1967 1384 2012 ad
1410 1968 1519 2013 haec
1544 1966 1654 2012 nihil
1682 1967 1821 2013 adno-

293 2036 492 2082 tandum.

402 2107 511 2151 Tum
554 2107 693 2152 ‘haec
727 2107 780 2152 de
815 2107 1114 2167 ponderibus'
1121 2142 1132 2163 ,
1158 2108 1325 2168 -inquit
1357 2108 1642 2168 scriptor,‘
1660 2121 1820 2167 super-

295 2183 364 2223 est
400 2190 535 2236 pars
576 2176 763 2222 altera
807 2176 977 2234 nobis',
1016 2178 1188 2224 scilicet
1224 2184 1274 2222 ut
1308 2190 1546 2223 mensurae
1589 2177 1818 2237 liquorum

295 2261 347 2292 ac
372 2247 585 2292 frumenti
614 2246 894 2307 explicentur
923 2245 1003 2305 (vs.
1032 2246 1274 2306 56—90).
1327 2247 1406 2292 Hic
1433 2254 1555 2293 recte
1581 2248 1739 2306 incipit
1765 2247 1818 2294 ab

296 2318 512 2378 amphora
540 2317 735 2362 Romana
763 2318 855 2362 sive
883 2317 1190 2376 quadrantali,
1221 2317 1340 2377 quod
1368 2316 1594 2378 quomodo
1627 2331 1678 2362 ex
1705 2317 1820 2378 pede

296 2394 507 2447 porrecto
549 2386 789 2446 efficiatur,
826 2396 1031 2433 accurate
1076 2388 1369 2433 demonstrat.
1434 2387 1599 2433 Deinde
1643 2387 1819 2433 minora

297 2471 440 2517 usque
471 2458 522 2502 ad
551 2458 758 2517 cyathum
789 2457 848 2503 ita
875 2457 1093 2518 explicat,
1134 2465 1185 2504 ut
1220 2465 1264 2503 et
1301 2458 1512 2503 frumenti
1546 2465 1589 2503 et
1625 2457 1818 2519 liquido-

384 2622 452 2673 10)
486 2622 615 2664 Conf.
646 2622 735 2664 vol.
769 2623 790 2663 I
821 2635 864 2675 p.
898 2624 951 2663 96
986 2622 1102 2670 adn„
1135 2636 1177 2675 p.
1211 2623 1303 2663 140.
1365 2622 1644 2662 Praesertim
1675 2621 1819 2663 multa

296 2678 343 2716 in
374 2677 459 2717 hoc
492 2691 661 2731 genere
705 2682 981 2719 commentos
1021 2691 1120 2719 esse
1163 2681 1346 2719 constat
1375 2678 1616 2718 Hebraeos
1646 2678 1818 2719 veteris

298 2735 562 2773 testamenti
594 2735 883 2787 interpretes.

412 2788 486 2840 11)
515 2789 646 2830 Haec
680 2790 913 2843 explicata
945 2794 1049 2831 sunt
1082 2804 1108 2831 a
1137 2789 1374 2831 Boeckhio
1405 2803 1448 2843 p.
1484 2790 1582 2835 117,
1617 2787 1815 2831 Christio

296 2857 339 2908 p.
373 2845 426 2884 56
457 2856 491 2883 s.
527 2844 860 2894 (commentarii
891 2847 937 2886 in
966 2847 1056 2887 vol.
1081 2846 1102 2886 1
1132 2859 1174 2899 p.
1207 2847 1258 2887 67
1292 2845 1394 2886 adn
1428 2847 1453 2886 5
1486 2845 1652 2897 citati),
1685 2845 1818 2886 nobis

297 2900 344 2939 in
374 2898 604 2951 Philologi
634 2901 723 2941 vol.
754 2903 885 2942 XXII
915 2916 955 2955 p.
990 2904 1073 2943 205
1104 2914 1139 2942 s.
1173 2903 1255 2943 210
1286 2914 1320 2942 S.

410 2955 479 3005 12)
511 2954 627 2995 Mus.
658 2956 800 2997 Rhen.
834 2957 913 2997 XX
947 2971 989 3010 p.
1022 2958 1074 2998 66
1106 2969 1141 2998 s.
