1946 3220
302 130 410 184 244
662 145 983 182 FRAGMENTA
1019 145 1088 177 DE
1127 145 1385 181 MENsums
1727 127 1829 200 [67]

305 258 547 323 κείμενον
574 258 635 310 τὸ
663 273 719 318 ο,
747 256 785 307 13
813 237 859 316 ῗ.
899 253 1034 317 παρ’
1059 252 1220 307 ἐνίοις
1244 258 1303 310 δὲ
1328 256 1489 323 εὗρον
1512 255 1732 317 οὐγγίαν
1751 261 1829 326 τῷ
1919 296 1921 298 -

306 361 337 397 ν
363 344 693 407 ἐπικείμενον
729 344 791 395 τὸ
819 361 878 407 ο,
919 325 967 400 ν’.

413 427 459 480 5.
499 429 587 497 Τῷ
617 429 674 479 δὲ
701 445 734 492 μ
761 428 1091 494 ἐπικείμενον
1119 445 1144 481 ε
1171 428 1329 493 μέρος
1355 428 1525 490 δηλοῖ,
1553 409 1598 491 fi.

412 510 458 561 6.
497 511 739 574 Πλάγιον
767 514 825 566 δὲ
847 514 877 564 λ
897 514 991 567 τὰς
1017 511 1226 577 κεραίας
1246 511 1374 577 ἔχον
1390 512 1637 577 ’δραχμὴν
1661 511 1829 574 δηλοῖ,

251 603 277 642 5
312 598 376 646 <.
428 594 500 648 εἰς
526 597 584 648 δὲ
615 597 680 649 τὰ
708 597 957 664 εὐώνυμα
986 596 1237 662 ἣμίςειαν,
1261 596 1322 648 >.

217 697 280 731 781
413 679 458 731 7.
497 681 572 733 Τὸ
603 682 661 734 δὲ
687 682 982 747 Ῥωμαϊκὸν
1006 691 1038 734 s
1059 681 1191 746 παρ’
1211 680 1375 734 ἐνίοις
1399 680 1493 745 μὲν
1514 681 1830 747 τριώβολον.

303 764 440 829 παρ’
463 764 584 830 ἡμῖν
613 767 672 818 δέ
695 766 898 820 παντὸς
922 767 1152 830 ςταθμοῦ
1180 764 1242 817 τὸ
1267 763 1430 829 ἥμιςυ.

411 847 457 900 8.
495 849 737 912 Πλάγιον
770 850 828 903 δὲ
856 851 866 903 Ι
896 851 927 915 ἢ
951 860 982 903 5
1014 848 1241 916 ὀβολόν,
1269 849 1311 912 λ,
1343 886 1417 906 α..

599 1032 821 1085 67-70,
903 1033 1135 1085 Tabulae
1167 1033 1530 1085 Oribasianae.

215 1132 275 1172 ⁷10
844 1131 978 1183 (Vide
1010 1133 1123 1187 prol.
1158 1136 1181 1185 ξ
1212 1135 1303 1185 48.)

376 1213 554 1280 [Ἀρχὴ
585 1215 677 1267 ςὺν
707 1219 812 1284 Θεῷ
841 1215 975 1284 ἁγίῳ
1005 1217 1124 1281 περὶ
1154 1217 1362 1282 μέτρων
1398 1217 1481 1268 καὶ
1517 1218 1756 1280 ςταθμῶν

897 1300 1236 1368 Ὀριβαςίου]

302 1422 386 1476 67.
441 1425 575 1491 Περὶ
612 1425 821 1490 μέτρων
859 1428 943 1479 καὶ
977 1431 1219 1491 ςταθμῶν
1257 1426 1489 1490 ἰατρικὸν
1531 1426 1829 1492 Ὀριβαςίου

612 1510 805 1575 ςαφές,
837 1510 967 1564 κατὰ
994 1510 1263 1576 ἐμπειρίαν
1292 1510 1523 1575 δόκιμον.

219 1625 273 1663 15
414 1607 458 1658 1.
497 1607 556 1659 ‘O
582 1607 831 1672 μέδιμνος
857 1609 964 1674 ἔχει
993 1608 1170 1675 λίτρας
1197 1606 1289 1673 μη’.

408 1689 456 1742 2.
491 1691 566 1744 Τὸ
592 1691 879 1757 ἡμέδιμνον
910 1693 1088 1757 λίτρας
1114 1691 1202 1745 κδ’.

410 1774 458 1827 3.
492 1775 551 1827 ‘O
578 1776 711 1840 χόας
738 1776 847 1841 ἔχει
870 1776 1048 1841 λίτρας
1074 1775 1117 1829 ι’.

409 1859 457 1911 4.
496 1860 556 1912 ‘O
587 1860 754 1925 χοῖνιξ
781 1860 889 1925 ἔχει
917 1860 1095 1926 λίτρας
1121 1860 1178 1919 ς’.

409 1943 456 1995 5.
494 1944 553 1996 ‘O
582 1945 760 2009 Ξὲςτης
787 1944 895 2009 ἔχει
921 1945 1104 2010 λίτραν
1132 1944 1180 1997 α’
1204 1945 1251 1998 C.

213 2046 275 2086 20
411 2026 456 2079 6.
494 2029 554 2080 ‘H
582 2031 685 2092 μνᾶ
710 2028 818 2093 ἔχει
845 2029 1026 2094 λίτραν
1056 2029 1103 2081 α’
1127 2030 1210 2081 καὶ
1240 2029 1454 2091 οὐγγίας
1482 2028 1539 2081 δ’.

412 2111 457 2162 7.
495 2112 553 2164 ‘H
584 2111 733 2176 λίτρα
766 2113 874 2176 ἔχει
900 2112 1117 2176 οὐγγίας
1144 2113 1219 2178 ιβ’.

406 2195 452 2247 8.
490 2196 547 2248 Ἡ
575 2195 768 2260 κοτύλη
804 2196 912 2260 ἔχει
939 2195 1154 2258 οὐγγίας
1182 2196 1238 2249 Θ’.

410 2279 456 2331 9.
494 2279 569 2332 Τὸ
593 2279 825 2344 τρίβλιον
853 2279 960 2343 ἔχει
987 2280 1204 2342 οὐγγίας
1231 2277 1286 2332 Θ’.

341 2420 348 2439 1
378 2363 456 2415 10.
495 2364 551 2416 ‘H
580 2364 714 2428 μνέα
740 2364 846 2428 ἔχει
874 2363 1093 2426 οὐγγίας
1120 2362 1176 2430 Of.

419 2577 458 2616 1.
490 2573 685 2628 οὒγγίαν
714 2574 805 2628 τῷ]
843 2573 877 2621 [3
908 2574 964 2616 τὸ
989 2577 1047 2617 Clz
1162 2580 1200 2618 3.
1233 2575 1301 2616 Τὸ
1332 2574 1381 2616 δὲ
1403 2588 1432 2628 μ
1454 2576 1513 2616 ΟΙι
1627 2576 1665 2616 8.
1691 2598 1735 2618 ω
1756 2577 1826 2617 bis

302 2644 447 2685 habet
478 2646 538 2686 Gk
1342 2652 1346 2655 ⁴

423 2715 490 2753 14.
523 2713 753 2768 ἐμπηρίαν
786 2717 884 2758 cod.
1032 2718 1098 2758 15.
1133 2714 1308 2768 λίτρας]
1352 2709 1483 2767 λητρ’
1515 2715 1613 2760 cod.
1760 2718 1825 2759 17.

306 2780 482 2833 λήτρας
522 2784 637 2836 cod„
676 2786 787 2826 item
820 2787 871 2827 18
1045 2788 1110 2827 19.
1143 2784 1321 2838 λήτραν
1353 2785 1402 2826 α·
1434 2779 1491 2826 C'
1524 2786 1621 2826 cod.
1758 2788 1825 2827 20.

306 2849 487 2903 λήτραν
519 2852 616 2894 eod.
731 2857 799 2898 21.
831 2854 982 2908 λήτρα
1014 2857 1110 2899 cod.
1283 2858 1350 2897 24.
1383 2848 1442 2907 Θ’]
1487 2849 1545 2908 ιη’
1575 2854 1739 2896 suadet
1772 2857 1825 2897 fr.

305 2922 381 2973 58,
418 2923 470 2962 10
