1946 3220
312 147 419 203 214
496 155 518 194 Ἃ
553 206 576 217 „⁷
718 165 1037 202 FRAGMENTA
1073 166 1141 199 DE
1181 166 1441 203 Mnusmus
1743 126 1932 225 [455ἶέ

312 276 488 330 ποιῶν
535 276 631 328 τὸν
683 274 910 338 ςταθμόν
959 273 1215 328 ἁπάντων
1266 277 1378 330 τῶν
1429 275 1727 342 φαρμάκων
1771 276 1847 334 εἰς’

312 359 546 425 δραχμὰς
575 359 791 422 ἀνῆγεν,
818 358 847 411 ὁ
876 359 935 411 δὲ
961 358 1163 423 Κρίτων
1196 359 1293 423 τὴν
1321 360 1415 425 μὲν
1442 359 1716 425 ἀμπελῖτιν
1742 364 1846 427 γῆν

1899 137 1915 160 s·

1893 199 1946 228 2εέ

312 445 396 497 καὶ
431 444 528 507 τὴν
565 441 840 508 ἄςφαλτον
879 442 963 495 καὶ
990 443 1089 508 τὴν
1127 443 1448 509 λιθάργυρον
1479 444 1545 497 οὐ
1579 445 1712 498 κατὰ
1746 446 1844 501 τὸν
1906 468 1913 472 ·

311 529 421 581 τῶν
447 529 700 591 δραχμῶν
720 527 948 591 ςταθμὸν
976 526 1234 592 ἔγραψεν,
1256 527 1392 582 ἀλλὰ
1418 530 1552 593 μνᾶς
1573 525 1617 595 β’
1631 529 1845 595 ἑκάςτης

256 617 282 657 5
313 610 492 664 αὐτῶν
518 610 738 675 ἠξίωςεν
759 611 1052 677 ἐμβάλλειν.
1077 612 1481 678 διαπεφώνηται
1506 613 1566 666 δὲ
1588 615 1701 666 τοῖς
1725 613 1846 680 περὶ

308 699 419 748 τῶν
451 697 694 760 ςταθμῶν
729 695 812 748 καὶ
839 695 1047 761 μέτρων
1081 695 1375 761 γράψαςιν,
1399 695 1613 753 ,ὁπόςος
1648 697 1784 753 ἐςτὶν
1812 697 1863 752 ὁ,

308 781 403 843 τῆς
448 782 582 844 μνᾶς
622 779 871 844 ςταθμός,
914 779 1076 834 ἐνίων
1116 781 1211 845 μὲν
1253 779 1526 835 ἑκκαίδεκα
1570 781 1846 844 λεγόντων
1891 831 1913 839 .-

311 863 546 927 οὐγγιῶν
581 862 716 919 εἶναι
747 865 844 930 τὴν
873 866 1039 930 μνᾶν,
1079 864 1240 919 ἐνίων
1267 865 1326 918 δὲ
1356 864 1544 930 εἴκοςι,
1587 865 1748 919 ἐνίων
1786 866 1846 922 δὲ

310 948 394 1001 καὶ
428 950 809 1014 διοριζομένων
850 949 934 1002 καὶ
973 949 1071 1015 τὴν
1108 949 1203 1014 μὲν
1245 949 1647 1015 Ἀλεξανδρινὴν
1687 950 1847 1004 εἴκοςι

228 1037 280 1079 10
310 1032 631 1106 φαςκόντων
670 1032 806 1087 εἶναι
841 1033 1101 1096 οὐγγιῶν,
1137 1034 1234 1098 τὴν
1266 1034 1326 1087 δὲ
1362 1032 1529 1099 ἄλλην
1559 1033 1845 1089 ἑκκαίδεκα.

309 1117 395 1169 καὶ
418 1119 579 1170 τοῦτο
608 1119 703 1182 μὲν
731 1118 805 1170 ἔτι
831 1117 1173 1182 μικρότερον,
1209 1117 1344 1170 ἀλλὰ
1369 1119 1479 1171 τῶν
1506 1117 1579 1170 εἰς
1607 1119 1845 1183 δραχμὰς

311 1199 632 1264 ἀναγόντων
674 1203 772 1266 τὴν
818 1204 954 1266 μνᾶν
1002 1200 1124 1255 εἰςὶν
1167 1199 1220 1253 οἵ
1262 1216 1423 1266 φαςιν
1473 1200 1664 1254 ἑκατὸν
1708 1201 1847 1256 εἶναι

309 1287 563 1350 δραχμῶν
597 1286 694 1351 τὴν
734 1287 897 1351 μνᾶν,
939 1286 1072 1339 ἔνιοι
1111 1286 1171 1338 δὲ
1207 1285 1505 1339 πλειόνων·
1539 1285 1720 1351 ἐπειδὴ
1763 1286 1846 1340 καὶ

309 1370 407 1434 τὴν
436 1368 660 1433 οὐγγίαν
701 1369 752 1423 οἱ
781 1371 1016 1423 πλεῑςτοι
1045 1371 1139 1434 μὲν
1167 1369 1299 1423 ἑπτὰ
1333 1369 1418 1422 καὶ
1450 1368 1679 1435 ἡμιςείας
1716 1374 1842 1435 δρα·
1921 1387 1925 1392 ’

228 1456 283 1499 15
312 1457 463 1518 χμῶν
503 1452 639 1508 εἶναί
674 1471 862 1520 φαςιν,
905 1454 1039 1508 ἔνιοι
1069 1455 1128 1507 δὲ
1153 1452 1197 1508 ζ’
1227 1453 1431 1518 μόνον,
1481 1452 1654 1517 ἕτεροι
1689 1455 1748 1507 δὲ
1782 1453 1868 1519 η’.,

224 1552 289 1586 790
311 1537 522 1591 τούτων
561 1537 659 1592 οὖν
696 1538 870 1591 οὕτως
905 1538 1175 1602 ἐχόντων,
1217 1538 1402 1592 πόςων
1446 1539 1699 1603 δραχμῶν
1743 1537 1845 1604 χρὴ

313 1621 614 1684 λογίςαςθαι
655 1623 752 1688 τὴν
801 1622 908 1674 ὑπὸ
952 1625 1049 1674 τοῦ
1096 1621 1363 1687 Κρίτωνος
1414 1621 1845 1687 ἐγγεγραμμένην

311 1707 447 1770 μνᾶν
475 1705 612 1760 εἶναι
635 1707 872 1771 χαλεπὸν
901 1704 1090 1770 εὑρεῖν.
1122 1705 1365 1771 φαίνεται
1389 1707 1448 1759 δὲ
1470 1706 1555 1758 καὶ
1576 1705 1635 1759 ἐν
1661 1704 1846 1759 ἄλλοις
1918 1706 1923 1723 ’

311 1790 406 1854 μὲν
433 1790 466 1857 <
492 1787 537 1854 ρ’
563 1791 892 1855 βουλόμενος
917 1788 1054 1843 εἶναι
1080 1790 1176 1854 τὴν
1203 1791 1356 1854 μνᾶν.
1393 1789 1477 1841 καὶ
1505 1789 1654 1855 εἴπερ
1681 1791 1843 1843 τοῦτο

150 1923 152 1925 ,
225 1876 282 1916 ‘20
314 1873 487 1927 οὕτως
514 1874 648 1940 ἔχει,
678 1875 810 1928 κατὰ
832 1875 894 1927 τὸ
921 1873 1197 1928 διπλάςιον
1223 1874 1323 1940 χρὴ
1349 1875 1499 1928 νοεῖν
1519 1876 1611 1939 τῆς
1634 1873 1844 1928 Ἱκεςίου

311 1957 409 2023 τὴν
447 1959 683 2013 ςύνθεςιν
719 1959 1018 2025 γεγράφθαι
1056 1958 1191 2023 παρ’
1216 1957 1410 2022 αὐτοῦ,
1447 1960 1545 2011 τοῦ
1584 1960 1679 2022 μὲν
1712 1958 1846 2024 Ἡρᾶ

311 2042 626 2107 γράψαντος
662 2044 781 2108 περὶ
815 2046 924 2096 τῶν
959 2044 1121 2107 τριῶν
1148 2042 1356 2096 τούτων
1397 2042 1694 2108 φαρμάκων
1731 2043 1842 2094 τῶν

312 2126 546 2189 πρώτων
571 2155 642 2166 ·—
668 2127 859 2181 ἑκατὸν
888 2126 1108 2179 ἑκάςτου
1134 2125 1369 2190 δραχμὰς
1393 2125 1454 2178 τὸ
1483 2125 1673 2192 βάρος,
1706 2126 1776 2179 εἰς
1802 2123 1845 2180 ς’

313 2210 372 2263 δὲ
394 2213 491 2264 τοῦ
526 2210 790 2275 Κρίτωνος
817 2210 1130 2271 ἀνάγοντος.

226 2366 282 2406 25
453 2362 539 2416 45.
592 2363 827 2416 Indidem
856 2368 1123 2428 (012.X111,
1161 2371 1266 2425 779.
1320 2369 1372 2414 ts.
1401 2369 1546 2426 XIII,
1578 2367 1701 2427 793).

421 2463 843 2528 *Γεγραμμένων
883 2462 981 2517 οὖν
1017 2463 1071 2518 ἓξ
1107 2464 1349 2516 κοτυλῶν
1386 2462 1532 2528 παρὰ
1566 2463 1662 2514 τοῦ
1694 2462 1841 2525 Ἡρᾶ,

315 2549 481 2609 δῆλον
510 2547 590 2600 ὅτι
617 2545 681 2613 ιβ’
706 2548 801 2601 τὸν
832 2547 1069 2612 Κρίτωνα
1094 2546 1188 2600 τὰς
1216 2545 1442 2600 κοτύλας
1465 2547 1628 2610 ἐχρῆν
1655 2544 1843 2610 ἐμβάλ-

317 2631 454 2692 λειν,
488 2630 579 2683 ἵνα
602 2632 686 2684 καὶ
708 2633 840 2684 κατὰ
865 2634 1026 2685 τοῦτο
1054 2631 1330 2684 διπλάςιον
1355 2631 1386 2698 ᾖ
1416 2630 1478 2682 τὸ
1504 2630 1698 2694 μέτρον
1716 2670 1729 2691 ,
1767 2628 1844 2682 ῶς

316 2712 402 2764 ἐπὶ
423 2715 533 2765 τῶν
559 2714 754 2786 ἄλλων.
785 2715 921 2767 ἀλλὰ
944 2715 1235 2780 γέγραπταί
1255 2731 1316 2776 γε
1335 2715 1470 2777 παρ’
1497 2713 1640 2782 αὐτῶ
1660 2712 1843 2766 ἐλαίου

431 2883 470 2924 9.
504 2880 856 2934 Ἀλεξανδρικὴν
880 2885 937 2925 Cle
1026 2885 1092 2925 14.
1124 2882 1308 2937 ἡμίςεος
1329 2882 1467 2937 vulgo
1585 2884 1650 2923 19.
1686 2880 1710 2923 ὁ
1735 2884 1840 2923 ante

318 2949 603 3001 βουλόμενος
634 2950 769 3003 vulgo
804 2952 919 3005 add.;
952 2958 998 2996 at
1022 2953 1142 2997 conf.
1165 2967 1208 3008 p.
1230 2953 1312 2996 817
1333 2950 1542 3006 (Killzn.):
1576 2950 1717 3004 δῆλός
1748 2950 1842 2994 {cn
