1946 3220
283 135 390 190 280
727 109 729 111 V
884 150 1203 186 FRAGMENTA
1706 135 1808 204 [92]

536 608 646 671 IV.
707 609 1096 690 Fragmenta
1141 608 1218 670 de
1262 609 1554 671 nummis,

285 775 366 829 92.
417 775 505 828 Ex
535 777 763 829 Pollucis
788 779 1106 830 onomastico
1142 783 1302 846 caput
1325 778 1444 845 περὶ
1471 777 1810 844 νομιςμάτων

889 867 951 927 (9,
980 867 1205 926 51—93).

767 976 902 1028 (Vide
933 976 1048 1030 prol.
1080 977 1104 1027 ἕ
1134 978 1203 1018 94.
1235 975 1332 1030 95.)

225 1086 254 1127 5
285 1072 440 1140 [Περὶ
463 1072 620 1127 εἰδῶν
647 1073 730 1125 καὶ
756 1077 932 1139 μερῶν
959 1073 1321 1137 νομιςμάτων,
1349 1073 1614 1127 ταλάντου
1639 1090 1696 1126 τε
1728 1074 1813 1135 καὶ

283 1158 416 1222 μνᾶς
449 1157 534 1209 καὶ
570 1159 823 1222 ςτατῆρος
860 1158 943 1209 καὶ
970 1160 1203 1222 δραχμῆς
1232 1157 1316 1209 καὶ
1351 1157 1814 1223 πεντηκονταδρόι-

367 1257 505 1307 χμου
530 1241 613 1293 καὶ
638 1240 1046 1306 πενταδράχμου
1071 1241 1155 1294 καὶ
1186 1244 1297 1296 τῶν
1321 1244 1500 1307 μερῶν
1527 1241 1725 1310 αὐτῆς]

219 1366 258 1399 51
392 1352 469 1405 Οὐ
495 1354 711 1419 φαῦλον
734 1354 881 1408 δ’ἂν
902 1352 982 1418 εἴη
1005 1354 1204 1418 βραχέα
1226 1354 1813 1419 καὶπερὶνομιςμά-

201 1453 253 1492 10
283 1453 414 1491 των
441 1436 632 1491 εἰπεῖν·
666 1437 732 1490 τὰ
757 1438 851 1501 μὲν
875 1438 977 1502 γὰρ
1004 1438 1124 1503 περὶ
1147 1438 1458 1503 τραπεζίτας
1483 1438 1732 1503 κίβδηλόν
1758 1454 1814 1491 τε

283 1522 367 1574 καὶ
400 1521 656 1587 ἐπίςημον
692 1522 913 1586 νόμιςμα
942 1521 1077 1587 ἔχεις
1113 1522 1495 1587 προειρημένα,
1533 1522 1733 1574 κωλύοι
1759 1522 1813 1574 δ’

284 1605 351 1660 ἂν
385 1604 545 1661 οὐδὲν
581 1605 692 1671 εἴδη
736 1623 793 1658 τε
840 1606 923 1658 καὶ
972 1606 1099 1672 μέρη
1150 1606 1483 1670 νομιςμάτων
1531 1605 1812 1672 ὁρὶςαςθαι.

282 1689 536 1743 Πλάτωνι
570 1691 664 1753 μὲν
701 1690 805 1755 γὰρ
843 1691 926 1742 καὶ
961 1690 1120 1755 τέχνη
1160 1706 1235 1742 τις
1274 1690 1379 1744 ἔςτι
1411 1706 1813 1755 νομιςματοπω-

219 1799 260 1834 52
283 1774 422 1838 λική,
466 1774 548 1825 καὶ
583 1775 1111 1839 νομιςματοπωλικὸν
1148 1776 1375 1838 πρᾶγμα.
1438 1773 1482 1826 εἰ
1516 1775 1575 1827 δὲ
1611 1775 1673 1827 τὸ
1708 1775 1814 1826 τά-

200 1874 253 1914 15
284 1859 527 1912 λαντον
567 1858 811 1923 μέγιςτόν
850 1858 954 1911 ἐςτι
988 1858 1207 1924 χρυςίου
1239 1858 1323 1910 καὶ
1354 1857 1611 1923 ἀργυρίου
1638 1858 1815 1924 μέρος,

285 1942 567 2008 ἐναρμόςαι
617 1942 684 1995 ἂν
730 1941 858 1995 ἴςως
901 1942 972 1995 εἰς
1022 1945 1185 1995 τοῦτο
1237 1943 1325 1994 καὶ
1361 1942 1394 2006 ἡ
1433 1942 1815 2006 Δημοςθένους

284 2026 880 2090 πεντηκονταταλαντία.
935 2027 1122 2095 ῥᾴδιον
1148 2027 1208 2079 δὲ
1236 2026 1403 2091 αὐτὴν
1429 2027 1561 2079 κατὰ
1590 2028 1652 2079 τὸ
1683 2043 1815 2092 προ-

211 2158 217 2163 .
283 2109 527 2172 κείμενον
554 2113 721 2175 ςχῆμα
750 2111 927 2166 αὔξειν
953 2128 1010 2165 τε
1034 2110 1119 2163 καὶ
1145 2110 1427 2164 ἐλαττοῦν·
1464 2111 1548 2163 καὶ
1571 2111 1674 2175 γὰρ
1699 2110 1814 2163 ἑκα-

284 2193 668 2249 τονταλαντίαν
711 2194 847 2249 ἕςτιν
891 2194 1073 2248 εἰπεῖν,
1097 2194 1228 2246 κατὰ
1271 2195 1368 2258 τὴν
1412 2193 1674 2259 ὑφήγηςιν
1717 2196 1814 2246 τοῦ

202 2294 256 2334 20
285 2278 675 2343 προειρημένου
726 2280 809 2330 καὶ
857 2277 1270 2332 δεκαταλαντίαν
1320 2278 1403 2330 καὶ
1453 2277 1560 2330 ἀπὸ
1611 2278 1815 2331 παντὸς

288 2360 508 2427 ἀριθμοῦ
536 2363 788 2416 πλείονός
813 2379 869 2416 τε
896 2363 980 2415 καὶ
1005 2362 1317 2426 ἐλάττονος,
1345 2362 1485 2415 ὅπου
1514 2364 1580 2427 μὴ
1606 2363 1668 2414 τὸ
1697 2363 1815 2414 δύς-

289 2450 553 2510 φθεγκτον
589 2447 674 2499 καὶ
709 2447 771 2500 τὸ
806 2447 971 2512 τραχὺ
1007 2446 1145 2511 πρὸς
1182 2447 1280 2512 τὴν
1319 2446 1487 2512 ἀκοὴν
1531 2445 1814 2510 ἐμποδίζοι.

290 2529 352 2581 τὸ
389 2531 446 2583 δὲ
479 2531 745 2586 τάλαντον
780 2531 847 2596 ἦν
876 2533 970 2595 μὲν
1003 2531 1088 2583 καὶ
1119 2534 1347 2595 ςταθμοῦ
1375 2549 1422 2584 τι
1453 2530 1653 2594 ὄνομα,
1689 2522 1815 2583 ὅθεν

291 2613 374 2663 καὶ
402 2615 546 2678 παρὰ
572 2616 937 2681 Ἀριςτοφάνει
964 2615 1100 2669 ἔςτιν
1128 2614 1406 2679 εἰρημένον

406 2794 445 2833 5.
477 2792 595 2846 Περὶ
628 2795 767 2838 εἰδῶν
795 2811 940 2851 usque
975 2799 1032 2840 ad
1064 2797 1210 2850 αὐτῆς
1244 2811 1330 2838 om.
1363 2797 1430 2838 Be
1518 2794 1815 2847 νομιςμάτων

292 2863 471 2903 correxi
501 2876 580 2916 pro
613 2862 864 2916 ὀνομάτων
971 2871 1038 2911 11.
1070 2866 1243 2908 κωλύει
1272 2867 1331 2907 Di
1444 2868 1512 2906 22.
1546 2865 1620 2906 καὶ
1651 2863 1727 2918 τὸ]
1762 2876 1815 2906 τε

294 2930 367 2973 καὶ
399 2933 457 2973 Di
