1946 3220
828 14 929 26 -Δ,,,,
964 24 972 32 ⁰

739 36 748 44 ι
854 37 903 52 ὃ.
958 43 972 55 ’⁴

862 59 895 66 ,ι

1 146 7 184 z
148 131 278 204 [141]
309 148 464 186 oum
481 149 670 184 vnnsxo
695 133 1016 186 ‘rA’Bumnuu
1030 149 1525 186 ALEXANDRINARUM.
1566 132 1669 186 145

5 255 8 284 ³
131 260 280 312 ·lasve
332 260 588 318 dividitur,
637 276 758 326 quas
802 261 1024 311 heminas
1064 276 1317 311 vocamus,
1391 260 1505 313 lanx
1550 276 1666 310 vero

150 344 372 397 cotulave
407 347 459 395 in
498 345 594 394 duo
632 344 882 394 acetabula
910 345 1225 410 oxybapbave
1251 344 1492 396 dividitur.
1555 360 1665 394 ace·

149 428 370 480 tabulum
410 428 760 492 oxybaphonve
798 430 848 478 in
888 436 988 480 tres
1026 430 1229 479 cuathos
1265 430 1521 495 cyathosve
1547 429 1667 479 divi·

150 530 258 564 sum
313 521 400 563 est.
484 513 687 562 cuathus
736 513 994 578 cyathosve
1040 521 1221 579 mystra
1274 520 1484 579 quatuor
1538 513 1665 569 facit,

148 614 275 664 quae
301 597 448 663 lystra
476 597 670 660 quidam
700 613 845 661 saepe
872 600 1161 648 vocitarunt.
1202 598 1530 653 cochlearium
1551 614 1666 647 vero
1698 602 1724 642 5

148 683 320 748 mystri
348 682 600 732 dimidium
630 689 717 731 est.
782 684 1021 731 sextarius
1057 698 1174 746 ergo
1201 690 1420 732 xestesve
1447 684 1496 731 in
1523 683 1668 732 coch-

148 767 300 817 learia
339 782 426 816 sex
465 774 512 815 et
548 767 811 830 nonaginta
851 766 1066 816 solvitur.

257 850 337 902 13.
388 851 646 901 Mensurae
699 852 843 900 etiam
894 851 987 900 olei
1037 851 1257 900 similiter
1306 851 1518 910 habent,
1576 853 1668 902 nisi

145 936 280 1002 quod
327 951 353 984 a
403 936 684 984 centenario
723 937 1031 1000 principium
1079 935 1285 994 habent,
1342 936 1470 1001 quod
1518 935 1669 985 libras

149 1027 347 1071 centum
394 1019 557 1069 habet.
637 1027 869 1069 metretes
917 1027 1079 1069 autem
1127 1020 1340 1070 olearius
1387 1020 1534 1071 huius
1581 1021 1667 1070 du·
1702 1024 1754 1063 10

147 1105 262 1172 plus
300 1111 387 1162 est,
428 1109 619 1154 caetera
658 1120 773 1154 vero
814 1106 1125 1155 concordant.
1189 1121 1332 1169 quam
1370 1106 1500 1154 enim
1536 1120 1667 1154 com-

147 1190 454 1255 parationem
489 1190 790 1238 rationemve
826 1188 980 1239 librae
1010 1190 1201 1255 pondus
1228 1190 1287 1238 ad
1314 1205 1479 1238 mnam
1506 1189 1666 1246 habet,

148 1273 305 1324 librae
351 1288 579 1323 mensura
630 1273 835 1323 eandem
886 1275 945 1323 ad
994 1274 1203 1323 cotulam
1251 1273 1424 1330 habet,
1472 1275 1670 1324 sextarii

144 1358 333 1408 scilicet
369 1365 592 1408 xestaeve
629 1359 899 1408 dimidium.
1370 1405 1375 1410 .

259 1441 340 1492 14.
380 1442 652 1492 Medimnus
699 1450 860 1492 autem
898 1446 1083 1494 Atticus
1127 1444 1318 1492 modios
1357 1459 1440 1492 sex
1478 1442 1669 1492 Italicos
1702 1446 1753 1487 15

146 1529 294 1592 capit.
369 1528 561 1577 modius
607 1535 766 1578 autem
812 1529 1013 1577 hecteus
1053 1535 1275 1585 vocatur,
1326 1530 1408 1592 qui
1448 1528 1544 1576 duo
1585 1528 1669 1576 he·

149 1611 388 1661 mihectea
415 1613 791 1662 semimodiosve
818 1613 941 1662 duos
968 1613 1130 1661 habet.
1182 1612 1527 1661 hemihecteon
1554 1627 1667 1661 vero

148 1696 412 1746 >choenicas
450 1703 659 1759 quatuor
697 1697 858 1753 habet,
902 1698 1109 1746 choenix
1134 1703 1296 1747 autem
1324 1698 1563 1746 sextarios
1588 1712 1670 1746 xe-

148 1787 309 1830 stasve
358 1780 503 1837 duos,
552 1782 621 1829 uti
665 1781 855 1829 modius
894 1783 954 1830 sit
991 1783 1319 1830 sextariorum
1360 1787 1670 1830 xestarumve

149 1880 237 1914 sex
276 1872 324 1914 et
361 1865 545 1914 decem.
580 1913 586 1918 ,
624 1873 916 1930 caeteraque
954 1872 1109 1914 metra
1148 1879 1467 1914 mensuraeve
1514 1865 1670 1914 sicco·
1702 1869 1756 1908 20

19 1953 35 1970 ³·
71 1975 74 1979 Δ
151 1965 260 1998 rum
301 1965 411 1999 cum
450 1948 647 2012 liquidis
686 1950 823 1998 dictis
862 1948 1082 1999 similiter
1120 1950 1318 1999 habent.

261 2031 340 2084 15.
381 2033 707 2083 Ptolemaicus
747 2049 861 2083 vero
902 2035 1176 2083 medimnus
1203 2034 1346 2083 Attici
1379 2033 1671 2097 superdimi-

148 2117 287 2167 dium
327 2125 400 2168 est
437 2117 786 2183 sesquialterve
824 2134 907 2168 seu
946 2117 1227 2174 hemioliuS,
1269 2133 1452 2183 sexque
1490 2118 1673 2167 artabis

153 2207 367 2257 constat;
416 2203 500 2251 sed
540 2205 716 2267 priscis
755 2202 1059 2267 temporibus
1098 2202 1312 2258 duabus;
1354 2217 1465 2251 nam
1506 2202 1673 2251 artabe

152 2286 429 2335 modiorum
470 2287 748 2336 Italicorum
790 2295 999 2351 quatuor
1038 2294 1084 2336 et
1111 2287 1297 2342 dimidii
1325 2286 1500 2343 fuerat,
1542 2301 1670 2335 nunc
1703 2290 1758 2329 25

151 2385 268 2420 vero
295 2378 498 2434 propter
524 2372 797 2439 Romanum
826 2388 969 2421 usum
997 2371 1194 2420 artabae
1222 2371 1499 2419 modiorum
1526 2371 1673 2419 trium

154 2461 282 2504 sunt.
1631 2441 1635 2444 ⁴

262 2536 344 2587 16.
397 2537 549 2588 Coros
587 2555 701 2588 vero
741 2540 1030 2589 Phoenicius
1077 2546 1293 2588 satorum
1342 2539 1535 2602 triginta
1576 2548 1671 2595 est;

154 2627 296 2671 saton
333 2637 446 2671 vero
474 2624 880 2687 superdimidium
909 2622 1342 2688 sesquialterumve
1370 2639 1457 2673 seu
1484 2623 1670 2673 hemio-

50 2724 54 2726 ·
91 2742 94 2744 ψ
155 2705 273 2756 lium
313 2706 461 2775 modii
500 2714 586 2756 est.
648 2714 786 2756 saton
825 2714 985 2757 autem
1025 2714 1304 2757 satorumve
1339 2723 1525 2773 paucae
1562 2714 1674 2758 sunt
1703 2711 1758 2752 30

161 2790 477 2840 differentiae.

271 2948 342 2988 24.
375 2947 567 2988 artabae
599 2947 661 2987 Ro
749 2948 818 2986 25.
850 2945 1083 2986 dimidium
1106 2947 1167 2988 Ro

216 3029 395 3059 scmr'r.
429 3030 629 3058 METROI„
662 3029 715 3059 11.
1356 3015 1423 3068 10

1024 5 1034 12 ·
1131 0 1368 37 5⁶?sz
1377 0 1436 31 ’Ἓξ
1443 0 1726 44 ’ῥἭὲῗῖἷ--ῐῖἕῖῑζ
1735 0 1831 29 ‘if-”71
1838 0 1841 1 ⁷
1848 0 1855 7 ⁴

1811 29 1816 34 .
1834 0 1946 40 „CPI’
