1946 3220
18 165 20 167 ’
67 148 273 237 ‘fa-106]
635 180 666 213 E
707 178 865 215 stA
900 179 1192 214 Exomu’m.
1485 151 1488 156 ’
1565 159 1671 218 345

16 291 19 321 s
45 296 83 350 :s
143 287 246 353 μὴν
285 284 416 350 ἦςαν
459 285 510 340 οἱ
552 287 870 354 βαλλόμενοι
913 289 1125 355 πέτροι,
1163 287 1262 343 δύο
1297 291 1356 345 δὲ
1388 291 1471 345 καὶ
1499 292 1671 348 πλέον

145 369 384 439 ἀπῄεςαν
423 371 678 426 ςταδίους.
725 372 758 437 ἡ
784 374 959 438 πληγὴ
990 374 1046 427 δ’
1073 373 1139 427 οὐ
1172 375 1283 427 τοῖς
1318 379 1671 442 προςτυχοῦςι

143 455 340 520 μόνον,
368 455 454 508 ἐπὶ
479 457 620 510 πολὺ
646 457 706 510 δὲ
731 458 815 511 καὶ
838 460 949 512 τοῖς
974 459 1091 524 μετ’
1117 458 1351 514 ἐκείνους
1372 458 1439 525 ἦν
1466 459 1671 516 ἀνυπό-

14 529 38 578 ss
144 545 364 593 ςτατος.’
389 570 461 579 -
485 539 794 607 Αἰτιώμενοι
828 543 887 596 δὲ
920 542 1017 598 τὸν
1042 543 1305 609 Περικλέα
1339 546 1671 611 πεντήκοντα

34 642 71 662 ¹-
142 623 422 677 ταλάντοις
447 625 754 691 ἐζημίωςαν.
1700 639 1728 681 ⁶

249 709 690 776 Τεταρτημόριον,
720 707 994 777 δίχαλκον·
1029 713 1060 766 ὁ
1085 713 1188 779 γὰρ
1213 715 1442 779 χαλκοῦς
1468 713 1671 777 ὄγδοον

143 796 239 846 τοῦ
268 793 485 859 ὀβολοῦ.
532 795 615 848 καὶ
639 796 1051 862 τεταρτημόριόν
1077 814 1195 853 τινα
1222 799 1515 864 καλοῦμεν,
1550 799 1670 854 οἷον

142 878 395 942 διχάλκου
422 878 587 934 ἄξιον.

249 963 699 1031 Τεταρτημόριον,
737 965 800 1020 τὸ
819 966 1081 1033 ’τέταρτον
1114 967 1276 1033 μέρος
1313 970 1411 1022 τοῦ
1448 966 1671 1034 ὀβολοῦ,

141 1047 376 1100 τουτέςτι
401 1050 592 1114 χαλκοῖ
616 1051 730 1103 δύο.
963 1040 970 1044 ’
1703 1059 1757 1101 10

248 1133 599 1199 Τετρώβολον
616 1176 629 1198 ,
656 1135 890 1189 τουτέςτι
916 1137 1289 1202 πολυτίμητον.
1331 1136 1474 1189 οὕτω
1501 1137 1560 1190 δὲ
1586 1135 1671 1190 λέ-

139 1232 290 1280 γουςι
330 1218 394 1271 τὸ
428 1221 872 1286 τετρωβολιαῖον,
910 1220 1146 1274 τουτέςτι
1182 1221 1522 1287 τετρωβόλου
1557 1236 1671 1274 πω-

140 1301 424 1367 λούμενον.

248 1401 613 1467 Τριτημόριον.
675 1403 801 1455 τοὺς
839 1403 894 1456 ἓξ
936 1404 1167 1468 χαλκοῦς
1211 1401 1385 1467 εἴρηκε
1420 1403 1672 1468 Φιλήμων

139 1487 238 1538 τοῦ
265 1484 470 1551 ὀβολοῦ
501 1486 850 1551 τριτημόριον.
902 1486 1151 1551 θαυμάζω
1184 1485 1283 1550 οὖν
1311 1487 1419 1549 ἐγὼ
1447 1490 1564 1541 πῶς
1590 1504 1672 1541 τε·
1705 1492 1759 1535 15

139 1570 493 1635 ταρτημόριόν
527 1569 619 1623 εἰςι
652 1570 752 1623 δύο
789 1572 1003 1636 χαλκοῖ,
1045 1571 1381 1637 τριτημόριον
1419 1572 1479 1624 δὲ
1517 1571 1594 1625 {z-
1630 1571 1675 1626 εἰ

141 1654 209 1719 μὴ
238 1653 342 1720 ἄρα
368 1655 541 1709 ἐκεῖνο
568 1655 663 1720 μὲν
689 1655 886 1723 κυρίως
923 1655 1202 1720 ὠνομάςθη
1231 1655 1484 1720 τέταρτον
1513 1656 1675 1721 μέρος

141 1740 240 1791 τοῦ
281 1737 513 1804 ὀβολοῦ,
555 1739 617 1792 τὸ
657 1740 716 1793 δὲ
750 1739 1113 1805 τριτημόριον,
1161 1739 1235 1793 ὡς
1272 1738 1380 1792 ἀπὸ
1417 1738 1462 1791 δ’
1494 1741 1673 1804 μερῶν

143 1820 323 1878 ὄντων
349 1823 453 1878 ἀνὰ
479 1823 578 1877 δύο
614 1826 871 1890 χαλκοῦς,
910 1823 1027 1889 τρία
1061 1823 1189 1889 ἔχον
1216 1823 1344 1889 μέρη
1374 1822 1419 1882 ς’
1443 1824 1673 1888 χαλκοῦς

142 1907 369 1970 ςυνάγει.
1702 1910 1758 1953 20

251 1991 443 2057 Τρίτον
481 1991 824 2059 ἣμίδραχμον.
872 1993 967 2046 τὰς
1014 1992 1112 2046 δύο
1149 2001 1180 2044 s
1218 1991 1453 2057 δραχμὰς
1501 1990 1674 2044 οὕτως

142 2075 386 2130 εἰώθαςιν
417 2074 702 2144 ὀνομάζειν
730 2077 781 2131 οἱ
804 2077 1036 2131 παλαιοί.

250 2161 698 2228 Τριωβολιμαῖος,
725 2165 887 2230 τριῶν
915 2162 1148 2229 ὀβολῶν,
1180 2159 1401 2214 εὔωνος.

252 2245 583 2312 Τριώβολον,
603 2248 825 2313 τὸτρεϊς
853 2245 1084 2314 ὀβολοὺς
1110 2245 1253 2311 ἔχον.
1289 2245 1672 2310 Ἀριςτοφάνης

143 2327 401 2399 Πλούτῳ·
442 2332 643 2387 εδεινὸν
667 2332 771 2398 γὰρ
794 2331 839 2386 εἰ
864 2330 1173 2397 τριωβόλου
1190 2331 1284 2394 μὲν
1312 2329 1506 2382 οὕνεκα
1526 2327 1671 2381 ὠςτι·
1702 2327 1758 2371 25

145 2414 359 2479 ζόμεςθ’
385 2414 626 2470 ἑκάστοτ’
644 2416 704 2471 ἐν
732 2421 797 2486 τῇ
829 2414 1103 2483 ἑκκληςίᾳ.’
1145 2413 1318 2467 οὐδεὶς
1346 2411 1598 2476 ἐδίκαζεν,
1629 2410 1675 2464 εἰ

260 2629 298 2669 2.
331 2629 670 2680 προεντυχοῦςι
709 2629 799 2670 Ios,
947 2627 1014 2665 11.
1053 2620 1374 2675 πολυτίμητον
1414 2621 1674 2676 explicatur

148 2709 184 2741 s.
204 2710 249 2741 V.
269 2695 519 2750 τεττάρων
541 2696 746 2750 ὀβολῶν,
781 2709 898 2750 quae
930 2694 1082 2746 omisi,
1117 2694 1224 2746 quia
1245 2705 1334 2733 non
1355 2693 1590 2747 pertinent
1612 2691 1670 2734 ad

146 2779 242 2808 rem
272 2769 572 2810 nummariam
676 2769 741 2808 17.
764 2765 853 2818 ἄρα
874 2778 958 2805 om.
981 2764 1020 2804 A
1122 2765 1189 2805 21.
1220 2762 1356 2814 ἥμιςυ
1375 2761 1512 2816 vulgo
1602 2764 1670 2804 23.

148 2834 329 2879 εὔωνος
349 2837 484 2891 ABV,
517 2836 639 2880 ἄξιος
663 2836 745 2877 rel.
805 2837 918 2876 Post
945 2833 1063 2874 haec
1085 2832 1165 2874 AV
1185 2833 1232 2873 in
1253 2845 1413 2887 marg„
1437 2831 1603 2886 reliqui
1623 2832 1672 2871 in

149 2910 366 2949 contextu
394 2907 592 2950 habent:
624 2904 733 2947 Ὅτι
762 2902 1024 2947 τοπαλαιὸν
1054 2900 1099 2944 οἱ
1129 2902 1380 2955 ςτρατηγοὶ
1411 2900 1672 2955 τριώβολον

149 2973 412 3027 ἐλάμβανον
454 2974 663 3029 βλακείας
695 2973 850 3027 χάριν,
884 2974 1124 3028 desumpta
1157 2985 1181 3014 e
1210 2985 1253 3014 v.
1288 2968 1475 3022 βλακεία
