1946 3220
289 143 391 182 XVI
893 146 1207 179 PRAEFATIO.

292 261 458 305 tionem
497 265 659 316 augeat
686 257 879 304 collatus
905 257 1145 318 Epiphanii
1170 258 1297 303 locus
1327 273 1465 318 supra
1492 274 1534 319 p.
1563 258 1693 318 266,
1723 261 1813 314 18;

290 330 368 374 sed
409 328 505 372 vide
545 328 651 371 ibid.
688 343 732 387 p.
772 327 897 383 269,
940 328 1020 374 16.
1046 352 1116 361 -
1141 329 1339 388 Denique
1381 330 1468 374 hoc
1506 329 1608 374 loco
1646 333 1812 376 mentio

291 398 490 443 facienda
517 404 587 441 est
613 397 782 442 codicis
809 398 1048 443 Bernensis
1075 399 1119 443 in
1146 398 1261 457 prol.
1291 397 1319 455 S
1349 397 1476 458 124,
1505 399 1521 443 1
1548 413 1600 443 ex
1631 398 1815 444 Useneri

289 467 453 511 litteris
481 466 747 512 adumbrati.

399 549 690 595 123-127,
731 550 791 595 Ex
823 550 982 595 Isidori
1020 550 1396 610 etymologiarum
1434 550 1562 596 libris
1601 565 1715 610 quae
1746 567 1816 597 ca-

291 621 383 681 pita
420 621 463 664 in
495 620 608 665 hanc
634 621 946 666 collectionem
975 620 1176 678 contuli,
1215 635 1264 666 ea
1293 635 1426 680 quam
1453 621 1815 668 emendatissima

290 690 408 736 edidi
446 703 495 734 ex
536 691 681 735 tribus
719 691 948 748 codicibus
986 691 1307 736 vetustissimis
1350 705 1465 750 quos
1492 691 1612 736 Frid.
1639 692 1744 737 Otto
1771 693 1815 736 in

290 760 567 805 recensendo
606 761 765 805 lsidori
815 775 952 820 opere
999 762 1193 819 turpiter
1240 761 1440 819 neglexit
1487 762 1816 806 recentioribus

292 831 523 875 codicibus
558 830 703 890 iisque
745 831 886 876 multo
928 831 1231 875 deterioribus
1275 831 1524 876 incredibili
1568 833 1704 876 animi
1746 847 1818 876 so·

292 901 443 946 cordia
473 901 699 959 praelatis.
757 901 870 946 Sunt
903 908 1050 946 autem
1077 901 1141 944 illi
1172 902 1442 946 vetustiores
1471 914 1587 960 quos
1615 902 1702 946 dixi

399 970 437 1014 A
465 989 537 1009 z
566 971 663 1015 cod.
704 971 1084 1031 Guelferbytanus
1124 971 1373 1015 Weissenb.
1410 971 1503 1028 64,
1542 972 1819 1016 membrana·
1871 971 1878 973 *
1917 982 1933 990 ‘

291 1055 398 1086 oeus
429 1041 570 1085 forma
601 1042 844 1100 quadrata⁷
872 1041 1039 1086 saeculi
1070 1040 1183 1095 Vlll;
1224 1043 1428 1086 continet
1455 1041 1614 1085 lsidori
1646 1049 1816 1100 etymo-

292 1112 512 1169 logiarum
541 1112 682 1156 libros
712 1111 782 1155 XX
811 1111 930 1156 foliis
958 1111 1087 1165 3383
1791 1148 1793 1151 .

398 1181 435 1224 B
462 1201 533 1220 ==
564 1182 661 1226 cod.
703 1182 982 1227 Monacensis
1016 1181 1112 1224 Lat.
1156 1180 1293 1227 6250
1331 1196 1447 1226 saec.
1485 1181 1537 1225 lX
1573 1179 1696 1238 (olim
1723 1181 1818 1226 Fri-

291 1252 514 1311 singensis
543 1251 652 1308 50);

395 1322 524 1365 C:
550 1322 646 1366 cod.
682 1322 850 1366 Monac.
890 1321 986 1368 Lat.
1024 1320 1157 1367 4541
1201 1334 1318 1367 saec.
1349 1321 1383 1365 X
1423 1321 1547 1379 (olim
1592 1322 1816 1367 Benedict.

292 1391 391 1450 41).
449 1392 507 1435 Ex
548 1393 616 1436 liis
658 1392 1054 1452 Guelferbytanum
1093 1393 1268 1436 excussi
1305 1399 1475 1437 aestate
1515 1394 1618 1436 anni
1656 1392 1811 1444 1864;

292 1464 622 1508 Monacensium
661 1463 863 1506 codicum
898 1463 1167 1521 scripturam
1200 1462 1365 1520 insigni
1395 1464 1667 1507 humanitate
1694 1462 1817 1506 misit

292 1534 344 1578 ad
372 1546 439 1576 me
465 1532 579 1575 Guil.
609 1532 850 1590 Obrimus,
872 1534 941 1576 cui
976 1534 1032 1576 ob
1064 1545 1158 1576 eam
1190 1546 1283 1575 rem
1313 1532 1480 1590 gratias
1513 1533 1585 1591 egi
1614 1535 1655 1575 in
1685 1545 1814 1575 exor-

293 1605 367 1648 dio
406 1602 571 1661 prioris
612 1602 863 1646 voluminis.
915 1601 998 1655 Qui
1035 1616 1133 1647 cum
1170 1602 1222 1646 ad
1247 1601 1534 1646 Ottonianam
1573 1602 1814 1646 editionem

292 1674 468 1719 codices
496 1673 791 1737 contulisset,
821 1685 904 1730 ego
939 1686 1113 1716 omnem
1142 1686 1298 1716 eorum
1327 1674 1597 1730 scripturam
1626 1685 1741 1730 quae
1765 1686 1817 1716 ex

294 1743 504 1798 silentio,
548 1749 597 1785 ut
636 1745 790 1798 aiunt,
837 1742 1033 1786 efficitur
1069 1745 1217 1786 notavi
1253 1742 1398 1786 addita
1435 1741 1584 1785 littera
1620 1756 1673 1798 v,
1714 1743 1744 1786 i.
1779 1756 1815 1786 e.

295 1815 453 1870 vulqo.
507 1812 565 1855 De
603 1814 776 1856 ratione
815 1826 946 1871 quam
984 1814 1028 1856 in
1067 1813 1135 1856 liis
1165 1812 1399 1857 lsidoriani
1433 1814 1585 1871 operis
1614 1812 1817 1870 partibus

297 1891 479 1928 seculus
519 1897 615 1927 suin
654 1883 910 1927 uberiorem
940 1883 1292 1942 disputationem
1333 1884 1570 1926 instituere
1597 1896 1685 1926 non
1714 1897 1816 1942 pos·

295 1968 420 2009 sum,
459 1966 514 1996 ne
551 1954 838 2011 angustiores
879 1954 989 1997 lines
1024 1954 1189 2012 quibus
1228 1954 1335 1997 haec
1372 1954 1593 2011 praefatio
1628 1953 1817 1997 circum-

292 2024 508 2069 scribitur
535 2024 768 2068 immodice
800 2024 1030 2082 egrediar:
1064 2024 1219 2068 faciam
1250 2023 1406 2081 igitur,
1435 2025 1471 2067 si
1502 2032 1692 2082 potero,
1726 2022 1814 2067 alio

295 2094 422 2147 loco3
462 2096 536 2137 sed
565 2095 649 2138 hoc
677 2094 825 2138 omitti
858 2108 945 2138 non
978 2107 1114 2152 posse
1141 2093 1266 2137 video
1295 2093 1514 2152 permulta
1543 2094 1815 2150 glossemata

295 2171 340 2208 et
376 2163 749 2222 interpolationes
776 2164 841 2208 vel
878 2167 919 2207 in
948 2164 1030 2207 hac
1056 2164 1216 2222 exigua
1244 2165 1385 2207 totius
1418 2162 1569 2222 operis
1599 2171 1726 2222 parte
1754 2163 1816 2206 in-

295 2233 450 2278 veniri.
505 2238 565 2277 Ac
600 2236 793 2292 primum
833 2247 1137 2278 commemoro
1177 2233 1286 2276 duas
1324 2234 1420 2276 eius
1451 2234 1631 2290 generis
1662 2247 1817 2277 corru-

294 2304 438 2364 ptelas
469 2317 633 2362 easque
660 2307 890 2362 graviores
917 2304 1075 2348 abesse
1103 2303 1157 2348 ab
1184 2307 1218 2346 A
1247 2300 1300 2359 (v.
1322 2303 1472 2347 adnot.
1500 2303 1550 2347 ad
1579 2318 1620 2362 p.
1642 2303 1757 2359 109,
1787 2304 1815 2348 6

293 2382 339 2418 et
370 2373 494 2428 122,
522 2373 553 2417 4
582 2374 685 2418 coll.
714 2374 878 2418 Ottone
906 2388 947 2433 p.
973 2373 1100 2428 486,
1129 2372 1174 2426 3.
1203 2372 1331 2430 522,
1363 2371 1434 2429 1);
1480 2380 1570 2417 tum
1599 2374 1686 2418 alio
1715 2374 1815 2418 loco

295 2457 343 2488 ex
382 2445 539 2488 eodem
582 2445 734 2489 codice
777 2444 936 2488 similis
984 2445 1273 2488 additamenti
1318 2444 1536 2511 originem
1581 2445 1818 2503 perspicue

297 2515 525 2572 cognosci.
588 2515 762 2559 Etenim
794 2516 924 2559 verba
952 2527 1066 2573 quae
1094 2514 1210 2572 apud
1236 2528 1319 2558 nos
1346 2528 1390 2572 p.
1422 2514 1548 2570 110,
1579 2513 1644 2559 20
1669 2529 1728 2558 ss.
1756 2514 1818 2557 le·

296 2591 468 2641 guntur
495 2586 536 2628 in
564 2586 599 2628 A
627 2589 691 2629 sic
717 2586 965 2644 perscripta
993 2591 1122 2628 sunt:

548 2682 727 2727 Pondus
754 2684 880 2743 prius
908 2683 1075 2741 legitur
1105 2697 1284 2743 moyses
1312 2683 1538 2727 inuenisse

546 2752 722 2797 Primus
754 2752 864 2798 liton
891 2754 1075 2811 argiuus
1104 2754 1299 2819 ponderX
1342 2756 1562 2798 rationem

300 2852 465 2891 cetera.
526 2848 582 2891 Ex
624 2850 692 2893 his
731 2850 918 2895 Pondus
955 2851 1149 2910 pertinet
1190 2852 1240 2896 ad
1282 2851 1454 2910 priora3
1500 2851 1631 2896 verba
1666 2858 1815 2896 autem

296 2920 439 2974 prius
477 2918 648 2976 Ieyilur
686 2933 867 2977 moyses
907 2925 1150 2965 inuenisse
1193 2921 1338 2965 addita
1383 2934 1483 2965 esse
1527 2929 1714 2981 apparet
1761 2921 1815 2965 ab

1923 2191 1946 2397 annua-nm
1927 2168 1930 2174 “
1940 2136 1946 2142 .
1942 2107 1944 2110 .
1937 2069 1946 2081 h.
1931 2035 1946 2047 ’.
1924 1983 1935 1998 „·
1932 1958 1946 1966 ;

1923 2408 1946 2451 iz(
1930 2391 1938 2394 ’

1916 2986 1946 3004 ,ἧ
1923 2960 1946 2975 ’τ
1911 2820 1946 2954 ξ”ἦ-’,Ηςὲ
1918 2768 1946 2812 ,3
1911 2452 1946 2762 &framea-2.-
