1946 3220
1671 0 1674 3 '
1740 0 1749 14 ἶ
1764 2 1771 6 “
1786 0 1796 14 >

1767 18 1837 54 έ-θζο

1756 54 1766 60 ”’
1820 52 1853 78 ,⁷-

343 134 449 187 266
750 150 1067 184 FRAGMENTA
1100 150 1171 182 DE
1209 149 1467 183 MssNsmus
1763 133 1876 203 [82]
1900 118 1946 162 ἵ

415 260 500 312 42.
538 259 766 324 Ὀβολὸς
814 257 899 309 καὶ
949 255 1112 308 αὐτὸς
1157 256 1216 310 ἐν
1267 255 1538 322 ἀργυρίοις
1580 257 1878 312 τετύπωτο.
1919 257 1925 327 ξ’

345 345 508 410 μέρος
541 344 600 395 δὲ
638 340 749 406 εἶχε
783 341 868 393 καὶ
903 338 1064 393 οὗτος
1088 338 1149 405 η”
1173 343 1267 404 τῆς
1292 340 1538 406 οὐγγίας,
1579 341 1677 395 οὐκ
1700 343 1755 397 ἐξ
1781 343 1873 407 ἀρ-
1919 368 1943 391 .-

345 429 515 492 γύρου
550 425 936 489 πεποιημένος,
974 424 1112 478 ἀλλὰ
1157 425 1266 477 ἀπὸ
1303 425 1532 489 ςιδήρου.
1592 424 1659 490 ἦν
1697 427 1757 479 δὲ
1790 426 1875 479 καὶ

345 511 530 575 ἕτερος
557 508 756 575 ὀβολὸς
780 509 835 563 ἐξ
862 508 1101 575 ἀργύρου
1127 509 1464 574 τυπούμενος
1481 550 1495 574 ‚
1527 510 1750 575 νόμιςμα
1775 508 1874 575 ὥν,
1919 551 1928 571 „

286 610 313 650 5
345 595 374 646 ὃ
412 594 478 658 ἦν
517 593 875 659 λεπτότατον,
917 593 1281 659 ὀγδοηκοςτὸν
1318 596 1411 658 τῆς
1445 593 1679 657 οὐγγίας.
1733 594 1876 656 λέγει

342 679 444 744 γὰρ
471 678 531 732 ἐν
557 683 634 748 τῷ
662 678 938 748 Λευιτικῷ·
976 680 1039 731 τὸ
1071 678 1131 731 δὲ
1166 678 1457 744 δίδραχμον
1478 678 1647 732 εἴκοςι
1672 677 1874 744 ὀβολοί.
1920 742 1922 744 v

343 762 426 815 ὅτι
452 764 512 816 δὲ
533 763 787 828 τέταρτόν
817 762 925 816 4ἐςτι
958 764 1051 827 τῆς
1088 762 1307 825 οὐγγίας
1335 763 1398 815 τὸ
1430 763 1747 828 δίδραγμον,
1773 762 1872 828 ἤδη

341 840 668 912 ἐδιδάξαμεν.
1919 910 1922 911 ⁷

411 931 496 983 43.
536 931 747 984 Χαλκοῑ.
784 931 1013 984 τούτους
1039 930 1090 983 οἱ
1114 929 1387 992 Αἰγύπτιοι
1411 930 1727 997 ἐφεύροντο.
1782 930 1874 994 ἀρ-

259 1033 312 1073 10
341 1014 498 1080 γύρια
532 1016 591 1068 δέ
630 1015 734 1069 ἐςτι
770 1015 1118 1080 τετυπωμένα
1152 1014 1264 1068 δύο.
1316 1015 1401 1067 καὶ
1440 1015 1588 1080 παρὰ
1631 1015 1873 1070 Ἀλεξαν-
1915 1012 1930 1061 ’-

341 1102 519 1164 δρεῦςι
543 1100 609 1153 τὰ
634 1099 857 1164 ἀργύρια
882 1102 1170 1153 καλοῦνται
1195 1098 1429 1164 χάλκινα.
1473 1098 1579 1152 ἐςτι
1602 1100 1662 1153 δὲ
1689 1099 1719 1152 ὁ
1745 1101 1873 1166 χαλ-
1912 1147 1924 1160 ,,

340 1186 470 1236 κοῦς
501 1189 576 1253 τῷ
610 1188 819 1253 ςταθμῷ
848 1182 1052 1246 ὄγδοον
1079 1182 1323 1246 οὐγγίας,
1355 1182 1430 1236 ὡς
1454 1181 1486 1247 ἡ
1513 1184 1731 1249 δραγμή.
1908 1219 1930 1238 2

410 1267 495 1319 44.
536 1268 687 1332 Μνᾶ,
731 1267 843 1332 ἥτις
880 1273 943 1337 τῇ
985 1268 1213 1333 Ἐβραΐδι
1253 1267 1394 1332 μάνη
1439 1268 1687 1321 καλεῖται.
1746 1267 1779 1332 ἡ
1815 1269 1873 1320 δὲ

303 1351 556 1418 ι*Ἰταλικὴ
611 1354 716 1417 μνᾶ
767 1352 1159 1418 τεςςαράκοντα
1206 1352 1481 1416 ςτατήρων
1525 1351 1689 1416 ἐςτίν,
1737 1350 1876 1417 ὅπερ

256 1453 309 1493 15
342 1434 578 1499 οὐγγιῶν
603 1436 667 1500 κ’,
695 1436 874 1501 λίτρας
899 1439 1018 1501 μιᾶς
1042 1438 1127 1489 καὶ
1153 1436 1408 1501 διμοίρου.

409 1519 496 1572 45.
533 1520 827 1585 Ἀργυρίων
862 1522 921 1573 δὲ
956 1521 1152 1574 πολλοὶ
1188 1520 1346 1573 τύποι
1374 1520 1506 1573 κατὰ
1535 1520 1750 1585 καιροὺς
1785 1536 1871 1582 γε-

337 1603 539 1665 γόναςι.

409 1687 493 1740 46.
532 1688 607 1741 Τὸ
633 1689 693 1741 δὲ
717 1689 941 1754 νουμίον
967 1687 1262 1742 τετύπωται
1283 1687 1391 1741 ἀπὸ
1410 1690 1507 1741 τοῦ
1521 1688 1706 1753 Νουμᾶ
1724 1704 1872 1743 τινος

340 1772 595 1837 βαςιλέως
618 1775 729 1827 τῶν
754 1771 1049 1838 Ῥωμαίων.

250 1874 308 1913 2ο
409 1855 493 1909 47.
531 1856 803 1922 Δίχρυςον
828 1858 888 1910 δὲ
916 1856 1146 1912 ἐκάλουν
1173 1856 1224 1910 οἱ
1248 1856 1465 1911 παλαιοὶ
1496 1856 1559 1909 τὸ
1585 1855 1737 1921 ἥμιςυ
1771 1858 1870 1910 τοῦ

253 1955 315 1988 184
340 1940 592 2005 ἀργυροῦ.
641 1941 705 1995 τό
731 1942 790 1995 δὲ
815 1942 1088 2007 ἀργυροῦν
1118 1941 1281 1996 τοῦτό
1307 1941 1444 1995 ἐςτιν
1479 1940 1510 1993 ὃ
1538 1939 1590 1994 οἱ
1619 1941 1871 2005 Ῥωμαῖοι

337 2024 649 2089 μιλιαρίςιον
699 2027 978 2090 καλοῦςιν,
1026 2026 1056 2079 ὃ
1103 2025 1446 2092 ἑρμηνεύεται
1489 2024 1867 2090 ςτρατιωτικὸν
1934 2031 1939 2050 ²

337 2107 489 2171 δόμα.

407 2189 491 2241 48
530 2190 605 2243 Τό
630 2192 689 2244 δὲ
715 2192 963 2259 δίχρυςον
997 2211 1082 2246 και
1116 2195 1278 2246 τοῦτο
1313 2193 1570 2258 ἀργύριον
1601 2192 1693 2257 ἣν,
1733 2192 1869 2257 ὅπερ

247 2289 307 2367 25
337 2273 558 2340 ὕςτερον
595 2275 844 2341 κίβδηλον
881 2276 1071 2341 ἐκλήθη
1108 2275 1163 2330 ἐξ
1194 2275 1359 2329 αἰτίας
1389 2279 1485 2330 τοῦ
1527 2276 1869 2341 ἀναιρεθῆναι

337 2358 434 2412 τὸν
467 2358 600 2412 κατὰ
633 2361 818 2425 καιρὸν
857 2361 1070 2426 βαςιλέα
1105 2361 1188 2432 καὶ
1223 2359 1538 2426 ἐκβληθῆναι
1575 2361 1671 2414 τὸν
1699 2359 1865 2413 αὐτοῦ

336 2445 640 2509 χαρακτῆρα
673 2443 731 2497 ἐκ
763 2447 861 2497 τοῦ
887 2444 1167 2510 διχρύςου,
1199 2444 1260 2497 ὃς
1296 2443 1361 2509 ἦν
1387 2445 1532 2513 αὐτῷ
1569 2444 1866 2510 ἐμφερόμε-
1893 2444 1934 2500 .;

449 2656 491 2698 2.
522 2653 676 2709 μέρος]
712 2654 882 2709 μέτρον
913 2656 1061 2712 vulgo-
1164 2649 1222 2708 η”
1253 2655 1355 2720 add.
1386 2654 1448 2696 Sa
1621 2656 1688 2698 13.
1729 2653 1866 2697 Μνᾶς

337 2722 417 2762 Pet
422 2724 575 2775 „LeM
608 2727 719 2767 item
742 2728 795 2768 14
911 2724 1031 2778 μάνη
1067 2726 1246 2767 correxi
1279 2738 1303 2766 e
1335 2724 1434 2766 cod.
1467 2725 1594 2776 2665,
1630 2723 1750 2775 μανὴ
1785 2723 1863 2777 Sa,
1912 2724 1914 2726 ’

337 2790 494 2843 μνήμη
524 2793 663 2846 vulgo
779 2795 976 2847 καλῆται
1006 2797 1089 2836 Pet
1204 2796 1272 2836 21.
1306 2792 1511 2846 ἀργύρου
1542 2794 1704 2848 vulgo,
1746 2807 1862 2835 corr.

335 2861 398 2902 Sa
484 2859 718 2914 ἀργυροῦν
740 2865 836 2907 cod.
859 2866 985 2919 2665,
1018 2864 1095 2918 Sa,
1127 2863 1330 2963 ἄργυρον
1361 2863 1498 2916 vulgo
1616 2865 1684 2906 22.
1717 2863 1863 2914 μιλια-
1912 2908 1922 2914 ,

333 2927 495 2982 ρήςιον
525 2929 586 2971 Sa
1670 2955 1675 2958 -
