1946 3220
35 141 41 147 .
3 0 52 84 ἰ’-ξ

549 126 870 163 sommus
902 126 1160 163 cuncos.
1548 110 1618 165 95

90 243 214 289 notis
242 240 300 301 (5.
329 240 426 301 11),
464 255 582 302 quos
606 242 788 288 minime
818 241 871 288 ad
902 248 1162 289 contextum
1188 243 1488 303 expositionis
1515 256 1616 304 per-

13 310 17 313 *
89 314 265 370 tinere,
292 312 372 359 sed
399 328 424 359 a
448 313 704 358 recentiore
728 326 863 358 manu
889 312 1143 374 adscriptos
1171 326 1270 359 esse
1294 320 1496 374 apparet.

192 379 424 444 Atque'in
459 389 677 444 promptu
712 389 782 428 est
819 384 954 429 etiam
992 383 1046 430 de
1085 390 1232 430 aetate
1266 384 1403 430 huius
1434 383 1614 431 tabulae

89 454 398 500 coniecturam
432 453 594 500 facere.
648 452 818 513 Nempe
843 460 921 499 aut
945 455 1043 515 ipsa
1068 456 1292 501 vetustior
1325 461 1398 501 est
1422 454 1614 516 reliquis

87 523 225 570 huius
250 523 535 570 collectionis
559 523 844 584 fragmentis,
870 530 948 570 aut
972 537 996 570 e
1019 526 1270 571 vetustiore
1296 525 1424 571 fonte
1449 526 1512 571 ita
1539 525 1614 571 de-

0 620 5 654 5,
87 595 256 652 rivata,
291 601 343 640 ut
377 593 517 652 nihil,
563 594 684 655 quod
721 595 774 639 ad
810 596 1071 655 posteriora
1102 602 1306 656 tempora
1341 597 1613 657 pertineret,

0 675 5 707 ὲ
88 666 150 711 sit
178 665 393 711 additum.
444 665 552 711 Nam
578 666 822 710 maximum
852 673 1128 711 momentum
1164 666 1210 711 in
1237 665 1416 713 Graecis
1444 667 1614 728 ponde·

86 735 213 782 ribus
245 738 461 797 ponitur,
495 743 631 797 atque
658 750 710 781 ex
735 735 806 781 his
835 736 1070 781 minimum
1093 731 1398 797 ἡμιώβολον
1426 737 1614 783 affertur

0 821 3 844 ὲ
86 820 139 853 ex
175 807 273 867 ipsa
314 808 463 854 Attica
502 808 692 853 ratione.
759 805 1068 852 Romanorum
1114 807 1316 868 pondera
1359 806 1485 853 nulla
1525 808 1614 853 nisi

0 873 4 921 ‚³
84 876 201 923 libra
232 884 277 922 et
312 879 444 924 uncia
482 883 919 933 commemorantum
965 878 1148 923 minime
1180 891 1285 924 vero
1322 877 1514 938 siliqua,
1544 891 1614 923 re-

0 947 6 996 ³.
84 949 300 995 centioris
337 949 500 994 aetatis
535 948 681 994 index.
735 947 853 994 Haec
890 949 1040 994 omnia
1080 954 1175 994 tum
1211 950 1381 1009 scripta
1418 962 1519 995 esse
1549 949 1614 993 vi-

85 1018 249 1064 dentur
275 1033 377 1065 cum
408 1020 604 1080 primum
639 1017 827 1064 Romani
853 1019 1129 1065 Graecorum
1164 1019 1444 1066 medicorum
1482 1018 1612 1064 libris

0 1089 4 1152 5
84 1089 416 1150 cognoscendis
453 1089 713 1136 incumbere
747 1090 930 1150 ipsique
964 1089 1214 1137 medicinae
1241 1091 1327 1137 arti
1354 1090 1613 1136 tractandae

0 1185 4 1191 ·
84 1160 269 1207 studere
297 1167 560 1221 coeperunt.

399 1341 465 1380 De
497 1342 625 1381 tertia
656 1345 698 1381 et
728 1346 884 1394 quarta
914 1346 1106 1382 notarum
1136 1340 1292 1382 tabula.

185 1426 235 1473 In
261 1426 404 1474 altera
440 1429 603 1488 capitis
630 1427 684 1473 VI
718 1435 848 1488 parte
886 1427 971 1474 alia
1004 1434 1215 1474 notarum
1250 1426 1403 1474 tabula
1437 1427 1609 1487 reperi·
1628 1421 1695 1471 56

81 1504 181 1558 tur,
209 1511 324 1559 quae
347 1499 553 1558 proxime
573 1513 675 1545 cum
694 1500 838 1560 prima
863 1499 1148 1560 expositione
1170 1495 1282 1561 (cap.
1302 1495 1354 1560 ΙΙ)
1382 1498 1608 1544 convenit.

81 1567 211 1624 Quod
237 1583 326 1630 quo
353 1567 532 1616 facilius
557 1569 881 1631 perspiciatur,
909 1569 1090 1630 singula
1113 1570 1179 1616 sic
1205 1571 1325 1615 inter
1352 1582 1400 1615 se
1426 1581 1612 1629 compo-

79 1653 265 1686 namus:

81 1754 177 1800 cap.
204 1739 283 1798 Vl,
314 1741 369 1783 12
458 1757 531 1780 =
557 1754 654 1801 cap.
681 1739 742 1797 11,
769 1743 794 1782 2
852 1740 940 1785 nisi
984 1740 1107 1800 quod
1149 1746 1259 1785 nota
1306 1740 1536 1787 choenicis
1566 1701 1610 1802 (ἲ

845 1811 1012 1856 omissa
1041 1817 1125 1857 est.

79 1905 150 1913 —
223 1905 239 1913 -
308 1883 363 1925 13
452 1898 523 1920 =
568 1906 641 1916 ·—-
693 1905 712 1913 -
763 1882 790 1925 3

79 1977 148 1985 --
223 1975 241 1984 ·
306 1954 524 1997 14.15=
571 1977 642 1986 —
689 1976 707 1984 -
757 1955 800 2009 4,
840 1951 918 1996 sed
956 1952 1123 1997 omissa
1158 1957 1226 1996 est
1253 1950 1377 1997 oboli
1404 1958 1512 1998 nota
1538 1962 1607 1993 ω

843 2018 1072 2083 (γραμμὴ
1115 2017 1484 2082 περιεπωμένη
1525 2034 1608 2071 τε-

845 2088 1012 2154 θεῐεα)

80 2186 150 2194 --
307 2164 362 2207 16
452 2181 524 2202 =
570 2188 640 2196 —
692 2187 710 2196 ··
760 2166 787 2206 5

79 2258 149 2265 —
222 2258 239 2266 -
301 2236 354 2278 17
446 2251 518 2272 =
571 2258 638 2266 —
692 2258 710 2266 ·
761 2235 812 2291 6,
842 2233 920 2279 sed
954 2233 1098 2279 librae
1147 2248 1237 2280 una
1281 2240 1456 2280 tantum
1499 2241 1607 2280 nota

843 2303 1047 2350 affertur.

79 2397 147 2405 —-
295 2377 351 2419 18
441 2393 512 2414 =
560 2400 631 2407 —
691 2399 709 2408 -
761 2377 785 2416 7

78 2468 149 2478 —
303 2447 354 2488 19
442 2463 514 2484 =
558 2469 630 2477 —-
690 2469 708 2478 -
757 2446 785 2488 8

78 2538 148 2547 —
300 2518 356 2560 20
445 2533 516 2555 =
563 2541 626 2547 —
688 2539 706 2548 ·
759 2517 787 2558 9

82 2609 146 2617 —
220 2611 238 2619 -
298 2589 351 2630 21
442 2606 514 2627 =
562 2610 632 2618 —
688 2610 705 2618 -
732 2587 787 2628 10

78 2679 150 2690 —
221 2681 240 2690 -
297 2661 351 2701 22
441 2675 510 2697 =
563 2683 630 2689 —-
683 2680 701 2689 -
730 2657 809 2715 11,
847 2654 935 2700 nisi
977 2653 1099 2715 quod
1123 2654 1302 2702 hemina
1326 2656 1493 2702 omissa
1519 2662 1604 2702 est.

186 2782 376 2829 Omnino
418 2784 562 2844 igitur
600 2788 781 2843 praeter
824 2780 1017 2828 leviores
1056 2781 1272 2842 quasdam
1307 2795 1383 2828 res
1416 2782 1604 2828 eandem

80 2859 292 2900 notarum
318 2854 669 2916 descriptionem
698 2853 771 2900 hic
795 2860 932 2913 atque
967 2850 1063 2898 illic
1093 2852 1304 2913 legimus.
1354 2851 1417 2897 Ne
1453 2858 1602 2907 tamen

81 2922 196 2972 hanc
220 2924 407 2972 alteram
442 2925 795 2986 descriptionem
824 2938 877 2970 ex
910 2922 988 2969 illa
1012 2924 1168 2984 priore
1206 2930 1351 2971 ortam
1382 2936 1484 2969 esse
1510 2923 1602 2968 exi-
