1946 3220
507 20 510 22 .
566 22 587 28 .
742 22 763 36 ,ἴ
776 9 804 25 ιι
911 19 923 32 ψ,
967 0 1529 27 W-“w‘w
1543 0 1946 27 ‘³..·3⁷‘***„÷‘⁷³1**·⁷÷³

589 146 946 198 'semproniae
973 149 1249 198 nonnos·
1622 146 1686 198 17

496 315 563 357 De
599 315 764 358 Volusii
795 315 1014 357 Maeciam'
1042 315 1354 358 distributione.

65 451 82 461 „
268 403 319 450 L.
350 403 563 450 Volusius
589 402 865 462 Maecianus,
903 418 1045 464 eques
1075 404 1327 463 RomanuS,
1355 405 1468 451 iuris
1495 405 1684 452 scientia
1713 397 1800 446 115

36 507 39 511 .
77 492 99 518 τ.
160 474 503 533 nobilissimus,
547 473 601 519 tt.
640 473 814 519 Aurelii
855 481 1154 535 praeceptor,
1198 474 1275 535 qni
1315 474 1583 522 interiectus
1617 482 1688 522 est

66 582 71 584 ,
162 542 458 591 Alexandriae
491 558 530 590 a.
557 542 737 589 CLXXV
763 543 866 604 plus
903 545 1136 604 sexaginta
1161 557 1304 591 annos
1331 542 1537 604 natus¹)‚
1577 547 1687 593 scri·

74 644 81 647 »
159 615 259 676 psit
290 621 335 661 et
368 613 684 675 quaestionum
713 612 767 659 de
796 613 897 660 fidei
927 616 1179 661 commissis
1206 614 1349 660 libros
1376 616 1465 661 XVI
1493 623 1537 662 et
1566 615 1687 663 hunc

51 689 59 703 ⁸
159 684 417 731 breviorem
453 685 825 730 commentarium
869 684 924 732 de
963 686 1078 731 assis
1116 683 1456 732 distributione.
1525 684 1688 743 Quam-

164 759 299 816 qu‘am
334 756 432 816 ipse
476 767 568 801 non
604 752 738 800 Assis
781 755 1061 802 distributio
1103 755 1336 816 inscripsit
1378 755 1561 814 libello,
1607 757 1687 802 sed

157 823 370 887 'pleniore
407 825 539 872 titulo
566 824 859 872 Distributio
896 829 1008 872 item
1042 825 1281 871 vocabula
1307 839 1369 871 ac
1396 832 1541 872 notae
1558 821 1686 885 'par-

163 899 280 943 tium
306 900 357 942 in
376 895 517 942 rebus
538 909 662 956 quae
683 902 906 942 constant
927 896 1147 956 pondere
1168 909 1369 942 numero
1390 909 1611 942 mensura
1625 894 1686 955 ²);

163 971 445 1028 quapropter
478 966 610 1013 nobis
644 966 844 1013 breviter
879 967 1162 1014 distributio
1197 981 1247 1014 ea
1283 966 1547 1028 appellanda
1586 981 1686 1013 esse

168 1035 360 1083 videtur.

269 1106 460 1168 Scripsit
485 1107 604 1154 hunc
631 1109 1002 1154 commentarium
1022 1108 1274 1155 Maecianus
1302 1107 1354 1153 ad
1379 1107 1434 1153 Μ.
1457 1106 1686 1154 Aurelium

158 1176 414 1236 Caesarem,
441 1192 574 1239 quem
602 1184 696 1224 tum
723 1178 835 1224 iuris
862 1178 1100 1240 disciplina
1126 1177 1419 1235 instituebat,
1448 1192 1566 1225 anno
1594 1177 1686 1224 sere

161 1242 380 1306 cxtvl³).
435 1248 530 1305 Qua
557 1249 603 1295 in
627 1263 694 1307 re,
727 1255 776 1295 nt
801 1250 899 1310 ipse
928 1249 1059 1310 plane
1087 1256 1132 1296 et
1157 1246 1311 1310 aperte
1337 1249 1617 1295 demonstrat
1641 1250 1687 1294 in

161 1317 468 1378 praefatione,
500 1318 546 1364 id
574 1320 687 1379 egit,
714 1333 769 1364 ne
797 1321 912 1365 assis
939 1320 1200 1366 distributio
1234 1326 1279 1365 et
1305 1319 1350 1364 in
1375 1319 1588 1366 heredum
1621 1320 1689 1364 in-

159 1389 403 1434 stitutione
441 1395 486 1434 et
519 1390 565 1434 in
599 1389 698 1435 aliis
734 1389 887 1435 multis
925 1390 1061 1436 rebus
1089 1391 1346 1436 necessaria
1382 1391 1538 1450 ignota
1565 1395 1688 1435 esset

161 1457 359 1504 Caesari.
407 1459 606 1504 Primum
641 1459 781 1519 igitur
807 1474 985 1506 omnem
1012 1461 1155 1521 ipsius
1182 1461 1296 1506 assis
1322 1459 1589 1506 divisionem
1615 1472 1689 1505 ac·

161 1534 317 1574 curate
350 1531 533 1590 exponit
567 1535 808 1591 partesque
834 1531 954 1576 inter
978 1544 1026 1576 se
1053 1536 1285 1590 comparat
1311 1527 1519 1592 (1—43)
1537 1565 1550 1589 ,
1592 1535 1688 1575 tum

162 1601 382 1660 pecuniae
412 1601 615 1661 signatae
643 1614 716 1646 eas
744 1600 1074 1661 appellationes
1100 1601 1396 1661 persequitur
1430 1614 1545 1660 quae
1571 1599 1688 1645 refe-

159 1675 326 1715 runtur
359 1669 415 1716 ad
451 1684 625 1727 assem,
663 1685 715 1716 ex
752 1684 843 1731 quo
879 1672 1026 1718 omnis
1053 1685 1262 1717 nummus
1289 1677 1534 1731 argenteus
1559 1676 1690 1731 potc-

161 1745 324 1784 statem
364 1739 527 1806 habeat
562 1740 681 1800 (44).
754 1742 818 1786 Ac
853 1755 959 1787 vero
999 1742 1082 1788 hac
1117 1741 1172 1787 de
1207 1747 1338 1802 parte
1372 1739 1686 1787 commentarii
1729 1800 1736 1806 .

160 1809 315 1870 paullo
347 1809 482 1856 latius
515 1811 740 1871 explicare
764 1824 953 1857 neeesse
980 1818 1066 1857 est.

266 1880 462 1926 Primum
489 1880 623 1927 docet
648 1882 847 1942 scriptor
868 1877 1108 1943 (48-62)
1138 1881 1386 1938 denarium,
1419 1886 1688 1941 argenteum

160 1963 417 2008 nummum,
462 1953 538 2012 qui
566 1952 655 1997 xvt
683 1965 807 1998 asses
842 1951 1029 2009 habeat,
1066 1953 1216 2012 ipsum
1242 1952 1355 1997 assis
1383 1952 1527 1996 instar
1553 1950 1687 1996 dividi

160 2034 316 2082 posse.
363 2021 493 2078 Quod
514 2036 597 2068 nos
625 2021 835 2069 facillime
864 2023 924 2069 ita
953 2021 1292 2083 explicabimus,
1318 2028 1369 2067 ut
1396 2035 1498 2067 eum
1523 2034 1688 2078 assem,

277 2172 318 2226 1>
350 2174 484 2214 Haec
518 2174 668 2215 omnia
702 2174 888 2228 egregie
910 2174 1119 2227 exposuit
1139 2174 1446 2215 Mommsenus
1478 2172 1525 2213 in
1555 2184 1688 2226 prae-

162 2227 338 2270 satione
372 2230 430 2270 ad
459 2230 638 2271 Volusii
667 2230 903 2271 Maeeiani
934 2230 1303 2271 distributionem
1342 2228 1576 2281 (Abhandt.
1610 2229 1691 2268 der

161 2283 314 2326 Sd'clzs.
347 2286 571 2328 Gesellsclz.
604 2287 683 2328 der
711 2287 970 2329 Wissenseh.
1004 2287 1089 2330 Bd.
1115 2286 1213 2327 III.
1249 2287 1363 2327 1853
1388 2299 1434 2338 p.
1456 2285 1688 2336 281—85).

274 2340 322 2393 2)
363 2342 497 2384 Hanc
536 2343 884 2397 inscriptionem
923 2356 1038 2396 quae
1077 2343 1125 2383 in
1162 2338 1292 2383 libris
1325 2344 1475 2383 exstat
1505 2343 1692 2380 tuentur

162 2396 307 2450 ipsius
343 2397 579 2440 Maeciani
616 2399 782 2442 verba:
821 2413 911 2440 cum
947 2404 1099 2452 partes
1134 2401 1253 2451 ipsas
1290 2403 1371 2437 tum
1407 2396 1609 2437 voeabula
1648 2401 1691 2436 et

162 2458 286 2494 notas
314 2456 621 2507 proponendas
658 2457 921 2502 existimavi‚·
960 2462 1003 2497 et
1032 2455 1327 2509 deprehendes
1357 2452 1690 2494 distributionem

163 2511 326 2564 quidem
352 2514 538 2563 partium
568 2513 791 2564 infinitam,
824 2514 984 2565 oppido
1014 2518 1148 2553 autem
1171 2524 1290 2564 quam
1311 2511 1468 2562 est-tyna
1489 2508 1691 2550 vocabula

162 2571 206 2606 et
243 2571 381 2610 notas,
447 2567 579 2609 Unde
631 2572 826 2622 apparet
875 2570 984 2609 assis
1033 2567 1295 2615 distributim
1347 2565 1466 2618 quod
1513 2563 1692 2619 placuit

160 2621 442 2676 Boekingio,
492 2625 680 2678 probari
729 2638 819 2665 non
858 2637 1007 2678 posse.
1069 2624 1185 2663 Tum
1225 2621 1468 2663 distributio
1501 2624 1691 2675 partium

161 2679 386 2732 praetulit
406 2679 726 2722 Mommsenus.
787 2681 876 2722 Sed
907 2680 1017 2720 mihi
1049 2683 1129 2720 aut
1158 2678 1321 2732 plenus
1352 2676 1513 2719 titulus
1544 2678 1692 2719 distri·

162 2733 274 2776 butio
314 2738 410 2776 item
448 2737 651 2779 vocabula
687 2750 738 2778 ae
777 2743 901 2777 notae
935 2737 1121 2789 partium
1161 2738 1250 2776 cet.
1282 2734 1555 2788 repetendus
1589 2746 1690 2775 esse

166 2790 347 2832 videtur
377 2815 428 2821 —
467 2794 743 2840 ubi„nescio
785 2806 843 2833 an
879 2794 976 2833 item
1015 2790 1296 2832 inculcatum
1336 2791 1396 2832 sit
1436 2790 1493 2832 ab
1535 2790 1690 2843 aliquo

162 2844 353 2889 librario
385 2870 437 2878 —
471 2854 550 2891 aut
579 2850 783 2890 breviter
821 2848 1060 2890 distributio
1103 2847 1263 2889 eadem
1301 2846 1523 2900 dicenda,
1573 2848 1693 2887 sicut

163 2901 277 2943 fecit
308 2903 580 2946 Gronovius.

276 2960 319 3012 3)
354 2961 466 3002 Vide
497 2963 763 3003 Mommsen.
796 2974 839 3015 p.
873 2962 955 3003 287
986 2961 1067 3003 utt.

221 3040 396 3074 sempr.
428 3043 628 3073 METROL.
666 3043 719 3074 11.
1447 3028 1479 3080 2
