1946 3220
532 123 863 157 scmp'roREs
894 123 1157 158 cameos·
1511 108 1611 161 107

82 238 399 284 drachmarum
426 235 543 296 (124)
570 243 648 282 aut
674 251 775 283 cum
802 252 905 283 vera
930 239 1077 284 Attica
1107 239 1225 284 mina
1259 235 1375 300 (128)
1405 245 1483 284 aut
1508 253 1609 285 cum

84 309 240 368 priore
274 321 462 353 numero
499 305 617 366 (122)
651 310 879 353 convenit.
931 309 1047 354 Haec
1084 309 1228 368 igitur
1262 310 1391 354 uncis
1423 309 1611 355 inclusi-

85 392 202 424 mus.
278 378 475 438 Denique
517 391 607 423 non
657 379 1108 438 praetermittendum
1151 386 1221 424 est
1254 381 1398 439 ipsam
1445 381 1610 425 minam

10 445 18 489 Τ
79 447 447 509 sesquilibralem
484 447 539 494 de
576 463 663 509 qua
706 450 751 494 in
788 449 871 495 hac
906 449 1062 494 tabula
1090 452 1242 509 agitur
1275 450 1328 495 ad
1352 451 1607 511 Aegyptum

84 526 252 565 terram
277 519 643 579 Aegyptiumque
669 520 939 580 scriptorem
965 519 1248 566 referendam
1283 521 1422 567 videri
1452 519 1500 581 (S
1521 519 1608 579 65).

0 657 6 662 -
187 602 332 648 Porro
369 603 422 649 ad
449 603 679 663 vulgarem
716 605 939 650 rationem
965 605 1175 651 drachma
1203 611 1246 650 et
1277 607 1407 651 uncia
1435 606 1609 666 scripu-

0 688 13 741 {1
80 672 166 732 lis,
194 673 310 720 libra
337 675 483 737 unciis
510 673 802 720 definiuntur.

187 757 306 804 Haec
331 766 405 803 est
430 758 681 819 ponderum
715 759 894 805 tabulae
922 773 973 804 ea
1007 773 1111 820 pars
1148 772 1262 819 quae
1299 773 1322 804 e
1357 761 1608 805 vetustiore

0 812 17 891 ¹*
78 828 280 890 quodam
309 829 436 874 fonte
465 825 649 890 (saeculi
675 828 770 874 fere
799 830 814 874 l
838 845 884 890 p.
911 829 1014 874 Chr.
1040 827 1100 891 n.)
1127 829 1326 875 derivata
1352 843 1453 875 esse
1487 830 1610 874 vide-

0 919 11 972 ζ
81 907 171 945 tur.
230 897 401 953 Quibus
440 900 943 961 recentioralquaedam
974 906 1134 960 postea
1169 900 1318 946 addita
1345 906 1463 945 sunt.
1514 900 1610 945 Pri-

0 978 14 1010 ι’
81 983 203 1015 mum
224 964 512 1028 δίδραχμα,
552 983 667 1030 quae
694 971 792 1030 ipsa
822 978 891 1016 est
916 971 1060 1015 forma
1093 970 1373 1029 adulterina,
1411 965 1608 1017 ὁλκάε

80 1040 116 1086 11
141 1040 307 1085 habere
333 1039 526 1099 dicitur,
568 1053 682 1100 quae
708 1055 791 1086 vox
822 1055 922 1087 cum
949 1056 973 1086 a
1000 1043 1248 1087 vetustiore
1276 1040 1455 1087 tabulae
1480 1047 1609 1101 parte

0 1106 5 1130 ²
76 1110 226 1156 aliena
252 1112 337 1170 sit,
366 1125 487 1156 nunc
514 1111 701 1156 demum·
720 1110 993 1171 explicatur:
1029 1108 1127 1171 τὴν
1159 1108 1217 1159 δὲ
1246 1105 1411 1170 ὁλκὴν
1439 1123 1608 1159 (υνω-

0 1227 4 1231 ,
77 1176 262 1239 νύμωε
308 1177 393 1228 καὶ
433 1177 674 1241 δραχμὴν
720 1178 977 1238 λέγουειν.
1058 1184 1170 1228 Tum
1204 1177 1415 1242 γράμμα
1451 1183 1608 1228 eodem

80 1252 215 1297 modo
243 1266 333 1312 quo
370 1253 416 1297 in
446 1253 756 1297 vetustissima
788 1253 937 1298 tabula
964 1249 1043 1314 (fr.
1071 1255 1154 1310 28,
1184 1251 1226 1311 2)
1254 1251 1492 1310 definitur3
1528 1252 1609 1298 sed

0 1350 4 1358 =
80 1323 126 1368 id
147 1322 340 1367 absurde
366 1324 413 1367 in
439 1323 554 1367 hanc
575 1322 770 1368 tabulam
799 1323 976 1368 illatum
1002 1329 1090 1381 est,
1122 1324 1336 1383 quoniam
1364 1323 1458 1368 illic
1485 1330 1609 1368 sexta

79 1407 185 1454 pars
211 1393 398 1450 unciae,
441 1393 514 1438 hic
534 1399 694 1438 'octava
720 1393 953 1438 denarium
991 1393 1097 1439 facit
1123 1392 1170 1451 (S
1196 1396 1248 1436 41
1280 1391 1427 1452 extr.).
1479 1393 1609 1438 Deni-

0 1511 2 1513 ,
80 1477 170 1524 que
212 1477 303 1507 non
351 1464 499 1508 minus
544 1462 660 1508 falso
695 1463 748 1508 VI
782 1463 926 1509 chalci
965 1463 1228 1509 tribuuntur
1263 1463 1399 1509 obolo
1434 1462 1483 1522 (S
1517 1462 1606 1522 98).

79 1533 176 1580 Hoc
206 1533 339 1578 etiam
363 1535 526 1579 merito
555 1535 757 1591 mireris,
796 1533 919 1594 quod
947 1535 1147 1594 scriptor
1174 1533 1353 1579 tabulae
1383 1533 1606 1592 chalcum,

80 1618 171 1649 nou
210 1603 447 1664 siliquam,
482 1605 654 1649 minimi
680 1604 898 1664 ponderis
922 1603 1025 1650 loco
1053 1603 1271 1650 attulerit.
1326 1602 1607 1664 Quamquam

76 1689 171 1720 non
195 1689 388 1734 prorsus
413 1676 566 1721 omisit
596 1674 787 1735 siliquae
818 1676 1095 1720 mentionem
1120 1675 1320 1720 breviter
1346 1676 1392 1719 in
1418 1674 1506 1719 fine
1532 1674 1609 1720 ad-

74 1746 211 1790 dens:
249 1739 279 1791 ὁ
305 1741 364 1792 δὲ
390 1742 623 1803 χαλκοῦ(
654 1741 738 1792 καὶ
767 1741 831 1793 τὸ
857 1740 1101 1804 κεράτιον
1129 1741 1333 1794 παντὸς
1368 1740 1606 1804 γράμμα-

0 1838 3 1844 ·
73 1810 171 1862 τό(
197 1810 300 1862 {cn
327 1810 686 1874 εμικρότατον.

481 1967 548 2007 De
578 1968 784 2007 mensurz's
815 1971 994 2020 quartae
1024 1966 1209 2008 tabulae.

187 2055 246 2100 De
273 2055 500 2099 mensuris
527 2067 641 2114 quae
677 2055 723 2099 in
748 2055 904 2100 eadem
942 2054 1093 2100 tabula
1117 2054 1370 2100 afferuntur
1394 2052 1532 2113 longa
1557 2059 1601 2098 et
1622 2052 1688 2101 63

12 2149 23 2158 -
76 2125 267 2185 copiosa
305 2125 554 2184 disputatio
588 2126 767 2170 institui
793 2126 968 2185 possit,
1007 2126 1045 2170 si
1075 2126 1176 2184 quis
1210 2125 1360 2170 omnia
1388 2138 1504 2184 quae
1534 2124 1609 2169 hic

81 2195 325 2240 traduntur
349 2202 471 2240 recte
503 2195 618 2240 tradi
645 2192 884 2241 existimet.
935 2194 1029 2255 Ego
1057 2209 1182 2253 vero,
1209 2209 1312 2241 cum
1338 2196 1383 2239 in
1411 2192 1608 2240 nonnul-

79 2265 136 2311 lis
165 2265 340 2311 tabulae
369 2266 566 2325 scriptor
593 2266 764 2310 erroris
794 2267 1116 2323 convincatur,
1154 2279 1211 2311 ne
1240 2271 1389 2311 cetera
1426 2264 1607 2324 quidem

78 2349 195 2395 quae
232 2334 417 2381 insolita
453 2334 704 2381 afferuntur
747 2338 1002 2396 suspitione
1042 2335 1200 2382 vacare
1233 2348 1415 2381 censeo.
1477 2332 1609 2388 Quod

78 2407 143 2450 ita
168 2405 380 2451 facillime
405 2420 475 2450 me
506 2405 819 2452 demonstrare
844 2420 982 2467 posse
1017 2420 1152 2466 spero
1169 2441 1182 2463 ,
1210 2413 1262 2450 ut
1290 2410 1607 2463 argumentum

81 2475 259 2521 tabulae
285 2476 484 2521 breviter
507 2483 553 2521 et
578 2478 834 2521 summatim
869 2490 1136 2537 proponam.

187 2560 368 2605 Initium
406 2559 456 2604 fit
486 2574 509 2604 a
534 2559 787 2618 medimno,
815 2562 886 2605 cui
917 2566 1040 2605 recte
1071 2559 1144 2604 Xll
1170 2553 1409 2617 ἡμίεκτα,
1445 2557 1609 2604 XLVllI

80 2629 340 2688 choenices,
366 2636 412 2675 et
435 2624 660 2693 ἡμιέκτῳ
689 2629 743 2674 lV
766 2630 1026 2686 choenices,
1053 2629 1333 2675 tribuuntur.
1386 2628 1477 2675 Hae
1500 2635 1609 2674 suut

80 2700 256 2746 Atticae
296 2715 533 2746 mensurae
581 2700 918 2746 frumentariae.
999 2699 1238 2745 Praeterea
1289 2706 1437 2745 autem
1489 2700 1610 2743 inter

81 2771 205 2829 ipsas
230 2771 548 2816 frumentarias
576 2783 809 2815 mensuras
841 2768 972 2829 χοῦ(
1002 2769 1182 2829 quidam
1217 2769 1431 2827 affertur,
1469 2770 1547 2829 qui
1573 2768 1609 2813 Π

81 2840 350 2899 choenices,
384 2841 474 2886 Vlll
510 2842 732 2886 sextarios
779 2840 958 2886 habeat.
1018 2842 1076 2885 At
1115 2854 1222 2886 vero
1260 2840 1436 2885 Atticus
1476 2837 1609 2898 χοῦς

83 2908 218 2956 hahet
250 2912 489 2958 choenices
518 2911 599 2970 111,
641 2912 861 2957 sextarios
890 2910 956 2955 v1.
1013 2910 1355 2970 Deprehendere
1391 2910 1465 2955 hic
1498 2909 1608 2954 mihi
