1946 3220
690 193 937 226 ADDENDA
975 191 1044 225 AD
1072 191 1190 226 vor..
1215 192 1250 225 1.
1629 173 1731 225 149

317 305 417 352 185
443 320 506 352 vs.
536 306 580 352 7.
620 301 695 354 Τὸ
730 300 901 365 μίλιον
931 313 1014 353 cet.
1048 307 1169 353 eiicit
1193 304 1354 352 Christ.
1385 320 1428 366 p.
1454 304 1557 353 452
1596 303 1730 366 (quae

213 389 298 436 ego
327 376 494 422 intacta
520 376 685 436 reliqui
712 390 760 422 ea
791 377 844 423 de
881 391 1014 424 causa
1046 390 1178 437 quam
1210 375 1296 423 vol.
1323 375 1341 420 1
1374 391 1418 437 p.
1449 374 1514 423 34
1540 377 1638 422 init.
1673 376 1732 421 si-

211 445 448 507 gnificavi).
680 440 685 445 ⁸

319 517 417 564 186
455 532 518 562 vs.
558 515 637 564 28.
685 517 752 562 Ad
790 516 923 563 verba
959 512 1034 566 Τὸ
1070 512 1318 578 ἰούγερον
1356 511 1464 576 ἔχει
1497 523 1583 563 cet.
1609 516 1730 563 conf.

211 587 312 632 Chr.
341 602 385 647 p.
411 586 530 634 453.

319 656 417 704 201
453 673 517 703 vs.
560 658 604 704 7.
642 658 688 704 8.
734 658 877 705 Verba
914 654 971 706 Ἡ
1012 652 1203 706 ἄκαινα
1238 653 1344 718 ἔχει
1382 683 1451 691 -
1481 652 1655 704 πόδας
1689 647 1734 703 θ’

212 727 433 774 Christius
458 743 503 789 p.
530 727 632 775 453
661 729 760 774 adn.
777 730 848 774 ‚ita
880 728 1096 790 explicat,
1133 736 1184 774 ut
1219 741 1426 774 acaenam
1465 727 1733 774 Graecam

211 812 492 856 mensuram,
522 799 658 859 pedes
686 798 1096 846 Philetaereos
1127 813 1225 845 esse
1251 799 1382 845 dicat.
1454 821 1459 825 .

318 868 418 915 202
445 884 509 914 vs.
536 868 566 915 5
593 884 677 930 pro
703 865 735 929 ἡ
765 866 823 917 δὲ
850 865 991 930 βάςις
1027 871 1141 916 coni.
1174 865 1237 916 τὸ
1273 865 1332 916 δὲ
1368 864 1527 929 βάθος
1569 867 1732 913 Christ.

210 954 254 1000 p.
281 937 411 996 454,
441 939 651 1000 idemque
680 956 744 986 vs.
774 941 802 986 7
827 955 912 1002 pro
942 935 1028 987 ἐπὶ
1052 937 1149 1000 τὴν
1175 935 1320 1000 βάςῑν
1352 934 1438 987 ἐπὶ
1468 934 1529 986 τὸ
1558 933 1734 999 βάθος.

318 1008 418 1057 203
445 1025 510 1056 νε.
543 1009 608 1056 25
636 1026 698 1056 εε.
737 1011 1080 1071 In-explicando
1115 1017 1160 1057 et
1194 1010 1470 1056 emendando
1504 1010 1591 1055 hoc
1619 1008 1735 1054 disfi-

216 1080 382 1127 cillimo
410 1081 691 1141 problemate
715 1081 963 1127 elaboravit
987 1082 1151 1127 Christ.
1181 1096 1225 1142 p.
1252 1079 1356 1127 454
1383 1096 1442 1126 ss.

317 1150 419 1198 204
450 1167 515 1197 vs.
545 1152 574 1198 6
616 1167 700 1212 pro
740 1148 872 1199 κατὰ
905 1144 950 1199 δ’
982 1148 1160 1200 ξέςτας
1188 1151 1349 1196 Christ.
1385 1151 1416 1196 l.
1452 1165 1489 1197 c.
1530 1150 1734 1195 restituit

212 1216 346 1269 κατὰ
370 1215 446 1269 κδ’
473 1218 664 1271 Ξέςτας.
697 1248 766 1254 -
799 1222 906 1268 ibid.
937 1238 1002 1268 vs.
1028 1223 1058 1268 8
1095 1229 1203 1283 post
1240 1217 1448 1281 δέχεται
1482 1234 1551 1266 me
1592 1219 1733 1265 invito

211 1291 440 1353 intercidit
465 1287 620 1340 ςίτου.
643 1319 702 1326 -
723 1292 830 1338 lbid.
857 1307 920 1338 vs.
950 1293 1014 1339 19
1048 1294 1094 1337 in
1125 1293 1412 1338 adnotatione
1438 1291 1491 1337 ad
1517 1284 1736 1350 μοδίους

213 1353 258 1422 β’
287 1362 397 1408 adde
431 1357 669 1422 (μοδίους
694 1355 740 1410 δ’
766 1363 880 1409 alius
907 1363 1041 1409 liber'
1072 1362 1117 1421 (i.
1145 1377 1183 1408 e.
1211 1357 1306 1407 δι’·2
1331 1362 1377 1406 111
1407 1367 1564 1408 nostra
1591 1360 1734 1406 Hero-

212 1433 284 1478 nis
311 1433 509 1478 editione
535 1449 579 1493 p.
609 1434 727 1491 193,
757 1433 856 1491 14).
911 1434 1005 1480 Hoc
1028 1428 1244 1492 μοδίους
1270 1426 1316 1480 δ’
1342 1434 1472 1478 citavi
1505 1432 1550 1477 in
1585 1429 1738 1493 prole-

212 1503 419 1564 gomenis
454 1519 500 1564 p.
529 1504 594 1550 63
631 1511 760 1561 extr.,
804 1519 918 1564 quae
957 1510 1050 1549 tum
1088 1505 1250 1563 scripsi
1286 1518 1386 1549 cum
1421 1503 1474 1548 de
1512 1503 1599 1548 hoc
1632 1501 1735 1546 loco

214 1572 391 1622 nullum
420 1574 618 1620 codicem
646 1575 734 1619 nisi
760 1573 886 1620 illum
909 1574 944 1619 G
970 1574 1125 1632 (Paris.
1150 1572 1304 1631 2438)
1331 1574 1554 1633 inspicere
1578 1579 1739 1632 potue-

212 1657 323 1689 ram.
370 1645 534 1690 Postea
564 1651 713 1690 autem
742 1658 794 1689 ex
818 1644 949 1690 libris
976 1644 1074 1690 aliis
1101 1658 1297 1704 quorum
1335 1644 1549 1688 maiorem
1585 1649 1741 1688 aucto·

214 1713 395 1760 ritatem
421 1729 522 1760 esse
551 1715 697 1760 inveni
722 1716 875 1776 recepi
902 1709 1119 1774 μοδίους
1146 1706 1204 1774 βξ
1231 1714 1309 1760 sed
1329 1728 1451 1774 (quae
1478 1727 1580 1758 vera
1601 1713 1741 1758 huius

213 1783 303 1831 loci
331 1785 555 1845 scriptura
586 1786 671 1843 sit,
704 1787 838 1831 etiam
864 1800 985 1831 nunc
1010 1785 1202 1844 ambigo.

325 1855 425 1902 208
452 1870 516 1900 νε.
547 1856 611 1902 10
638 1871 671 1900 ε.
702 1850 732 1902 ὁ
771 1851 830 1902 δὲ
854 1850 1051 1902 κύαθος
1082 1849 1189 1914 ἔχει
1215 1861 1300 1900 cet.
1356 1854 1473 1899 Haec
1509 1852 1644 1899 verba
1675 1853 1740 1898 sic

215 1925 466 1972 emendavit
487 1925 648 1972 Christ.
667 1925 826 1986 p.459
850 1925 1011 1971 additis
1038 1926 1092 1970 iis
1116 1938 1228 1984 quae
1251 1924 1379 1970 uncis
1407 1923 1581 1969 inclusa
1607 1929 1738 1968 sunt:

218 1991 248 2044 ὁ
276 1992 334 2044 δὲ
361 1991 559 2043 κύαθος
583 1991 691 2055 ἔχει
714 1990 938 2055 κοτύλης
971 1991 1145 2052 ἕκτον,
1174 1990 1334 2042 ὁλκὰς
1360 1986 1412 2040 ι’·
1445 1989 1477 2052 ἡ
1509 1990 1568 2041 δὲ
1603 1989 1739 2053 χήμη

214 2060 354 2128 (ἄγει
377 2061 538 2114 ὁλκὰς
566 2062 664 2114 δύο
690 2061 865 2126 ἥμιςυ,
901 2061 930 2113 ὁ
958 2062 1017 2113 δὲ
1043 2061 1243 2126 ξέςτης)
1271 2059 1385 2122 ἄγει
1410 2059 1591 2124 λίτραν
1619 2058 1741 2123 μίαν

213 2131 377 2197 ἥμιςυ.
409 2162 469 2170 -
497 2137 605 2182 ibid.
631 2152 696 2183 vs.
727 2137 790 2182 14
817 2132 1086 2196 Ἑλληνικὴ
1126 2130 1343 2195 κοτύλης
1387 2135 1485 2180 vide
1517 2149 1654 2195 supra
1686 2133 1741 2179 ad

213 2222 259 2269 p.
291 2208 354 2254 69
384 2223 445 2253 νε.
477 2209 505 2254 7
537 2207 590 2253 ab
616 2207 698 2253 ult.

322 2278 422 2324 216
449 2293 512 2323 vs.
535 2279 596 2324 21
628 2272 862 2335 οὐγγιῶν
892 2275 1020 2325 τῶν
1053 2275 1153 2336 (pro
1174 2272 1288 2337 τὴν)
1320 2270 1375 2322 ἐκ
1399 2273 1490 2334 τῆς
1519 2270 1742 2333 Ῥωμαϊ-

215 2345 308 2406 κῆς
334 2342 511 2407 λίτρας
538 2348 786 2394 emendavit
813 2347 975 2393 Christ.
1002 2363 1043 2407 p.
1074 2339 1190 2393 459.

327 2417 428 2464 228
458 2434 522 2466 vs.
549 2417 614 2465 26
653 2425 755 2463 ante
785 2413 965 2475 ςτάγια
991 2412 1107 2476 τρία
1134 2431 1156 2462 e
1186 2416 1414 2476 prioribus
1449 2414 1740 2475 repetendum

218 2501 317 2533 esse
353 2483 532 2547 λίτραν
571 2483 691 2547 μίαν
732 2489 862 2534 docui
903 2488 1031 2533 vol.I
1070 2503 1114 2547 p.
1155 2487 1245 2543 993
1296 2486 1515 2532 Christius
1557 2500 1601 2545 p.
1638 2483 1738 2530 461

218 2557 375 2603 scribit
412 2573 461 2604 se
498 2557 629 2604 malle
668 2559 776 2604 haec
814 2559 912 2618 ipsa
946 2553 1127 2617 λίτραν
1164 2552 1282 2616 μίαν
1322 2552 1405 2603 καὶ
1445 2558 1488 2601 in
1528 2560 1742 2602 contextu

218 2627 385 2674 Graeco
414 2628 561 2674 addita
588 2643 705 2674 esse.

327 2698 425 2744 231
465 2715 527 2744 νε.
570 2699 598 2744 2
633 2713 715 2758 pro
751 2693 949 2757 κύαμος
986 2698 1086 2758 lege
1122 2693 1317 2744 κύαθος
1348 2697 1450 2743 coll.
1478 2712 1523 2757 p.
1550 2694 1669 2753 245,
1697 2693 1745 2738 2.

221 2768 340 2824 231,
370 2767 450 2813 24.
483 2769 575 2822 27;
612 2769 726 2814 idem
753 2769 954 2814 restituit
980 2768 1143 2813 Christ.
1171 2783 1212 2827 p.
1241 2767 1357 2814 459.

332 2837 431 2885 233
458 2854 522 2884 vs.
551 2838 615 2884 14
640 2854 674 2884 s.
722 2838 862 2884 Verba
899 2833 928 2885 ὁ
966 2835 1023 2885 δὲ
1058 2834 1300 2885 Ἰταλικὸς
1326 2844 1409 2883 cet.
1447 2851 1534 2898 qua
1567 2837 1744 2882 ratione

221 2909 422 2954 sananda
449 2910 564 2966 sint,
596 2909 730 2954 docet
756 2909 1060 2954 vetustissima
1084 2908 1234 2954 tabula
1258 2907 1534 2954 medicinalis
1562 2922 1604 2966 p.
1625 2905 1744 2961 208,

225 2977 289 3024 15
309 2993 390 3032 ss.;
418 2981 579 3025 etenim
608 2979 936 3025 interciderunt
966 2978 1179 3025 nonnulla
1211 2993 1323 3039 quae
1345 2979 1430 3024 iam
1451 2978 1582 3023 uncis
1605 2978 1762 3021 inter·'
