1946 3220
12 82 53 117 ς-

8 143 36 210 .·
75 170 204 242 [104]
494 185 563 219 Ex
598 184 861 220 nnscho
898 184 1190 219 ExcnRP'rA.
1499 166 1602 218 317

18 299 23 303 '
79 297 214 350 ἑετιν
242 293 483 358 οὐγγίαε·
512 292 656 346 οὕτω
677 294 779 358 γὰρ
801 292 1127 358 εὑρίεκονται
1153 292 1205 347 οἱ
1229 291 1390 347 εἴκοει
1415 292 1604 359 ὀβολοὶ

29 388 33 389 ’
78 379 365 445 δίδραχμον
389 378 449 432 έν
474 383 551 447 τῷ
581 377 846 445 Λεβιτικῷ.

181 461 498 525 Δωδεκεύε,
526 461 701 526 χοεύε.

181 549 382 612 Δῶρα,
418 546 484 598 τὰ
518 545 849 611 δωρούμενα.
898 547 983 599 καὶ
1006 546 1092 599 ἐπὶ
1116 545 1310 610 μέτρου
1336 546 1606 609 παλαιετή.

182 629 417 696 Δῶρον,
453 630 724 695 παλαιετή.
773 629 908 684 ἔνιοι
937 629 1372 694 τετραδάκτυλον.
1424 631 1507 683 καὶ
1543 630 1605 683 τὸ
1638 638 1665 679 5

78 716 296 780 εύνηθεε
331 714 468 779 ἡμῖν.
524 713 947 780 ἑκκαιδεκάδωρα
982 713 1067 776 δέ,
1114 713 1387 767 ἑκκαίδεκα
1420 716 1608 768 παλαι-

80 802 233 854 ετῶν.

187 884 424 948 Δῶρον,
452 881 767 946 παλαιετήε,
796 881 1005 947 μέτρον.
1570 939 1572 941 ,

183 967 449 1032 *Ἐβδομον
475 966 831 1031 ἡμιτάλαντον
847 1007 860 1030 ,
890 966 956 1019 τὰ
982 966 1038 1021 ἓξ
1061 964 1211 1031 ἥμιευ
1237 964 1485 1020 τάλαντα.

182 1051 602 1116 Ἑκατόμπεδον,
635 1051 699 1103 τὸ
731 1049 981 1116 θέατρον·
1010 1051 1043 1115 ἢ
1069 1050 1260 1104 ἑκατὸν
1287 1052 1491 1104 ποδῶν.
1643 1061 1696 1102 10

184 1136 518 1202 Ἕκδραχμον
531 1174 546 1198 ,
574 1134 920 1199 ἑξάδροιχμον.

185 1219 662 1283 Ἑκκαιδεκάδωρα,
719 1207 1008 1272 ἑκκαίδεκα
1038 1220 1367 1273 παλαιετῶν·
1429 1220 1610 1283 δῶρον

78 1305 182 1369 γὰρ
214 1304 485 1368 παλαιετή.

186 1388 453 1451 Ἑκταῑον,
484 1387 538 1440 αἱ
566 1387 694 1441 δέκα
726 1386 955 1440 κοτύλαι.

187 1470 482 1535 Ἑκταίουε,
512 1472 641 1525 τοῦε
666 1471 724 1524 ἐκ
746 1470 999 1535 χοινίκων
1026 1470 1094 1525 ἕξ.
1646 1483 1698 1523 15

187 1548 372 1620 Ἕκτη,
417 1554 590 1621 τρίτη,
629 1555 876 1621 τετάρτη,
911 1554 1202 1621 νομίεματα
1243 1554 1499 1620 ἀργυρίου
1530 1554 1614 1606 καὶ

13 1659 22 1669 “
83 1640 301 1707 χρυείου
327 1639 412 1692 καὶ
435 1641 651 1703 χαλκοῦ.

187 1724 274 1776 Ἐκ
297 1722 644 1789 τριτημόρου,
674 1723 733 1776 ἐκ
755 1723 1023 1789 τεεεάρων
1047 1723 1351 1789 ἡμιεκτέων.

192 1808 451 1869 Ἑλένιοε,
479 1807 698 1870 ἀγγεῖον
724 1810 943 1873 χωροῦν
970 1808 1239 1872 τέταρτον.

190 1891 511 1959 Ἐλέφαντα]
539 1912 564 1943 *
592 1892 677 1945 καὶ
701 1891 864 1957 ῥυτὸν
891 1894 1031 1957 τρεῑε
1055 1891 1188 1957 χόαε
1212 1893 1445 1957 χωροῦν.
1647 1903 1702 1944 20

193 1976 515 2042 Ἐμβάφιον,
545 1975 824 2042 ὀξύβαφον
850 1977 996 2041 παρὰ
1027 1977 1353 2030 Ἱππώνακτι.

193 2060 561 2126 Ἐννεάβοιον,
590 2060 751 2116 ἐννέα
777 2063 925 2127 βοῶν
951 2060 1117 2124 ἄξιον,
1146 2062 1178 2126 ἢ
1204 2059 1546 2126 ἐννάβυρεον.
1587 2059 1617 2113 ὁ

11 2138 21 2145 ”
89 2147 149 2200 δὲ
175 2148 304 2212 βοῦε
334 2145 570 2210 νόμιεμα.

195 2231 369 2293 Ἑξᾶε,
398 2227 546 2283 εἶδος
577 2229 892 2295 νομίεματοε
917 2229 1063 2295 παρὰ
1092 2229 1474 2295 (υρακουείοιε.
1722 2294 1728 2301 .

196 2314 577 2379 Ἐπαμέτραιον
594 2355 608 2378 ,
635 2314 830 2379 μέτρον
856 2330 905 2367 τι
931 2313 1076 2378 παρὰ
1103 2313 1338 2368 Κνιδίοις.
1651 2324 1705 2364 25

197 2398 508 2471 Ἐπίκοποε,
536 2397 782 2462 χάραγμα
807 2397 865 2450 ἐκ
888 2398 1143 2463 δευτέρου
1167 2397 1385 2462 πληγέν.

208 2627 251 2667 2.
281 2621 534 2677 δίδραγμον
566 2622 664 2664 eod.
809 2619 1047 2675 Λεβητικῷ
1079 2622 1195 2674 cod„
1227 2620 1453 2674 Λευιτικῶ
1484 2622 1622 2667 Solem.

97 2697 137 2740 5.
167 2692 382 2746 παλαετή
415 2693 515 2735 οοᾶ.
659 2693 699 2733 6.
732 2690 1104 2745 ἑκκαιδεκάδωρα
1132 2690 1183 2734 δὲ
1213 2692 1316 2734 add.
1348 2693 1462 2735 Mus,
1580 2696 1620 2736 9.

96 2762 278 2816 ἡμίεεια
307 2764 409 2809 οοᾶ.
525 2765 593 2805 10.
625 2760 917 2804 ἑκατόπεδον
939 2762 1038 2803 οοᾶ.
1156 2763 1224 2806 12.
1253 2761 1412 2816 δῶρον
1430 2762 1622 2816 SalmaS„

98 2833 227 2887 δῶρα
258 2834 357 2877 cod.
476 2835 542 2875 14.
574 2831 703 2885 δέκα]
737 2830 821 2874 δύο
845 2833 965 2873 coni.
987 2833 1041 2874 L.
1062 2832 1264 2885 Dindorf,
1298 2833 1466 2888 recipit
1486 2833 1622 2876 Solem.

30 2899 33 2902 ’
100 2905 169 2946 21.
199 2903 473 2948 Ἱππώνακτι
505 2903 620 2955 οοᾶ.,
664 2900 958 2955 Ἱπποκράτει
998 2902 1149 2945 Bruno
1181 2908 1227 2947 et
1256 2905 1380 2947 Foes.
1555 2906 1622 2946 24.

100 2971 204 3016 ἔξαε
235 2975 334 3016 eod.
450 2971 731 3026 νομίεματοε
763 2973 866 3015 add.
899 2974 1079 3019 Salmas.
