1946 3220
82 162 222 233 [104]
334 167 337 169 ’
510 179 580 213 nx
614 177 877 214 nnsvcmo
915 177 1203 213 nxcmpm.
1514 160 1620 214 315

198 286 426 354 Γάβενα,
451 284 718 353 ὀξυβάφια
741 287 861 353 ἤτοι
882 285 1113 353 τρυβλία.

198 371 482 438 Γάμβριον,
510 370 774 436 τρυβλίον.

198 456 423 509 Γλαῦκες
448 453 821 520 Λαυριωτικαί,
859 454 1239 522 Ἀριστοφάνης
1270 454 1531 521 Ὄρνιςιν,
1569 453 1620 508 οἱ

8 531 26 613 3‘
90 540 569 607 άργυροςτατῆρες·
602 539 661 592 ἑν
688 537 899 609 Λαυρίῳ
925 540 1027 605 γὰρ
1061 541 1127 593 τὰ
1163 540 1396 606 μέταλλα
1428 539 1494 593 τὰ
1527 538 1620 604 ἀρ-

8 639 15 690 j
86 626 299 691 γυρεῑα,
325 625 493 686 γλαῦξ
517 624 577 676 δὲ
605 623 668 676 τὸ
694 623 1027 689 ἐπιχάραγμα
1052 626 1149 677 τοῦ
1170 626 1439 690 ςτατῆρος.
1518 617 1527 623 ”
1651 639 1677 677 5

196 709 229 760 Γ
233 710 391 771 λαῦξ,
417 707 640 772 νόμιςμα
666 707 909 772 Ἀθήνηςι
932 708 1346 774 τετράδραχμον.

197 792 466 858 Γόμορρα,
494 791 716 856 μέτρον,
749 791 931 845 ςτάςις.
976 807 980 810 ’

196 875 345 939 Γύαι,
372 875 520 939 ὁδοί,
553 875 772 940 πλέθρα.

196 962 229 1012 Γ
231 959 325 1025 ύη,
354 959 547 1025 μέτρον
574 959 827 1025 πλέθρου.

196 1043 349 1112 Γύης]
386 1063 412 1095 *
449 1045 604 1108 δηλοῖ
638 1044 697 1097 δὲ
731 1043 817 1096 καὶ
862 1043 1058 1109 μέτρον
1106 1045 1205 1109 γῆς
1243 1042 1487 1106 (δίγυον’
1533 1043 1617 1096 καὶ
1653 1057 1705 1097 10

88 1127 616 1192 ‘nevmxovrdssuon

9 1283 18 1286 ‚
195 1214 404 1278 Δαῑμα,
439 1211 725 1276 ςπιθαμήν,
763 1211 849 1264 καὶ
873 1211 936 1265 τὸ
963 1211 1206 1276 ἔγκωλον
1232 1213 1330 1282 τοῦ
1356 1210 1618 1277 ςχοινίου·

9 1366 13 1372 ⁹
94 1297 327 1362 ςτήμονα
352 1296 412 1350 δὲ
441 1295 772 1361 Ταραντῖνοι.

195 1380 450 1444 Δανάκη,
487 1379 828 1444 νομιςμάτιόν
852 1398 900 1434 τι
934 1379 1283 1446 βαρβαρικόν,
1316 1378 1617 1445 δυνάμενον

10 1458 21 1522 f
86 1465 256 1519 πλέον
284 1463 488 1529 ὀβολοῦ
516 1462 682 1532 ὀλίγῳ
697 1477 741 1518 ÷.
781 1463 997 1526 ἐλέγετο
1025 1465 1085 1517 δὲ
1107 1463 1192 1517 καὶ
1217 1463 1248 1517 ὁ
1270 1464 1384 1518 τοῖς
1409 1466 1619 1529 νεκροῖς
1654 1479 1705 1518 15

17 1576 21 1578 -
86 1549 365 1615 διδόμενος
392 1546 604 1614 ὀβολός.

193 1631 477 1699 Δαρεικοί,
514 1630 564 1684 οἱ
590 1633 776 1696 χρυςοῖ
802 1633 1074 1696 ςτατῆρες·
1110 1630 1400 1697 ἑκλήθηςαν
1426 1630 1511 1694 δέ,
1545 1630 1621 1684 ὥς

85 1718 227 1772 τινές
254 1733 433 1783 φαςιν,
459 1715 568 1768 ἀπὸ
586 1715 826 1781 Δαρείου
844 1717 943 1769 τοῦ
963 1718 1074 1769 τῶν
1093 1715 1334 1780 Περςῶνι
1347 1715 1618 1782 βαςιλέως.

193 1802 426 1866 Δάρειρ,
463 1799 526 1852 τὸ
565 1798 674 1852 ἀπὸ
704 1802 801 1852 τοῦ
830 1798 1065 1864 μεγάλου
1100 1798 1365 1853 δακτύλου
1400 1800 1487 1853 ἐπὶ
1522 1799 1617 1853 τὸν

43 1879 47 1883 ’
87 1886 271 1952 μικρὸν
299 1884 563 1948 διάςτημα.
1650 1899 1703 1938 20

194 1969 370 2034 Δάριν
383 2007 397 2030 ,
428 1966 710 2031 ςπιθαμήν·
738 1966 997 2032 Ἀρκάδες.

192 2051 479 2118 Δαρχμάς,
507 2050 757 2115 δραχμάς.

18 2183 20 2187 ,
162 2142 165 2144 ’
193 2137 524 2203 Δεκάβοιον,
569 2134 788 2200 ἀριθμὸς
824 2134 1020 2197 ποςός,
1057 2135 1140 2187 καὶ
1174 2132 1400 2199 ςταθμὸς
1432 2134 1617 2197 ποςός,

17 2246 24 2299 3
87 2222 184 2288 εφ’
225 2222 268 2290 ᾧ
310 2221 588 2274 τετύπωτο
625 2222 767 2284 βοῦς.
818 2218 952 2273 ἔνιοι
985 2220 1044 2272 δὲ
1084 2217 1308 2284 Δηλίων
1343 2218 1439 2273 τὸν
1483 2221 1617 2284 βοῦν

17 2324 26 2375 j
87 2307 312 2372 νόμιςμα
336 2303 473 2359 ειναί
497 2319 639 2370 φαςι.
1648 2318 1702 2357 25

15 2453 29 2465 f
194 2388 508 2456 Δεκαδώρῳ
543 2386 739 2455 ἁμάξῃ·
784 2385 848 2452 ἧς
874 2387 906 2451 ἡ
938 2340 1218 2452 διάμετρος
1254 2388 1363 2439 τῶν
1399 2386 1615 2449 τροχῶν

16 2487 22 2504 '·
87 2474 216 2527 δέκα
248 2472 458 2536 δώρων.
503 2475 691 2535 δῶρον
717 2471 803 2533 δέ,
842 2471 917 2523 ὡς
947 2471 1042 2535 μέν
1075 2486 1242 2533 τινες,
1282 2469 1314 2533 ἢ
1340 2468 1616 2533 παλαιςτή,

0 2704 27 2730 ,ae
204 2686 242 2726 1.
275 2681 499 2735 ὸξυβαφεῑ
529 2682 626 2725 cod.
761 2682 802 2722 6.
835 2678 1186 2733 τετράδραγμον
1224 2680 1326 2724 eod.
1443 2681 1512 2725 14.
1542 2678 1618 2722 δα-

0 2744 1 2803 }
89 2751 208 2806 νάκη
241 2754 302 2794 Η.
315 2753 480 2806 Steplz„
511 2749 658 2803 δανάη
690 2750 788 2793 eod.
934 2752 1000 2793 15.
1031 2755 1135 2804 post
1166 2748 1308 2803 ὀλίγῳ
1341 2750 1443 2792 cod.
1473 2750 1619 2792 habet

18 2832 28 2838 “
93 2816 135 2864 Γ’
173 2835 275 2864 cum
311 2835 541 2876 suprascr.
583 2822 618 2873 Ι,
668 2820 788 2862 unde
835 2818 927 2861 τινί
971 2821 1089 2863 coni.
1128 2821 1262 2873 Mus„
1310 2818 1618 2874 τριτημόριον

17 2895 34 2942 „J
91 2891 228 2935 Schm.
375 2894 442 2933 19.
474 2890 533 2933 τὸ
563 2889 659 2932 ἀπὸ
690 2891 821 2943 Mus„
852 2888 910 2931 τὸ
941 2888 1017 2931 ἐπὶ
1048 2889 1147 2933 cod.
1320 2891 1391 2932 24.
1423 2887 1618 2943 Δηλίων

16 2946 33 2999 ἶ
90 2959 180 3003 τὸν
210 2961 405 3013 Salmas„
435 2959 712 3004 δειλιόντων
745 2959 844 3002 cod.
