1946 3220
0 15 2 49 ι

13 0 224 206 ῗῑῶ]
565 151 716 188 οΑνῙει
755 151 822 187 Ac
855 151 1204 188 Ponnssmnus.
1544 136 1650 190 273

16 214 30 230 :t

124 289 348 344 85—87.
398 287 521 342 Alia
571 290 798 343 eiusdem
842 290 1051 357 yeneris
1099 304 1166 341 ex
1216 290 1394 343 codice
1439 289 1653 344 Antonii

757 359 1011 427 Eparchi.

650 445 789 499 (Vide
820 445 935 500 prol.
967 447 992 497 ξ
1024 444 1113 499 91.)

846 527 928 582 85.

379 612 422 664 1.
470 611 605 702 [ῐερὶ
628 611 820 678 κόρου,
855 612 917 666 ὃς
942 614 1024 666 καὶ
1050 613 1150 679 χὸρ
1177 613 1395 677 λέγεται.
1682 630 1708 670 5

227 711 286 764 ‘O
314 711 475 777 κόρος
502 709 743 776 εἴληπται
768 712 825 765 ἑκ
851 715 944 776 τῆς
966 711 1238 778 Ἑβραῖδος
1265 712 1560 776 διαλέκτου,
1589 714 1651 765 ὃς

122 798 353 850 καλεῖται
380 796 506 861 χόρ·
553 796 645 851 εἰςὶ
674 798 731 850 δὲ
762 797 938 862 μόδιοι
963 795 1022 849 λ’.
1071 796 1172 862 χὸρ
1206 797 1266 850 δὲ
1301 798 1510 859 λέγεται
1541 797 1650 850 ἀπὸ

120 885 214 946 τῆς
238 884 336 934 τοῦ
367 883 568 946 βουνοῦ
596 880 928 934 ὑποθέςεως·
955 881 1143 946 χορίον
1169 882 1271 946 γὰρ
1298 881 1504 943 λέγεται
1530 886 1678 949 βου--

120 966 238 1020 νός·
268 965 631 1031 βουνιςθέντες
671 965 775 1030 γὰρ
811 964 861 1018 οἱ
896 963 941 1016 λ’
975 964 1149 1030 μόδιοι
1189 965 1417 1032 φορτίον
1443 969 1654 1020 ποιοῦςι

50 1059 60 1062 ’
115 1047 370 1116 ’καμήλου

495 1148 544 1200 2.
592 1148 725 1212 Περὶ
749 1150 845 1201 τοῦ
872 1148 1024 1201 λεκὲθ
1050 1149 1082 1212 ἢ
1111 1148 1277 1202 θεκέλ.
1687 1158 1739 1198 10

229 1248 417 1310 Λεκέθ,
450 1246 525 1300 ῶς
557 1246 616 1300 ἑν
644 1251 721 1315 τῷ
762 1244 913 1310 Ὡςηὲ
950 1251 1025 1314 τῷ
1062 1245 1314 1316 προφήτῃ
1342 1246 1542 1312 εἴρηται
1572 1246 1655 1300 ὅτι

122 1332 483 1396 ἐμιςθωςάμην
509 1331 719 1399 ἐμαυτῷ
751 1331 902 1382 λεκὲθ
932 1332 1123 1395 κριθῆς.
1159 1330 1218 1383 ἐν
1245 1329 1569 1400 ἀντιςτροφῇ
1595 1334 1654 1385 δὲ

122 1417 294 1481 γομόρ
318 1418 514 1480 κριθῶν
541 1414 764 1467 τὸάὐτὸ
792 1414 887 1478 μέν
915 1413 1044 1477 ἑςτι,
1076 1414 1453 1468 πεντεκαίδεκα
1478 1417 1537 1469 δὲ
1562 1417 1653 1480 μό-

20 1488 34 1508 ⁸
122 1505 225 1554 διοι
255 1500 608 1564 ςημαίνονται.
667 1500 818 1552 λεκὲθ
861 1500 920 1551 δὲ
963 1497 1073 1551 ἀπὸ
1111 1500 1204 1562 τῆς
1249 1501 1360 1553 τῶν
1399 1500 1654 1565 Ἑβραίων

124 1588 312 1651 φωνῆς
354 1583 577 1649 εἴρηται,
622 1582 654 1636 ὅ
681 1583 817 1636 ἐςτιν
865 1582 1075 1647 ἔπαρμα
1119 1582 1229 1636 ἀπὸ
1265 1586 1363 1636 τοῦ
1403 1583 1656 1638 δύναςθαι
1689 1591 1739 1631 15

123 1670 342 1724 νεανίαν
369 1668 643 1733 ἐπάραντα
674 1666 734 1721 ιε’
760 1667 980 1732 μοδίους
1006 1667 1151 1720 ςίτου
1176 1668 1208 1732 ἢ
1234 1670 1412 1734 κριθῆς
1436 1670 1520 1722 καὶ
1545 1670 1656 1723 ἐπι-

122 1754 321 1807 τιθέναι
346 1758 423 1822 τῷ
452 1752 581 1821 ὄνῳ.
633 1753 695 1805 τὸ
723 1753 777 1805 δ’
803 1752 935 1805 αὐτὸ
962 1751 1045 1803 καὶ
1069 1751 1242 1816 γομὸρ
1267 1755 1520 1806 καλεῖται·
1551 1754 1656 1807 ἔςτι

41 1869 46 1874 ·
123 1838 225 1902 γὰρ
252 1837 314 1890 τὸ
342 1836 492 1902 μέγα,
522 1836 657 1901 ὅπερ
684 1837 742 1889 ἐκ
767 1839 860 1900 τῆς
883 1835 1156 1900 Ἑβραῖδος
1180 1837 1458 1890 διαλέκτου
1483 1838 1654 1903 γομὸρ

123 1924 368 1976 καλεῖται.
421 1921 525 1974 ἔςτι
556 1922 614 1974 δὲ
640 1921 724 1973 καὶ
752 1921 938 1991 μικρὸν
966 1919 1136 1983 γομόρ
1166 1920 1367 1983 μοδίων
1398 1923 1619 1976 δώδεκα.

544 2075 591 2126 3.
640 2075 774 2140 Περὶ
806 2076 972 2140 βάδου
997 2076 1028 2139 ἢ
1058 2076 1235 2141 βάτου.
1470 2083 1483 2095 ·
1686 2084 1740 2123 20

234 2174 409 2228 Βάδον
453 2175 685 2227 καλεῖται
727 2173 895 2238 ὑγρὸν
935 2176 1131 2228 ξεςτῶν
1170 2174 1530 2239 πεντήκοντα,
1574 2176 1656 2226 καὶ

125 2259 258 2312 αὐτὸ
285 2259 393 2311 ἀπὸ
420 2262 513 2323 τῆς
537 2258 808 2324 Ἑβραῒδος
837 2259 1113 2312 διαλέκτου
1139 2259 1509 2324 παρηγμένον,
1538 2276 1656 2311 ςυν-

128 2344 355 2407 ωνύμιυς
389 2349 466 2412 τῷ
502 2342 832 2411 ἐλαιοτριβίῳ
865 2344 1180 2412 καλουμένῳ
1218 2344 1336 2409 βήθ·
1381 2343 1515 2408 βάδα
1554 2344 1655 2408 γὰρ

130 2426 472 2493 ἑρμηνεύεται
493 2427 868 2491 ἐλαιοτριβίον·
894 2427 998 2480 ἔςτι
1018 2429 1076 2480 δὲ
1094 2430 1289 2481 ξεςτῶν
1311 2427 1655 2491 πεντήκοντα·

127 2512 189 2565 τὸ
214 2513 272 2565 δὲ
300 2511 494 2576 μέτρον
523 2511 627 2563 ἐςτὶ
654 2513 750 2563 τοῦ
776 2510 959 2563 ἐλαίου
985 2511 1244 2576 ἐργαςίου.
1685 2515 1739 2554 25

465 2666 513 2717 4.
561 2666 693 2729 Περὶ
719 2664 967 2729 μναςίδος
993 2666 1024 2728 ἢ
1052 2665 1316 2730 μεδίμνου.

237 2765 439 2818 Μναςὶς
468 2764 551 2816 καὶ
577 2764 851 2828 μέδιμνος,
883 2762 1052 2827 οἶμαι,
1084 2764 1141 2816 ἐκ
1171 2764 1462 2829 Ῥωμαῖκῆς
1489 2765 1655 2827 γλώς-

129 2865 220 2914 ςης
244 2849 610 2914 παρήχθηςαν·
649 2848 711 2900 τὸ
750 2849 851 2912 γὰρ
888 2847 1107 2913 μεδιοὺμ
1132 2848 1291 2913 μέςον
1319 2849 1657 2915 ἑρμηνεύεται

130 2933 189 2986 ἑν
225 2933 357 3000 αὐτῇ
390 2938 452 3002 τῇ
494 2934 712 3001 γλώςςῃ.
764 2933 942 2997 μναςὶς
987 2932 1169 2989 τοίνυν
1219 2934 1364 2999 παρὰ
1409 2933 1656 2996 Κυπρίοις

216 3030 394 3059 scmp'r.
427 3031 630 3061 memnon.
662 3032 693 3060 1.
1339 3017 1402 3068 18
