1946 3220
274 135 374 189 168
697 135 700 138 ’
785 148 1185 184 ΡΒοιΕαοΜΕΝΑ
1210 148 1266 181 m

269 266 348 312 lud
369 267 503 312 etiam
531 265 722 310 interest
746 264 864 309 scire
889 275 939 308 ac
962 262 1240 321 perspicere,
1268 275 1381 321 quae
1411 262 1594 307 omnino
1622 261 1792 321 singuli

270 335 579 395 lexicographi
618 334 664 379 in
695 333 790 378 suis
818 330 946 376 libris
973 329 1265 390 collegerint:
1309 331 1353 377 id
1390 338 1565 389 autem,
1605 333 1649 377 s‘r
1668 330 1792 378 illam

270 407 493 451 rationem
525 409 708 448 secutus
745 415 918 459 essem,
954 399 1052 447 fieri
1082 414 1174 447 non
1205 402 1375 462 potuit.
1431 402 1542 448 Tum
1576 415 1680 447 vero
1717 415 1793 447 res

271 476 450 521 criticas
484 473 530 517 in
565 472 857 518 adnotatione
881 471 992 517 satis
1020 471 1232 517 distincte
1260 470 1491 517 illustrare
1520 485 1612 516 non
1638 471 1792 518 licuis-

271 551 363 600 set,
391 543 478 588 nisi
506 541 714 602 singulos
742 547 951 588 auctores
977 554 1257 601 separarem;
1292 555 1394 587 nam
1419 548 1471 587 ut
1497 541 1573 587 alii
1599 542 1792 587 aliorum

271 620 377 659 sunt
403 619 449 658 et
475 612 655 658 codices
679 626 813 658 manu
837 612 997 672 scripti
1023 618 1068 656 et
1094 611 1310 669 editores,
1339 612 1402 658 ita
1426 613 1561 658 etiam
1590 611 1792 658 officium

269 684 364 728 eius
397 682 475 743 qui
512 688 653 727 artem
691 682 892 728 criticam
927 683 974 727 in
1012 681 1086 726 his
1120 688 1325 728 exerceat
1364 696 1491 728 suam
1527 682 1573 727 in
1609 694 1792 743 quoque

269 754 493 798 rationem
519 753 649 813 sequi
679 752 826 798 dehet.

371 821 500 878 Quod
525 835 617 868 non
645 822 855 869 descendi
881 822 935 868 ad
961 822 1179 869 Zonaram
1195 858 1209 881 ‚
1243 822 1546 868 Phavorinum
1562 856 1575 880 ,
1617 820 1793 869 lexicon

268 892 622 952 Seguerianum,
663 895 886 939 neminem
929 893 1065 940 credo
1103 893 1212 938 mihi
1247 891 1626 954 exprobraturum
1665 906 1792 938 esse:

269 976 466 1024 quorum
506 962 632 1009 locos
660 964 698 1009 si
729 962 892 1010 addere
922 963 1198 1023 voluissem,
1235 977 1389 1009 rerum
1424 964 1541 1009 serie
1571 976 1709 1023 porro
1739 962 1794 1008 ad

268 1033 354 1080 alia
378 1039 514 1093 atque
538 1032 624 1079 alia
647 1033 903 1080 recentiora
925 1034 1174 1094 perductus
1202 1047 1375 1093 essem,
1409 1047 1493 1080 nec
1526 1047 1634 1079 vero
1664 1032 1794 1094 quid-

269 1117 402 1163 quam
429 1103 551 1164 quod
574 1105 725 1163 magni
751 1106 970 1150 momenti
997 1110 1120 1150 esset
1144 1105 1431 1150 invenissem.
1456 1103 1621 1163 ‚Valuit
1651 1103 1794 1163 igitur.

267 1173 378 1220 mihi
404 1186 589 1234 quoque
614 1174 911 1220 Horatianum
939 1173 1077 1232 illud,
1103 1181 1255 1220 certos
1282 1188 1382 1219 esse
1409 1174 1605 1234 denique
1631 1172 1758 1218 fines.

372 1242 472 1288 Non
497 1243 571 1289 hic
596 1250 667 1289 est
694 1243 822 1290 locus
851 1246 1002 1290 omnia
1038 1243 1289 1304 explicandi
1326 1258 1441 1304 quae
1465 1258 1580 1290 nova
1605 1257 1657 1289 ex
1685 1243 1795 1288 lexi-

267 1314 511 1374 cographis
535 1315 581 1358 in
609 1327 663 1359 eo
689 1328 821 1375 quem
847 1315 938 1360 dixi
962 1320 1183 1376 apparatu
1208 1315 1434 1375 congessi.
1469 1313 1673 1369 Quorum
1699 1320 1793 1359 tum

269 1384 420 1444 aptius
450 1389 496 1429 et
521 1386 804 1431 commodius
837 1386 1062 1431 rationem
1092 1385 1294 1444 habebo,
1331 1398 1433 1431 cum
1464 1384 1582 1430 liber
1613 1384 1668 1429 de
1700 1397 1796 1430 me-

265 1453 465 1514 trologia
505 1455 821 1501 retractandus
861 1455 1099 1515 denuoque
1135 1455 1336 1501 edendus
1373 1455 1475 1500 erit.
1534 1455 1719 1500 Interim
1753 1456 1793 1500 si

268 1523 376 1584 quid
407 1523 481 1569 alii
509 1523 563 1569 ad
588 1524 633 1570 id
659 1531 976 1585 argumentum
1002 1525 1217 1584 afferent,
1246 1539 1456 1586 magnam
1492 1525 1562 1570 his
1600 1526 1793 1585 gratiam

265 1592 457 1639 habebo.
509 1593 653 1640 Unum
690 1601 837 1641 tamen
880 1609 1002 1642 nunc
1038 1596 1402 1656 praetermittere
1437 1609 1641 1655 nequeo,
1681 1609 1794 1641 non·

266 1663 404 1710 nullis
441 1663 557 1710 locis
584 1679 608 1709 a
634 1664 797 1711 Photio
839 1664 1112 1726 Sophoclem
1139 1672 1348 1712 autorem
1375 1678 1467 1711 non
1495 1667 1594 1710 sine
1627 1679 1791 1725 magna

267 1733 518 1780 offensione
542 1735 685 1781 citari.
712 1736 775 1782 Ac
799 1736 852 1781 de
877 1736 976 1782 sicli
1001 1736 1180 1797 quidem
1200 1737 1512 1782 aestimatione
1526 1734 1584 1794 (v.
1599 1730 1791 1794 είκλοε)

266 1810 390 1850 recte
417 1804 628 1851 iudicavit
646 1805 901 1851 Dindorfius
923 1806 1197 1866 Sophoclem
1218 1821 1300 1867 per
1325 1819 1524 1851 errorem
1545 1820 1629 1866 pro
1646 1806 1792 1851 Xeno-

266 1873 439 1934 phonte
454 1869 484 1936 ¹)
511 1875 732 1935 scriptum
759 1889 875 1922 esse.
919 1876 1008 1922 Nec
1034 1876 1180 1935 magis
1206 1875 1457 1935 Sophocles
1482 1889 1591 1920 voce
1618 1873 1793 1934 λιτρο-

268 1938 464 1991 εκόποε
503 1958 588 2004 pro
628 1939 1019 2005 ἀργυραμοιβόε
1057 1941 1189 2007 (ἀπὸ
1219 1942 1316 1991 τοῦ
1344 1939 1608 1991 (ικελικοῦ
1647 1939 1792 2005 νομί-

268 2009 481 2075 εματοε)
507 2028 619 2059 usus
647 2029 746 2059 esse
772 2011 997 2075 potest²);
1031 2015 1154 2075 quod
1179 2014 1353 2059 dicendi
1381 2027 1523 2073 genus
1549 2014 1705 2073 potius
1737 2015 1792 2059 ad

265 2081 463 2143 aliquem
497 2085 765 2129 recentioris
802 2085 1059 2131 comoediae
1101 2091 1283 2144 poetam
1325 2084 1556 2144 pertinere
1600 2084 1791 2129 videtur.

206 2154 211 2159 ’
265 2153 414 2213 Atque
442 2154 576 2198 etiam
606 2148 774 2213 οὐράν
811 2169 896 2215 pro
935 2149 1143 2202 αἰδοῖον
1171 2168 1277 2199 num
1310 2160 1433 2199 recte
1462 2167 1485 2198 a
1510 2153 1674 2199 Photio
1707 2153 1791 2200 So-

265 2222 420 2283 phocli
454 2222 676 2269 tributum
713 2225 799 2283 sit,
832 2224 1030 2271 dubitari
1064 2230 1233 2284 potest.
1286 2223 1407 2278 Quae
1443 2237 1544 2270 cum
1581 2225 1643 2269 ita
1680 2225 1789 2281 sint,

265 2293 358 2338 veri
385 2293 531 2339 simile
558 2293 752 2339 forsitan
776 2294 981 2340 videatur
1008 2293 1143 2340 aliurn
1172 2295 1313 2339 fuisse
1334 2291 1607 2354 Sophoclem
1634 2307 1791 2340 recen·

267 2363 399 2409 tioris
426 2363 685 2410 comoediae
713 2365 1017 2425 scriptoribus
1045 2363 1291 2425 aequalem.
1331 2363 1416 2410 Sed
1446 2364 1489 2409 id
1515 2377 1651 2421 nunc,
1677 2378 1791 2424 quo·

265 2434 385 2478 niam
419 2435 617 2480 certiora
650 2442 916 2495 argumenta
958 2449 1049 2481 non
1087 2435 1406 2495 suppeditant,
1448 2436 1495 2480 in
1533 2434 1681 2479 medlo
1718 2447 1789 2479 re-

267 2501 439 2562 anuo.

372 2571 479 2619 Loci
509 2573 719 2634 Hesychii
758 2574 1016 2622 difficillimi
1057 2575 1110 2621 de
1148 2589 1247 2621 asse
1285 2581 1330 2620 et
1367 2573 1615 2635 quadrante
1651 2588 1788 2634 supra

270 2647 376 2686 sunt
402 2642 617 2688 illustrati
646 2651 690 2689 et
717 2646 941 2692 emendati
970 2645 1016 2705 (S
1044 2645 1159 2705 103).
1209 2645 1336 2691 Addo
1372 2651 1607 2704 praeterea
1639 2644 1789 2690 consi-

269 2709 330 2755 lio
359 2711 570 2756 omissam
597 2726 697 2759 esse
724 2729 747 2760 a
774 2730 845 2762 me
873 2717 1072 2777 glossam
1099 2710 1563 2773 πεντεετατήριον,
1591 2715 1696 2775 quia
1724 2713 1789 2759 al-

386 2873 426 2924 1)
458 2874 602 2915 Anab.
638 2877 676 2927 1,
709 2878 749 2928 5,
781 2879 821 2921 6.

382 2930 426 2982 2)
458 2930 586 2974 Phot.
617 2944 659 2972 v.
693 2930 849 2986 λίτρα,
883 2936 1003 2976 conf.
1036 2936 1240 2990 Hesyeh.
1272 2949 1313 2977 v.
1348 2933 1695 2986 λιτροεκόπουε.
