1946 3220
1766 0 1851 14 ,ἧι
1879 0 1887 3 .

332 155 435 209 144
863 168 1251 205 Pnonneomim
1274 169 1332 203 111

330 281 600 346 δηναρίων
636 279 872 343 ὑπῆρχεν
909 278 939 330 ὁ
967 277 1214 342 ἄργυρος.
1272 280 1394 336 Quae
1421 282 1700 343 aliquantum
1727 282 1855 329 diffe-
1916 305 1923 311 ·

328 364 436 403 runt
462 372 487 402 a
509 361 706 402 tractatu
729 353 968 399 Petaviano
1004 352 1078 411 (fr.
1103 356 1183 410 82,
1209 355 1278 397 34.
1306 351 1379 411 35)
1395 389 1409 412 ,
1441 367 1596 398 verum
1632 354 1703 399 his
1738 354 1854 414 ipsis

330 427 529 487 genuina
553 425 792 484 scriptoris
819 422 952 469 verba
990 415 1307 481 continentur,
1343 437 1444 470 cum
1469 422 1563 469 illic
1586 425 1734 470 omnia
1759 437 1853 470 ma·

329 499 445 542 xime
475 502 691 555 corrupta
718 495 824 539 sint.
877 493 1067 554 Reliqua
1100 494 1156 539 de
1181 494 1378 539 nummis
1405 493 1563 539 eodem
1602 494 1852 544 0111111οᾸοῐ-

331 580 417 627 que
441 565 535 611 illic
559 565 804 625 eademque
831 565 926 610 sere
952 564 1097 610 forma
1123 565 1378 625 perscripta
1411 569 1540 618 sunt;
1578 565 1658 610 sed
1690 579 1851 610 rursus

326 635 547 682 nonnulla
580 635 655 682 hic
692 636 862 681 rectius
904 633 1149 695 leguntur,
1191 648 1306 695 quae
1343 636 1437 680 suis
1475 635 1588 681 locis
1624 635 1853 681 adnotavi-

326 720 426 752 mus
443 701 494 765 ⁴).

439 884 484 936 4)
516 885 787 938 Aegerrime
808 897 928 926 nunc
962 885 1084 936 fero,
1118 884 1237 938 quod
1265 887 1386 935 tum,
1420 896 1522 925 cum
1541 884 1736 925 Parisiis
1767 884 1851 934 fui,

328 955 419 982 non
449 945 595 982 totum
625 942 746 982 hunc
776 945 1025 983 tractatum
1056 954 1079 981 e
1114 941 1272 981 codice
1303 942 1414 982 2665
1446 939 1683 994 descripsi.
1725 941 1853 980 Tunc

329 999 451 1039 enim
481 999 530 1038 in
559 1001 695 1039 tanta
727 998 1014 1039 abundantia
1035 997 1396 1050 fragmentorum
1415 997 1852 1063 ῌΡ1Ρ1101110110111111,

327 1056 541 1108 quoniam
571 1055 724 1095 omnia
753 1055 802 1095 in
831 1068 981 1096 meam
1012 1053 1335 1095 collectionem
1364 1054 1572 1107 recipere
1602 1066 1695 1094 non
1723 1056 1854 1107 pote-

326 1125 426 1152 ram
455 1123 543 1151 1100
564 1124 674 1151 vero
695 1110 932 1162 volebam,
967 1124 1023 1151 ea
1055 1110 1179 1164 elegi
1210 1123 1328 1164 quae
1348 1111 1546 1151 maxime
1569 1110 1627 1150 ab
1651 1109 1853 1151 editione

325 1167 588 1209 Petaviana
620 1142 961 1220 discreparent,
1002 1172 1053 1208 ut
1092 1179 1228 1219 quam
1259 1167 1597 1208 diveisissimas
1631 1167 1729 1206 eius
1760 1158 1852 1206 tra-

328 1227 478 1264 ctatus
510 1224 681 1264 formas
718 1224 767 1263 111
803 1224 1003 1264 111οᾶ111111
1042 1223 1313 1266 conferrem.
1372 1222 1444 1262 Ex
1471 1223 1558 1263 hoc
1592 1226 1746 1263 autem
1777 1234 1853 1262 co-

327 1281 428 1321 (1100
460 1280 515 1320 (10
549 1293 635 1332 quo
668 1281 822 1333 agitur
850 1283 945 1320 tum
976 1280 1090 1320 satis
1130 1280 1238 1319 duxi
1275 1278 1516 1327 nonnulla,
1557 1279 1678 1319 sicut
1715 1291 1854 1331 supra

327 1337 658 1387 demonstravi,
694 1340 898 1381 enotare.
941 1337 1002 1376 At
1032 1350 1164 1390 vero,
1198 1337 1239 1376 si
1270 1335 1486 1376 Salmasii
1505 1335 1855 1376 Refutationem

328 1396 374 1434 et
412 1392 785 1434 Confutationem
833 1394 884 1433 in
926 1393 1139 1433 manibus
1183 1392 1448 1433 habuissem
1478 1415 1531 1421 -
1564 1404 1674 1445 quos
1703 1391 1853 1445 =libros

325 1448 466 1490 multo
508 1453 648 1489 antea
684 1449 975 1503 perlegeram
1012 1458 1100 1489 nec
1141 1449 1294 1489 omnia
1331 1448 1612 1489 recordabar
1641 1470 1696 1477 —
1729 1450 1853 1488 certe

328 1518 431 1546 eam
461 1510 638 1558 partem
668 1518 786 1558 quae
819 1509 889 1546 est
919 1506 974 1545 de
1005 1506 1199 1545 nummis
1232 1518 1255 1545 e
1289 1505 1448 1546 codice
1473 1505 1734 1545 exscribere
1763 1516 1855 1544 non

327 1562 600 1605 omisissem.
657 1562 790 1602 Nunc
820 1574 914 1602 una
946 1562 1001 1601 de
1042 1575 1090 1602 re
1130 1563 1327 1602 maxime
1366 1561 1548 1612 laboro,
1589 1561 1710 1601 unde
1751 1560 1854 1600 Sal-

325 1619 500 1660 masius
542 1622 601 1658 et.
625 1617 755 1658 illum
793 1618 944 1659 locum
986 1618 1088 1659 adn.
1122 1620 1148 1658 2
1181 1621 1293 1658 extr.
1327 1618 1519 1658 citatum
1553 1621 1599 1657 et
1627 1617 1711 1658 hos
1743 1628 1854 1670 quos

325 1675 420 1715 iam
453 1674 678 1714 allaturus
709 1687 810 1714 sum
846 1675 1134 1727 repetiverit.
1193 1675 1296 1715 Non
1333 1673 1607 1714 incredibile
1641 1677 1713 1714 est
1742 1686 1852 1714 non-

324 1730 475 1782 nulla,
517 1731 708 1784 perinde
748 1744 804 1771 ac
846 1732 1095 1784 genuinam
1125 1731 1401 1783 scripturam
1431 1730 1716 1783 paragraphi
1744 1730 1853 1782 Epi-

325 1787 589 1840 phanianae
621 1788 675 1828 35
709 1787 767 1839 (v.
802 1789 904 1828 adn.
936 1786 1006 1840 2),
1043 1801 1099 1827 ex
1130 1787 1290 1828 codice
1330 1788 1442 1828 2665
1477 1787 1685 1837 fluxisse,
1709 1791 1855 1826 ’011111-

327 1856 415 1897 que
446 1844 595 1896 ipsum
627 1855 728 1884 esse
762 1844 967 1884 codicem
995 1845 1044 1883 in
1077 1857 1210 1897 quem
1241 1844 1460 1884 incidisse
1493 1856 1542 1883 se
1574 1842 1736 1883 scribit
1751 1842 1854 1882 Ref.

325 1913 371 1953 p.
391 1902 461 1942 49.
512 1901 767 1940 Praeterea
799 1905 954 1940 autem
987 1899 1091 1940 aliis
1124 1901 1265 1940 etiam
1295 1900 1426 1940 libris
1459 1913 1560 1940 eum
1589 1912 1722 1940 usum
1753 1911 1853 1940 esse

329 1956 557 2009 exipsius
601 1957 758 1997 verbis
805 1957 1110 2010 cognoscitur.
1172 1957 1303 2006 Quod
1345 1959 1448 1996 utut
1493 1959 1586 2008 est,
1635 1968 1736 1996 cum
1780 1967 1854 1995 res

328 2016 435 2052 acta
473 2014 645 2053 mutari
681 2026 773 2054 non
809 2014 974 2066 possit,
1025 2013 1101 2053 hic
1143 2013 1285 2053 affero
1322 2012 1448 2053 locos
1487 2012 1853 2065 Epiphanianos,

327 2081 438 2121 quos
471 2069 675 2110 diversos
699 2083 726 2110 a
746 2071 1005 2110 Petaviano
1035 2072 1238 2109 tractatu
1269 2070 1387 2109 citat
1417 2068 1685 2111 Salmasius.
1745 2067 1853 2108 Res.

326 2138 370 2178 p.
402 2126 479 2165 65:
511 2125 762 2177 Epiphaniz',
795 2127 968 2178 inquit,
1001 2126 1129 2166 verba
1160 2127 1212 2166 de
1243 2127 1313 2165 illo
1343 2126 1577 2165 miliar-ensi
1605 2126 1705 2178 quia
1733 2127 1857 2177 vulyo

326 2183 654 2247 corruptissima
667 2188 777 2232 sunt,
808 2183 901 2222 Izez‘e
921 2181 1175 2249 adscribam,
1197 2187 1242 2221 ut
1263 2183 1352 2245 leyz'
1366 2181 1518 2222 debent
1548 2195 1599 2221 ae
1629 2181 1851 2246 distinqui:

326 2237 567 2304 Δι’χρυσον
609 2231 662 2277 δε
702 2213 904 2279 ἐκάλουν
936 2233 984 2279 οἷ
1011 2235 1209 2278 παλαιοὶ
1239 2232 1291 2278 τὸ
1321 2229 1466 2291 ἥμισυ
1503 2235 1590 2279 τοῦ
1626 2230 1850 2300 ἀργυροῦ.

326 2289 378 2334 τὸ
421 2288 475 2334 δὲ
513 2285 757 2360 ἀργυροῦν
794 2293 933 2335 τοῦτο
975 2287 1102 2336 ἐστὶν
1142 2284 1166 2334 ὃ
1206 2289 1253 2335 οἷ
1283 2286 1504 2359 Ρωμαῖοι
1550 2286 1853 2359 μιλιαρήσιον

326 2350 578 2402 καλοῦσιν,
619 2342 646 2390 ὃ
688 2342 1015 2414 ἑρμηνεύεται
1036 2347 1391 2403 στρατιωτικόν·
1443 2343 1494 2390 τὸ
1539 2343 1591 2389 δὲ
1625 2347 1853 2418 ὃίχρυσον

326 2404 409 2446 καὶ
445 2407 583 2448 τοῦτο
623 2400 851 2475 ἀργύριον
887 2396 949 2461 ἦν
988 2398 1103 2458 όπερ
1142 2406 1374 2470 κίβδηλον
1391 2399 1610 2461 ὕστερον
1650 2399 1850 2473 ἐκλήθη,

327 2456 713 2530 ἀναιρεθέντος
715 2460 769 2505 δε
807 2462 893 2505 τοῦ
930 2460 1154 2530 βασιλέως
1193 2457 1319 2516 τότε,
1354 2460 1408 2505 οὐ
1439 2458 1494 2503 τὸ
1524 2458 1675 2515 ὄνομα
1709 2455 1759 2502 ἐν
1789 2460 1852 2512 τῷ

331 2517 534 2572 ὃιχρυσῳ
574 2514 883 2588 ἐκεχάρακτο,
931 2517 982 2561 τὸ
1023 2514 1229 2586 νόμισμα
1269 2513 1417 2561 αυτοῦ
1461 2504 1853 2573 οἷποβαλλόμενον

328 2574 559 2627 κίβδηλον
598 2571 808 2631 ἐκλήθη,
859 2573 1099 2618 τουτέστιν
1130 2570 1377 2630 οἷὸόκιμον.
1439 2573 1508 2616 'Ad
1548 2588 1662 2628 quae
1695 2573 1852 2627 paullo

327 2635 432 2682 post
470 2631 616 2671 addit.
668 2634 776 2675 hane
814 2636 1143 2675 emendationem
1179 2634 1388 2675 veteribus
1426 2633 1545 2672 libris
1582 2639 1624 2672 et
1654 2633 1853 2684 antiquae

328 2688 514 2726 versioni
552 2689 756 2730 debemus.
797 2712 848 2718 —
895 2691 1100 2731 Plurima
1138 2703 1248 2731 vero
1289 2688 1445 2729 attulit
1495 2688 1553 2727 ad
1605 2692 1854 2727 extremam

327 2745 555 2782 tractatus
576 2745 890 2796 Epiphaniani
919 2752 1117 2800 par,te1n
1151 2747 1229 2786 ubi
1261 2747 1314 2785 de
1348 2745 1456 2785 folle
1491 2743 1851 2797 agitu1.Conf.

329 2812 374 2851 p.
410 2800 487 2838 101
520 2811 593 2848 ss,
635 2802 716 2840 ubi
754 2804 897 2843 verba
930 2817 956 2843 a
986 2804 1182 2844 Petavio
1224 2803 1349 2842 edita
1391 2804 1603 2853 corrupta
1645 2812 1744 2839 esse
1777 2799 1852 2838 de-

329 2858 574 2905 monstiat,
617 2857 899 2910 probataque
941 2860 1258 2900 emendatione
1300 2857 1530 2922 Scaligeii
1576 2853 1852 2918 βαλλάντιον

330 2911 575 2951 scribentis
608 2911 756 2951 locum
788 2915 854 2953 sic
885 2918 1099 2985 proponit
1117 2917 1189 2979 (p
1207 2914 1327 2978 104):
1362 2908 1547 2977 φόλλις,
1583 2902 1607 2952 ὃ
1628 2909 1711 2952 καὶ
1715 2910 1849 2975 βαλ

332 2960 544 3008 λα’ντιον
595 2966 794 3010 διπὶοὗν
827 2966 880 3011 δὲ
914 2966 1060 3022 ἐστίν,
1103 2966 1194 3013 ὑπὸ
1228 2965 1315 3012 δύο
1347 2963 1563 3023 ἄργύρων
1593 2966 1674 3010 καὶ
1705 2959 1850 3022 ἥμισυ
