1946 3220
198 130 306 168 Vm
606 107 619 111 ζ’
770 125 1066 163 PRAEFATIO
1104 125 1160 160 m

197 239 507 307 ἑμβαδικοὺ(
532 245 707 291 correxi
733 257 816 303 pro
844 234 1118 300 ἐμβάδουε.
1143 263 1214 273 --
1242 238 1271 296 3
1292 243 1336 288 3.
1363 243 1432 287 12.
1459 241 1526 287 19.
1552 242 1610 287 26
1628 254 1720 297 cur

199 315 415 363 nonnulla
440 316 568 361 uncis
599 313 882 368 incluserim‚
909 312 955 355 in
980 308 1097 370 prol.
1125 309 1155 367 3
1179 314 1237 357 20
1266 308 1585 356 demonstravi.

303 390 345 430 5.
386 385 489 431 Tab.
516 385 770 438 Heroniana
795 381 830 427 ΙΙ
855 381 901 426 in
928 380 1086 426 iisdem
1121 379 1250 426 libris
1277 379 1354 440 qui
1382 379 1577 440 primam
1610 393 1720 426 eon·

159 508 164 514 ,
201 459 371 515 tinent,
396 462 578 516 praeter
603 452 855 500 Parisinum
881 453 1020 510 1670,
1059 450 1214 498 statim
1248 456 1356 511 post
1381 449 1505 496 illam
1530 449 1719 510 legitur.

196 526 325 572 Edita
354 532 424 572 est
449 540 472 572 a
498 525 609 570 Maio
638 538 690 569 ex
716 522 1040 581 Ambrosiam,
1074 527 1170 568 tum
1199 536 1223 567 a
1249 520 1498 567 Letrcnnio
1526 535 1571 582 p.
1598 525 1655 569 49
1680 535 1719 567 s,

197 611 221 643 e
245 596 448 642 Parisino
475 598 600 640 2475.
625 618 685 627 —
714 594 743 653 3
771 597 811 639 1.
841 597 868 636 4
891 600 977 639 cet.
1009 587 1266 652 παλαιετὴ
1294 592 1474 652 scripsi,
1501 592 1587 637 etsi
1612 590 1718 636 libri

197 672 459 714 constanter
496 660 782 724 παλαιστὴς
819 663 1000 710 habent.
1054 662 1143 709 Sed
1181 677 1284 710 cum
1319 661 1646 710 Ambrosianus
1673 668 1718 707 et

196 735 398 782 feminini
423 735 664 782 articulum
695 730 726 794 ἡ
753 733 973 796 praefigat
1001 740 1047 780 et
1072 733 1101 791 3
1130 736 1183 778 16
1206 727 1239 792 ἦ
1262 728 1321 780 δὲ
1347 726 1504 792 ἑτέρα
1527 729 1721 781 παλαι-

196 801 315 866 effic
342 806 534 864 habeat,
565 805 750 851 dubium
775 820 867 852 non
893 811 987 862 est,
1024 805 1132 865 quin
1163 803 1269 850 olim
1308 803 1540 863 antiquior
1572 803 1719 849 forma

196 872 450 935 παλαιετὴ
489 877 656 937 scripta
693 876 856 935 suerit,
902 876 1016 935 quae
1054 875 1186 921 etiam
1223 874 1269 919 in
1304 873 1394 920 tab.
1423 874 1477 919 111
1514 869 1559 936 (3
1584 870 1626 935 3)
1674 879 1721 919 et

196 942 314 1007 apud
342 946 562 993 lulianum
586 946 891 993 Ascalonitam
918 944 990 1005 (fr.
1020 949 1097 1003 16,
1125 941 1166 1007 2)
1196 951 1355 991 exstat.
1385 969 1446 978 —-
1477 944 1506 1004 3
1533 947 1584 988 11
1613 950 1720 1004 post

195 1013 514 1080 τετραγώνῳ
554 1031 791 1064 numerum
830 1017 888 1076 ἃ,
928 1017 971 1062 h.
1001 1031 1040 1062 e.
1082 1016 1238 1062 decem
1275 1013 1428 1074 milia‚
1461 1014 1622 1061 addidi.
1654 1040 1714 1048 —

196 1086 225 1144 3
255 1090 308 1131 12
335 1082 646 1148 ἐμβαδικοὺε
671 1089 846 1135 correxi
873 1094 925 1133 ut
952 1088 997 1132 in
1024 1086 1113 1133 tab.
1141 1087 1157 1131 Ι
1183 1086 1213 1145 3
1236 1089 1305 1131 20.
1336 1111 1407 1120 -
1446 1084 1578 1141 Quod
1608 1084 1638 1143 3
1666 1088 1721 1128 17
1779 1100 1805 1132 ῳ
1873 1090 1878 1092 ’
1944 1064 1946 1066 ¹

194 1157 337 1203 Paris,
376 1152 406 1205 ὁ
442 1155 663 1218 επιθαμὴ
700 1158 858 1215 habet,
903 1158 1045 1204 levior
1082 1170 1212 1202 error
1254 1163 1350 1215 est,
1391 1157 1606 1216 quoniam
1635 1157 1720 1205 hae

194 1227 376 1274 articuli
412 1227 584 1274 formae
619 1229 747 1274 initio
783 1228 923 1275 rubro
963 1228 1141 1289 liquore
1170 1230 1376 1288 appietae
1409 1233 1531 1291 sunt.
1560 1252 1632 1261 --
1660 1226 1722 1277 [le

194 1296 382 1358 reliquis
408 1312 521 1358 quae
546 1299 593 1342 in
621 1299 703 1344 hac
728 1298 876 1344 tabula
904 1299 1235 1345 emendavimus
1259 1297 1358 1344 vide
1382 1297 1502 1358 prol.
1529 1298 1561 1357 S¹
1583 1301 1654 1342 21.

298 1370 339 1413 6.
382 1366 594 1414 Tabulam
630 1369 931 1416 Heronianam
967 1369 1023 1414 111
1059 1369 1325 1415 Vincentius
1359 1366 1496 1429 (apud
1527 1368 1724 1421 Letron-

193 1439 316 1484 nium
341 1451 386 1499 p.
412 1435 480 1500 70)
511 1451 536 1483 e
564 1439 664 1485 cod.
692 1439 834 1485 Paris.
862 1439 937 1484 Gr.
969 1437 1271 1500 supplementi
1300 1442 1383 1484 387
1411 1438 1563 1493 edidi-t.
1620 1437 1719 1494 Quo

193 1520 278 1566 ego
307 1507 455 1554 denuo
480 1507 647 1554 collato
674 1509 850 1555 duobus
876 1510 1077 1556 tribusve
1107 1509 1220 1556 locis
1249 1508 1378 1560 illum
1408 1509 1560 1557 minus
1590 1522 1720 1556 accu-

193 1585 289 1624 rate
319 1578 488 1624 codicis
514 1580 788 1639 scripturam
816 1580 1073 1627 exhibuisse
1098 1581 1261 1627 inveni.

299 1652 338 1693 7.
380 1649 593 1696 Tabulam
628 1649 684 1694 IV
732 1650 1006 1696 Letronnius
1047 1650 1109 1711 (p.
1137 1648 1207 1712 67)
1254 1665 1278 1696 e
1317 1650 1473 1698 codice
1507 1650 1721 1699 Vaticano

194 1717 330 1775 (coni.
365 1719 499 1765 eund.
529 1734 571 1781 p.
598 1723 655 1763 54
688 1720 785 1768 adn.
822 1720 863 1780 1)
907 1722 954 1766 in
998 1720 1148 1768 lucem
1189 1721 1398 1782 protulit.
1467 1721 1526 1766 Ex
1562 1721 1722 1771 eodem

194 1794 344 1834 autem
368 1786 487 1836 libro
510 1790 786 1851 descriptum
808 1805 908 1837 esse
934 1792 1045 1838 dicit
1061 1791 1317 1838 Parisinum
1339 1794 1454 1838 2438
1473 1786 1720 1852 (fol.101³)‚

195 1871 327 1917 quem
352 1873 438 1905 nos
463 1874 564 1907 cum
591 1861 739 1907 denuo
767 1862 1137 1922 inspexissemus,
1158 1869 1204 1908 et
1227 1861 1448 1909 nonnulla
1471 1860 1723 1921 evestigiis

194 1941 308 1987 quae
347 1929 409 1976 ibi
452 1938 629 1976 exstant
674 1932 1013 1992 antiquissimae
1054 1933 1309 1992 scripturae
1355 1930 1631 1978 emendanda
1675 1937 1722 1976 et

192 2010 334 2056 pauca
360 1999 563 2048 addenda
586 2014 686 2047 esse
712 2002 903 2048 vidimus
931 1998 1065 2063 (conf.
1095 2002 1213 2063 prol.
1243 2003 1272 2062 3
1298 2001 1386 2061 23).
1435 2001 1721 2062 Signavimus

194 2074 302 2113 nota
327 2068 396 2115 1³⁰.
1458 2084 1462 2088 ·

216 2137 222 2142 ’
300 2139 342 2182 8.
383 2139 489 2186 Tab.
524 2140 775 2188 Heroniana
799 2140 835 2185 V
869 2155 892 2187 e
924 2142 1078 2188 codice
1113 2142 1254 2188 Paris.
1284 2145 1397 2187 1670
1434 2143 1554 2188 edita
1590 2149 1661 2188 est
1695 2156 1721 2189 a

191 2206 537 2268 Mondaucono,
569 2212 763 2271 repetita
790 2226 815 2258 a
840 2211 1086 2259 Letronnio
1106 2210 1167 2274 (p.
1186 2217 1241 2257 42
1255 2213 1324 2273 s.).
1370 2213 1408 2258 A
1433 2212 1565 2260 nobis
1591 2226 1721 2273 prae·

195 2284 319 2323 terea
355 2278 508 2326 collati
542 2288 648 2328 sunt
681 2282 914 2329 Parisinus
940 2285 1052 2328 2013
1082 2290 1127 2330 et
1148 2282 1514 2332 Vindobonensis
1550 2281 1719 2344 philos.

194 2345 266 2392 Gr.
296 2351 377 2393 179
405 2349 483 2398 l'ol.
513 2345 802 2396 [mh—114b
828 2351 915 2411 (V).
970 2353 1203 2409 Parisinus
1231 2357 1345 2400 2013
1374 2355 1490 2401 duos
1515 2353 1719 2404 diversos

194 2417 369 2465 codices
397 2420 728 2481 complectitur.
790 2423 899 2469 Nam
927 2424 1126 2484 primum
1156 2425 1202 2470 in
1233 2424 1428 2471 Heronis
1461 2423 1720 2470 Geometria

195 2485 291 2543 (sol.
317 2485 673 2551 look-102⁸),
714 2493 875 2540 deinde
910 2493 956 2539 in
986 2494 1128 2541 altero
1165 2495 1282 2541 libro
1322 2495 1400 2555 qui
1437 2488 1719 2545 Γεωδαῑεία

196 2557 457 2605 inscribitur
493 2560 589 2618 (sol.
621 2557 926 2625 lamb—145⁸)
967 2578 1019 2610 ea
1045 2564 1198 2612 tabula
1230 2564 1422 2626 legitur-..A
1465 2564 1557 2615 Nos
1592 2564 1719 2624 prio-

195 2638 288 2671 rem
315 2626 480 2674 librum
514 2637 622 2676 nota
651 2628 734 2690 1³⁶,
769 2633 961 2680 alterum
987 2635 1057 2692 Pe,
1100 2635 1263 2681 horum
1298 2643 1449 2691 autem
1480 2641 1526 2680 et
1554 2634 1720 2679 Vindo-

197 2694 406 2743 bonensis
431 2713 701 2747 eonsensum
727 2702 878 2751 littera
906 2705 936 2750 C
967 2705 1334 2765 significavimus.
1382 2705 1442 2751 De
1469 2705 1568 2751 aliis
1595 2704 1721 2751 codi-

127 2830 131 2833 μ
195 2763 322 2813 cibus
346 2767 443 2812 vide
468 2768 644 2815 Martin.
671 2786 718 2831 p.
746 2775 827 2815 125
853 2788 897 2818 n.
927 2778 966 2819 1.
995 2778 1036 2821 3.
1087 2776 1148 2823 Ex
1172 2776 1262 2825 hoc
1286 2788 1476 2828 numero
1510 2773 1586 2820 alii
1611 2774 1716 2820 libri

195 2833 302 2880 alias
343 2836 438 2881 eius
480 2838 656 2885 tabulae
691 2840 861 2887 formas
903 2844 1128 2892 exhibent.
1189 2846 1341 2904 Atque
1389 2859 1485 2891 eam
1534 2844 1716 2904 quidem

198 2902 385 2951 sormam
428 2921 539 2966 quae
577 2910 622 2954 in
657 2909 800 2958 Paris,
831 2912 940 2955 1670
974 2916 1203 2973 reperitur
1238 2928 1342 2961 mox
1375 2915 1491 2960 inter
1522 2913 1715 2960 Heronis
