1946 3220
12 92 70 130 *ἒν

12 133 43 154 ἠ’

113 159 241 229 [104]
435 149 437 156 ⁴
529 178 599 212 nx
634 175 896 214 nnscho
932 176 1224 213 nxcnm’m.
1540 159 1644 213 313

218 284 369 348 Ἄλξ,
395 288 582 351 πῆχυς.
628 286 962 351 Ἀθαμάνων.

216 369 474 435 Ἄμετρα,
505 370 720 436 ἄκαιρα,
751 370 1019 437 ἀκεράμια.
1070 370 1310 439 [κεράμια
1337 369 1462 436 χόες
1484 364 1573 439 η’.]

218 453 487 519 Ἀμυςτία,
514 454 708 519 μέτρον
738 472 800 508 τι.

212 538 605 604 Ἀμφιφορεύς,
648 539 833 603 ςορός,
872 538 1052 604 ὑδρία,
1087 537 1344 605 κέραμος,
1379 538 1412 603 ἢ
1447 537 1643 604 μέτρον

57 667 64 674 .
114 620 312 674 ἐλαίου.
1674 639 1702 679 5

217 704 608 770 Ἀναποδίζειν,
643 706 707 758 τὸ
734 706 962 773 ἀκριβῶς
995 706 1254 763 ἐξετάζειν
1279 707 1364 759 καὶ
1391 706 1644 773 ςυγκρού-

24 796 27 797 ’
113 805 216 843 ειν·
242 788 478 844 ποδίζειν
507 790 611 855 γὰρ
636 791 699 843 τὸ
732 793 955 855 μετρεῖν.
1018 847 1022 849 Α

217 873 570 939 Ἀπέλεθρον,
607 873 926 940 ἀμέτρητον·
969 877 1204 942 πλέθρον
1236 875 1340 940 γὰρ
1377 874 1522 929 εἶδος
1557 874 1643 940 μέ-

114 974 261 1023 τρου.

220 1042 584 1108 Ἀπόμακτρα,
614 1042 772 1106 ξύλα,
796 1043 890 1096 τὰς
917 1044 1175 1098 ςκυτάλας
1201 1043 1259 1098 ἐν
1282 1043 1365 1096 αἶς
1391 1042 1647 1109 ἀποψῶςι
1679 1058 1731 1098 10

116 1125 183 1178 τὰ
207 1126 384 1191 μέτρα.

220 1211 624 1276 Ἀπόψηςτρον,
659 1210 722 1265 τὸ
760 1210 1106 1277 ἀπόμακτρον
1147 1214 1246 1264 τοῦ
1280 1211 1646 1277 μετρουμένου

115 1310 273 1347 ςιτου.

220 1379 538 1442 Ἀργυροῦς,
571 1378 601 1431 ὁ
631 1380 834 1443 ςτατήρ.
886 1379 1018 1444 ἧςαν
1044 1381 1105 1433 δὲ
1131 1378 1318 1445 ὀβολοί
1346 1378 1488 1449 ,αςηῖ

219 1476 584 1542 Ἀροανδικόν,
612 1477 861 1542 νόμιςμα,
889 1479 933 1545 ᾧ
959 1480 1195 1544 χρῶνται
1220 1477 1505 1540 Αἰγύπτιοι.
1537 1476 1647 1529 ἀπὸ
1680 1491 1732 1532 15

115 1560 426 1624 Ἀροάνδου.

218 1644 477 1710 Ἄροτρα,
509 1647 603 1710 γῆ,
629 1645 813 1710 χώρα,
837 1645 1057 1710 πλέθρα.

220 1742 473 1807 Ἀρτάβη,
523 1743 721 1808 μέτρον
762 1743 1003 1809 Μηδικὸν
1057 1742 1227 1806 ςίτου,
1280 1742 1513 1795 Ἀττικὸς
1561 1742 1648 1806 μέ-

41 1874 45 1878 .
117 1829 315 1890 διμνος.

219 1909 471 1974 Ἀςαρθά,
502 1909 727 1975 νόμιςμα
755 1911 902 1975 παρὰ
927 1909 1213 1964 Ἰουδαίοις.
1678 1925 1734 1965 20

220 2007 463 2073 'Acdptov
507 2009 592 2061 καὶ
626 2009 826 2063 λεπτὸν
855 2009 914 2063 ἕν
951 2009 1102 2073 εἰςιν,
1138 2009 1308 2073 ἤγουν
1344 2007 1421 2078 ,ς”
1456 2007 1649 2061 ταλάν-

113 2107 238 2153 του,
276 2091 307 2143 ὅ
346 2092 450 2145 ἐςτι
484 2093 542 2146 ἓν
574 2093 788 2156 ἐξάγιον
823 2093 1010 2158 ὁλκήν.·
1050 2094 1118 2146 τὰ
1144 2094 1203 2146 δὲ
1228 2092 1327 2145 δύο
1352 2092 1534 2157 ζλεπτὰ
1558 2107 1649 2145 κο-

115 2175 345 2241 δράντης
372 2175 446 2229 εἷς
462 2217 476 2240 ,
502 2177 672 2242 ἤγουν
698 2176 1019 2243 νομίςματος
1049 2174 1139 2247 Ιγ”.

230 2402 272 2442 2.
304 2390 478 2453 ἄκαιρα
499 2402 685 2455 Μαειιν.,
716 2402 862 2455 ἄκερα
893 2403 993 2444 οοᾱ.
1102 2401 1298 2455 κεράμια
1326 2399 1434 2453 χόες
1462 2394 1508 2453 η’
1540 2413 1650 2441 eon·

116 2472 297 2512 iectura
335 2471 523 2524 scripsi,
574 2471 780 2524 μαχὸεςα
818 2473 945 2524 cod.;
995 2475 1140 2513 totam
1178 2472 1380 2525 glossam
1420 2469 1557 2511 Solem.
1590 2470 1650 2512 ad

9 2537 24 2593 j>
114 2538 428 2593 έπαμέτραιον
478 2541 548 2581 sic
598 2541 749 2582 dedit:
802 2540 1000 2594 ἄμετρα·
1051 2540 1224 2593 κέρατα
1262 2534 1303 2581 κ’
1332 2537 1528 2592 κεράμια
1559 2533 1649 2592 μα’,

114 2609 224 2661 χόες
254 2604 293 2651 δ’
410 2611 450 2650 6.
484 2608 807 2652 ἀναποδείξειν
840 2611 939 2654 οοᾶ.
1059 2614 1127 2653 10.
1159 2609 1464 2662 ἀπομάκτρας
1497 2612 1544 2650 et
1572 2621 1650 2651 κυ·

115 2677 259 2721 τάλας
292 2680 392 2722 eod.
538 2683 605 2723 12.
636 2679 917 2733 ἀπόψηςτον
947 2680 1050 2722 cod.
1167 2682 1235 2721 14.
1268 2679 1498 2732 Ἀργυρος
1530 2679 1648 2732 cod„

19 2747 26 2815 ᾗ
115 2749 243 2803 vulg.
389 2751 456 2793 15.
492 2748 766 2803 Ἀροαδικόν
797 2751 911 2801 cod„
947 2749 1252 2802 Ἀρυανδικόν
1283 2750 1448 2792 suadet
1476 2749 1647 2791 Herod.

115 2821 159 2871 4,
192 2821 274 2861 166
391 2822 458 2862 17.
491 2819 670 2873 ἄρουρα
702 2821 824 2862 coni.
854 2822 1060 2862 Heinsius
1193 2822 1262 2864 20.
1293 2819 1493 2871 νόμιςμα
1521 2818 1650 2871 παρὰ

120 2886 354 2931 Ἰουδαίοις
387 2888 568 2944 Schow„
599 2888 631 2925 V
660 2874 695 2929 'ff
729 2888 876 2933 Ἰούδα
907 2891 1006 2933 cod.
1182 2892 1366 2934 21—23.
1395 2890 1501 2932 vide
1532 2889 1647 2943 prol.

15 2948 26 3024 A}
116 2959 255 3008 §103
