1946 3220
549 170 880 205 scmr'rmms
912 170 1174 206 GRAECOS.
1563 156 1630 209 19

103 298 219 344 quae
264 284 319 330 de
359 284 651 344 geometricis
688 284 1054 331 institutionibus
1090 285 1374 333 habebantur
1407 288 1626 334 studiosis

102 348 201 400 eius
230 354 490 416 disciplinae
519 355 632 401 tradi
669 354 867 412 solebat,
907 356 984 401 sed
1024 356 1159 403 etiam
1185 355 1215 402 ii
1245 356 1322 418 qui
1350 363 1492 404 artem
1520 372 1626 419 gro·

100 425 308 471 maticam
342 424 677 486 profitebantur
711 424 903 471 Heronis
943 427 1260 474 auctoritatem
1297 428 1623 489 sequebantur,

99 508 181 541 nec
224 495 371 542 minus
410 495 620 556 publicae
670 496 871 542 rationes
916 497 1080 557 quibus
1128 497 1364 559 vectigalia
1408 512 1624 559 agrorum

98 566 445 626 possessoribus
489 567 843 627 imponebantur
878 567 931 613 ad
977 568 1172 613 eiusdem
1218 575 1463 630 praecepta
1503 583 1625 616 com-

96 641 282 696 putatae
317 650 417 682 esse
456 637 678 683 videntur.
733 637 889 698 Itaque
914 651 1017 684 cum
1044 644 1135 683 tam
1170 638 1301 684 multi
1335 639 1390 685 ad
1424 653 1497 685 res
1535 647 1625 687 tam

98 707 243 752 varias
267 707 355 753 hec
381 706 499 753 libro
526 709 596 753 usi
634 708 751 765 sint,
787 707 998 768 longi-ore
1029 721 1250 754 annorum
1280 708 1429 769 spatio
1457 723 1626 770 nequa-

98 789 231 836 quam
256 779 420 823 mirum
446 786 515 823 est
540 778 652 824 alios
680 777 837 835 aliter,
871 785 1012 837 prout
1035 780 1257 839 cuiusque
1286 792 1397 824 usus
1431 778 1624 838 serebat,
1677 796 1680 799 ’

95 859 198 892 eum
223 847 510 905 immutasse,
541 861 644 894 cum
674 848 743 894 vel
770 848 815 893 in
840 847 977 894 alium
1006 849 1208 894 ordinem
1234 848 1429 895 Heronis
1453 863 1626 910 propo·

97 917 286 963 sitiones
310 918 595 978 redigerent,
620 917 689 963 vel
705 918 949 964 verborum
966 925 1226 965 contextum
1249 919 1626 966 circumciderent

95 993 141 1033 et
167 990 490 1035 contraherent
517 988 613 1046 vel,
643 988 721 1034 ubi
749 989 803 1034 ad
832 1001 927 1034 rem
955 989 1343 1035 accommodatum
1377 990 1624 1047 videretur,

94 1058 312 1104 nonnulla
339 1059 569 1104 adderent.
605 1059 653 1104 ln
679 1058 848 1104 tabulis
874 1073 983 1105 vero
1007 1074 1324 1106 mensurarum
1352 1060 1553 1105 mutandi
1582 1067 1627 1105 et

93 1129 284 1174 novandi
312 1136 408 1175 tum
436 1129 611 1175 exstitit
635 1130 904 1188 necessitas,
931 1143 1033 1176 cum
1063 1130 1293 1190 provincia
1320 1130 1625 1176 Romanorum

92 1203 329 1260 Aegyptus
356 1200 473 1246 sacta
500 1206 583 1245 est.
614 1198 696 1253 Qui
726 1207 821 1245 tum
847 1214 984 1246 novas
1010 1214 1245 1246 mensuras
1272 1201 1523 1246 Romanum
1547 1215 1625 1261 pe·

94 1270 194 1315 dem
232 1278 277 1316 et
311 1284 496 1330 passum
529 1277 573 1316 et
606 1271 814 1330 iugerum
842 1270 1099 1317 attulerunt
1134 1278 1270 1331 atque
1299 1271 1352 1316 ad
1382 1271 1494 1317 haec
1518 1271 1626 1316 Pto-

93 1341 302 1386 lemaicas
329 1355 565 1387 mensuras
592 1342 923 1388 accommodari
956 1342 1203 1387 iusserunt.
1255 1339 1384 1395 Quod
1411 1341 1626 1401 quemad-

31 1424 34 1426 *
93 1411 275 1456 niodum
310 1411 480 1456 factum
509 1413 593 1468 sit,
621 1411 737 1456 infra
764 1413 809 1456 in
836 1411 1098 1472 explicanda
1127 1410 1279 1457 tabula
1303 1410 1523 1471 prima'(§
1552 1411 1624 1470 18)

90 1481 364 1528 videbimus:
408 1496 529 1528 nunc
560 1482 648 1528 hoc
688 1489 860 1528 tantum
897 1496 1302 1528 commemoramus
1339 1482 1384 1526 in
1420 1479 1497 1527 illa
1525 1481 1625 1542 ipsa

93 1552 244 1598 tabula
267 1566 504 1598 mensuras
533 1552 831 1599 Ptolemaicas
870 1567 970 1599 cum
1004 1552 1216 1598 Romanis
1256 1552 1523 1598 coniunctas
1552 1566 1626 1598 ex-

90 1622 236 1669 hiberi
263 1636 450 1683 eamque
479 1624 533 1668 ad
561 1624 756 1684 primum
796 1624 1098 1670 secundumve
1128 1630 1235 1684 post
1259 1622 1360 1667 Chr.
1394 1637 1435 1667 n.
1468 1637 1625 1669 saecu-

93 1694 187 1740 lum
217 1694 501 1740 referendam
529 1707 628 1740 esse
654 1694 810 1740 videri.
859 1694 1006 1740 Porro
1033 1693 1371 1754 posterioribus
1406 1692 1625 1753 tempori-

92 1763 196 1822 bus,
223 1778 324 1810 cum
351 1765 397 1810 in
424 1764 538 1825 ipsis
563 1766 792 1810 mensuris
826 1772 1096 1823 novaretur,
1136 1764 1268 1810 etiam
1308 1771 1623 1809 mensurarum

93 1835 272 1881 tabulae
301 1835 480 1895 saepius
515 1842 622 1880 sunt
648 1834 936 1893 immutatae,
971 1835 1090 1881 unde
1125 1835 1405 1880 recentiores
1443 1832 1624 1878 tabulae

94 1912 221 1952 ortae
256 1912 387 1964 sunt,
425 1919 539 1965 quae
575 1919 676 1951 cum
713 1919 870 1952 omnes
904 1904 1122 1951 continuo
1153 1905 1346 1965 quodam
1372 1917 1626 1964 progressu

93 1990 146 2022 ex
179 1976 339 2021 eodem
375 1977 500 2022 sonte
530 1976 755 2021 derivatae
783 1982 960 2035 essent,
1004 1975 1206 2036 quamvis
1233 1975 1432 2020 diversae
1460 1973 1515 2020 ab
1540 1972 1626 2019 He-

92 2047 217 2093 ronis
245 2060 381 2107 opere
414 2060 654 2092 mensurae
681 2053 1077 2107 proponerentur,
1115 2060 1281 2091 nomen
1311 2052 1459 2091 tamen
1484 2043 1626 2089 Her-0⁴

88 2119 324 2164 nianarum
360 2119 662 2163 retinuerunt.
726 2115 822 2172 Quo
861 2117 1040 2177 quidem
1085 2117 1265 2162 nomine
1316 2128 1399 2161 nos
1441 2128 1625 2174 quoque

88 2189 188 2235 iure
212 2195 419 2245 utemur,
452 2188 695 2234 dummodo
723 2188 777 2233 de
804 2187 982 2248 origine
1008 2194 1052 2233 et
1086 2188 1215 2248 quasi
1254 2188 1407 2244 fonte,
1450 2199 1540 2231 non
1572 2184 1625 2230 de

91 2260 192 2320 ipso
222 2266 410 2305 auctore
437 2257 771 2318 intellegamus.

319 2396 421 2436 Atia
446 2397 690 2449 fragmenta
719 2397 994 2448 metroloyiea
1024 2395 1195 2435 Heroni
1225 2393 1395 2433 tributa.

198 2484 283 2529 lain
312 2484 420 2528 haec
439 2483 691 2542 fragmenta
719 2482 803 2528 etsi
832 2496 916 2542 pro
944 2489 1198 2541 temporum
1226 2480 1400 2522 ratione
1425 2476 1618 2523 multum
1650 2474 1708 2523 13

91 2556 210 2599 inter
241 2568 287 2599 se
317 2553 558 2611 differunt,
595 2554 744 2599 omnia
775 2558 1034 2612 congruunt
1060 2551 1105 2594 in
1132 2563 1213 2604 eo,
1247 2547 1369 2607 quod
1393 2547 1505 2592 nihil
1532 2549 1621 2594 nisi

91 2638 327 2670 mensuras
344 2658 357 2682 ,
385 2637 495 2683 quas
522 2624 821 2682 geometricas
852 2622 1002 2667 dicere
1026 2620 1149 2676 licet,
1176 2617 1424 2664 continent.
1456 2618 1620 2664 Verum

94 2702 241 2742 tamen
268 2709 368 2740 cum
400 2701 468 2740 tot
505 2701 550 2739 et
588 2701 675 2738 tam
718 2694 837 2738 varia
882 2692 1131 2750 fragmenta
1167 2689 1220 2734 de
1255 2689 1481 2735 mensuris
1515 2703 1621 2750 por-

91 2874 161 2902 ces
196 2874 402 2909 mesures,
443 2858 618 2911 d’apres
665 2859 884 2911 lesquelles
923 2857 1081 2898 etaient
1118 2856 1275 2896 assises
1313 2857 1374 2894 les
1412 2853 1621 2894 contribu-

90 2920 201 2958 tions
228 2918 462 2968 soncieres,
506 2918 688 2956 directes
727 2920 768 2954 et
803 2914 1055 2964 indirectes,
1103 2918 1145 2952 et
1182 2912 1288 2952 snivi
1316 2911 1415 2951 d'un
1454 2910 1620 2951 tableau

89 2976 167 3015 des
195 2985 379 3015 mesares
410 2973 587 3014 tomhees
618 2985 669 3012 en
700 2971 941 3012 desuetude.

1270 3034 1303 3085 2
1328 3036 1356 3067 vlt
