1946 3220
541 138 862 174 sonim-omis
888 138 1145 174 ammos.
1505 121 1607 176 123

82 252 308 298 drachmis
343 250 488 297 simile
531 258 628 296 erat
645 246 697 310 ²).
766 249 826 297 Ea
861 251 907 298 in
942 250 1208 312 Cleopatrae
1244 250 1396 298 tabula
1431 251 1508 311 (X,
1535 255 1606 312 14,

81 322 192 368 item
231 321 312 381 Xl,
341 320 410 381 11)
453 320 643 382 proprio
682 321 863 367 nomine
904 317 1272 383 τετράδραχμα
1319 321 1608 384 appellantur

83 392 373 452 denariisque
400 392 610 438 Romanis
635 390 691 435 IV
715 392 1082 452 aequiperantur.
1126 391 1254 449 Quod
1279 401 1427 440 autem
1453 393 1605 440 eadem

82 461 334 522 (τατῆρεε
377 467 699 522 nuncupantur
711 457 775 522 ³),
827 462 872 508 id
919 464 973 509 ad
1018 463 1326 510 Hebraeorum
1375 464 1609 510 hominum

79 532 364 594 disciplinam
392 538 438 578 et
465 532 642 590 studia,
682 546 797 592 quae
830 532 1123 580 Alexandriae
1158 533 1440 592 floruerunt,
1480 549 1609 581 revo-

80 603 276 649 candum
305 602 498 649 videtur.
550 603 657 648 Nam
686 603 762 664 qui
791 603 1154 650 Ptolemaeorum
1190 618 1400 651 nummus
1437 603 1607 651 Graeco

82 687 211 719 more
239 669 641 734 τετράδραχμον
670 672 942 733 vocabatur,
984 687 1086 720 eum
1111 675 1277 721 skelcel
1310 677 1403 721 sive
1428 669 1608 724 (ίκλον

82 743 312 790 Hebraeos
358 758 442 805 pro
482 758 563 790 sua
601 744 932 791 consuetudine
968 745 1119 791 dicere
1155 745 1317 791 solitos
1355 759 1455 791 esse
1497 746 1608 791 satis

81 821 278 861 constat.
333 813 438 860 Eius
467 821 618 860 autem
642 816 764 861 vocis
780 814 948 861 Graeca
974 815 1291 876 interpretatio
1313 822 1383 860 est
1400 811 1607 875 ετατήρ.

187 882 327 943 Quid,
362 885 485 945 quod
520 885 670 945 ipsum
704 879 882 933 σίκλου
917 885 1187 932 vocabulum
1213 892 1257 931 et
1282 886 1327 931 in
1352 885 1502 946 lapide
1528 885 1606 931 illo

82 955 160 1016 qui
197 955 418 1000 talentum
453 955 723 1001 Hebraicum
755 956 914 1015 pendit
939 964 985 1002 et
1009 955 1055 1001 in
1081 956 1152 1002 his
1186 954 1354 1002 tabulis
1387 951 1606 1014 exstat⁴)?

81 1025 253 1086 Utique
270 1026 382 1072 haec
400 1032 470 1072 est
493 1026 680 1087 propria
699 1027 823 1072 vocis
850 1025 1142 1086 significatio;
1180 1041 1452 1088 quamquam
1480 1033 1607 1087 post-

81 1109 134 1142 ea
159 1097 321 1142 Sacrae
346 1097 602 1157 scripturae
627 1097 900 1158 interpretes
927 1097 1159 1143 dimidium
1186 1103 1401 1143 staterem
1428 1091 1607 1145 (ἰκλον

80 1166 313 1229 appellare
340 1173 678 1214 consueverunt
705 1166 780 1226 (sr.
806 1170 878 1226 82,
906 1167 996 1227 40).

336 1291 402 1331 De
431 1291 634 1332 medimno
655 1291 912 1332 Ptolemaico
943 1292 1115 1345 eiusque
1142 1291 1353 1344 partibus.

190 1362 440 1424 Postquam
468 1363 524 1409 ad
552 1362 818 1424 Cleopatrae
856 1363 1055 1410 tabulam
1089 1363 1293 1426 aliasque
1323 1363 1609 1424 explicandas
1631 1355 1694 1409 73

0 1494 7 1499 ἦ
79 1434 137 1480 de
167 1434 442 1496 ponderibus
469 1441 516 1480 et
538 1436 733 1480 nummis
763 1435 1093 1494 Aegyptiorum
1123 1435 1358 1495 copiosius
1392 1434 1610 1480 disserui-

82 1519 209 1563 mus,
240 1505 375 1550 etiam
402 1504 456 1550 de
483 1504 708 1550 medimno
737 1503 1039 1562 Ptolemaico,
1082 1505 1350 1566 priusquam
1378 1504 1434 1551 ad
1466 1504 1611 1565 ipsam

83 1575 281 1622 tabulam
328 1581 639 1633 transeamus,
685 1574 885 1621 breviter
931 1575 1373 1622 commemorandum
1416 1574 1608 1621 videtur.

83 1645 218 1692 Cuius
247 1659 486 1692 mensurae
514 1645 592 1707 qui
616 1645 778 1692 modus
809 1644 966 1704 fuerit,
996 1660 1135 1706 supra
1161 1660 1264 1692 cum
1290 1646 1401 1692 satis
1425 1645 1611 1692 demon·

83 1723 276 1763 stratum
304 1717 365 1762 sit
398 1715 447 1775 (S
477 1716 577 1776 39),
614 1717 686 1763 hic
722 1716 1037 1762 tantummodo
1067 1716 1122 1762 de
1151 1715 1362 1777 partibus
1389 1716 1487 1762 eius
1517 1715 1613 1775 agi·

2 1848 6 1852 ι
83 1795 173 1833 tur.
226 1786 314 1833 Sed
352 1800 408 1832 ne
442 1788 488 1832 in
523 1801 574 1832 ea
612 1787 792 1847 quidem
817 1801 894 1845 re,
929 1794 1174 1847 postquam
1197 1786 1450 1832 Boeckhius
1482 1785 1612 1832 lucu·

83 1857 230 1903 lenter
255 1859 402 1903 omnia
429 1852 752 1917 explanavit¹),
787 1856 881 1903 ulla
915 1855 1157 1902 difficultas
1192 1856 1485 1917 relinquitur.
1535 1855 1613 1901 Et-

83 1928 202 1973 enim
232 1930 278 1973 in
303 1943 398 1988 cap.
421 1927 495 1973 XV
530 1927 749 1974 Galeneae
782 1926 1068 1974 collectionis
1105 1933 1313 1974 accurata
1347 1926 1611 1974 Ptolemaici

83 1997 296 2044 medimni
339 1997 498 2044 divisio
541 2005 711 2057 exstat,
755 1998 827 2045 cui
864 1999 902 2043 si
936 1997 1136 2043 artabam
1173 1994 1450 2057 addimus²)‚
1499 1998 1613 2044 hanc

83 2067 299 2115 habemus
330 2069 531 2115 omnium
557 2082 873 2115 mensurarum
906 2066 1128 2114 tabulam:

194 2205 239 2258 2)
273 2206 390 2247 Ibid.
424 2220 467 2260 p.
500 2207 582 2248 723
613 2219 665 2256 s.;
699 2206 818 2247 conf.
852 2205 978 2246 infra
1010 2206 1034 2255 ἕ
1065 2207 1135 2247 99.

197 2264 241 2314 3)
274 2262 387 2315 Cap.
419 2263 474 2314 X,
511 2263 579 2303 14.
610 2263 688 2313 XI,
725 2264 792 2303 11.
823 2263 928 2313 VII,
961 2264 986 2303 7
1019 2262 1117 2314 (ubi
1147 2259 1336 2314 ἀεεάρια
1365 2259 1451 2302 δύο
1484 2264 1614 2313 quat-

84 2322 189 2360 tuor
219 2319 434 2360 denarios
467 2318 757 2372 significant:
790 2319 913 2359 conf.
947 2331 1086 2371 supra
1117 2320 1142 2369 ἓ
1173 2319 1261 2371 57),
1285 2319 1412 2367 VIII,
1438 2319 1490 2357 15
1513 2316 1613 2368 (ubi

84 2375 206 2415 idem
236 2375 411 2428 pondus
442 2375 588 2416 tribus
619 2376 786 2429 stagiis
809 2374 1208 2416 Constantinianis
1232 2386 1496 2428 expressum
1519 2376 1611 2414 est:

83 2431 188 2472 vide
221 2432 245 2481 ἕ
276 2430 364 2484 58),
397 2431 687 2485 Epiphanius
719 2431 794 2483 (fr.
828 2432 897 2483 82,
930 2430 1001 2483 39)
1037 2431 1099 2470 al.

197 2488 241 2536 4)
271 2488 326 2528 V.
360 2500 500 2541 supra
530 2488 554 2537 g
585 2488 640 2528 68
672 2490 718 2527 et
739 2487 854 2528 ,GaL
889 2499 991 2540 cap.
1023 2487 1147 2536 VIII,
1184 2486 1252 2528 17.
1283 2484 1379 2526 XlI
1410 2486 1478 2527 13.

198 2543 240 2596 1)
274 2544 328 2585 V.
357 2544 423 2585 M.
460 2544 510 2585 U.
542 2557 586 2597 p.
617 2545 714 2584 202.

197 2600 242 2651 2)
275 2600 327 2641 V.
363 2600 529 2653 fragm.
567 2597 687 2651 Περὶ
727 2596 913 2651 μέτρων
951 2597 1049 2651 (81,
1081 2596 1141 2650 5).
1199 2597 1454 2638 Praeterea
1492 2598 1615 2638 inter

85 2655 339 2709 Aegyptias
380 2669 618 2696 mensuras
656 2656 704 2695 in
742 2654 903 2695 tabula
943 2653 1222 2707 Cleopatrae
1257 2655 1349 2706 (60,
1380 2653 1452 2707 23)
1491 2651 1614 2695 ἴνιον

88 2711 275 2752 affertur
322 2713 456 2766 eique
503 2712 661 2752 modus
710 2711 905 2751 sextarii
948 2710 1143 2751 Romani
1192 2711 1421 2751 tribuitur.
1484 2709 1615 2760 Quod

89 2781 173 2821 ego
203 2769 292 2809 hoc
330 2769 431 2810 loco
463 2769 642 2809 cautius
674 2766 974 2808 omittendum
1006 2779 1106 2807 esse
1138 2766 1266 2819 duxi,
1314 2767 1528 2820 quoniam
1567 2765 1616 2806 id

89 2837 118 2864 a
146 2825 430 2866 Ptolemaeis
470 2828 708 2878 receptum
748 2836 848 2864 esse
888 2836 979 2864 non
1009 2824 1125 2864 satis
1157 2827 1355 2864 constat.
1417 2822 1614 2864 Omnino

91 2885 264 2932 autem,
299 2882 408 2934 quid
438 2882 493 2922 de
525 2882 613 2922 hac
645 2893 861 2921 mensura
890 2879 1186 2920 statuendum
1217 2881 1300 2929 sit,
1332 2880 1532 2920 nondum
1561 2878 1616 2919 li-

90 2941 211 2989 quet.
271 2938 325 2978 V.
358 2937 561 2979 Boeckh.
593 2950 637 2991 p.
668 2937 765 2977 244.
