1946 3220
25 0 196 88 w

86 83 90 86 .
109 112 212 183 [69]
259 107 262 109 ’
552 126 703 162 oAv1s
719 154 723 159 .
739 127 806 161 Ac
842 124 1193 164 Ponnnnmns.
1535 106 1639 160 247

109 237 292 292 αὐτοῦ.
332 235 363 289 6
393 236 453 289 δὲ
489 234 643 291 οἶνος
673 238 771 289 τοῦ
804 234 987 288 ἐλαίου
1010 234 1239 290 ἑννάτου
1265 234 1424 299 μέρος
1451 233 1640 300 ὑπερέ-

111 339 193 389 χει
220 321 304 374 καὶ
327 322 389 375 τὸ
417 321 646 375 ἔννατον
673 319 857 374 αὐτοῦ.

214 434 262 487 3.
298 434 450 500 Πρὸς
478 433 769 499 ςαφήνειαν
806 431 1033 487 πλείονα
1066 432 1149 484 καὶ
1185 431 1260 484 ὡς
1294 431 1352 484 ἐκ
1386 432 1637 497 διαγράμ-

108 534 272 583 ματος
306 520 418 572 τῶν
445 518 579 571 κατὰ
605 516 766 583 μέρος
793 517 1002 582 μέτρων
1036 517 1264 581 ςταθμὸν
1289 516 1638 581 ὑπετάξαμεν,

106 603 274 667 δήλου
301 602 617 656 καθεςτότος
644 601 719 654 ὡς
745 601 878 654 κατὰ
904 604 1091 655 κοινοῦ
1116 602 1338 654 πάντων
1368 605 1479 655 τῶν
1505 601 1638 654 ὑπο-
1669 610 1696 650 5

107 687 362 751 κειμένων
390 687 572 740 αὐτοῖς
595 686 727 739 κατὰ
752 689 863 739 τῶν
894 685 1085 751 ςτίχων
1115 684 1177 738 τό
1207 702 1263 738 τε
1290 686 1472 741 ἔλαιον
1498 686 1581 740 καὶ
1606 686 1637 739 6

106 770 260 825 οἶνος
285 771 370 824 καὶ
397 771 460 825 τὸ
486 772 601 837 μέλι
624 771 1064 835 κατηγορούμενα
1088 771 1264 823 κεῖται.

104 926 182 980 Τὸ
200 926 448 980 Ἰταλικὸν
465 942 547 979 κε-
608 924 792 978 ἐλαίου
956 924 1110 977 οἴνου
1301 926 1510 989 μέλιτος

178 1011 367 1077 ράμιον
397 1011 505 1076 ἔχει
610 1009 788 1074 λίτρας
814 1007 894 1074 οβ’
956 1008 1132 1073 λίτρας
1159 1008 1213 1060 π’
1298 1009 1477 1073 λίτρας
1503 1007 1582 1075 ρη’

101 1095 137 1149 6
164 1098 295 1160 χοῦς
608 1094 786 1159 λίτρας
813 1092 857 1145 θ’
954 1093 1133 1157 λίτρας
1165 1092 1196 1143 ι’
1301 1093 1478 1159 λίτρας
1505 1091 1617 1156 ιγ’(
1672 1101 1725 1143 10

106 1180 137 1233 6
164 1180 342 1244 ξέςτης
368 1179 475 1244 ἔχει
605 1177 822 1241 ούγγίας
848 1177 912 1242 ιη’
950 1177 1167 1240 οὐγγίας
1192 1176 1236 1229 κ’
1295 1177 1512 1240 οὐγγίας
1538 1178 1612 1234 κζ’

103 1264 136 1328 ἡ
165 1264 357 1328 κοτύλη
608 1262 828 1325 ούγγίας
853 1258 898 1314 θ’
952 1261 1170 1324 οὐγγίας
1196 1255 1226 1313 ι’
1298 1262 1639 1325 οὐγγίαςιγἘ

104 1349 168 1401 τὸ
190 1347 538 1413 μεγάμιςτρον
612 1346 830 1409 ούγγίας
855 1344 903 1408 γ’
959 1344 1177 1407 ούγγίας
1202 1342 1250 1407 γ’
1304 1345 1520 1408 οὐγγίας
1546 1345 1639 1401 δ’(

950 1429 1228 1494 γράμματα
1252 1428 1300 1492 η’

100 1516 167 1568 τὸ
189 1514 469 1582 ὀξύβαφον
607 1514 804 1567 ούλκὰς
833 1510 896 1578 ιη’
954 1513 1172 1576 οὐγγίας
1200 1510 1242 1578 β’
1283 1513 1536 1576 ίούγγίας
1560 1515 1638 1579 κγ’
1670 1521 1722 1562 15

950 1599 1228 1665 γράμματα
1246 1595 1311 1652 ιδ’

100 1683 136 1737 6
162 1685 357 1736 κύαθος
614 1682 811 1736 οὐλκὰς
837 1681 901 1749 ιβ’
952 1683 1174 1747 ούγγίαν
1196 1681 1294 1738 α’(
1323 1683 1542 1747 οὐγγίας
1569 1682 1614 1748 β’

948 1769 1227 1833 γράμματα
1243 1766 1288 1820 6'
1320 1767 1515 1820 οὐλκὰς
1534 1765 1579 1832 β’

100 1853 166 1905 τὸ
178 1851 362 1917 μικρὸν
374 1850 587 1916 μίςτρον
618 1849 813 1903 οὐλκὰς
831 1850 877 1910 ς’
947 1851 1228 1917 γράμματα
1247 1851 1291 1903 κ’
1317 1851 1515 1903 ούλκὰς
1543 1848 1592 1903 θ’

208 2005 256 2058 4.
305 2005 365 2057 Ὁ
401 2005 461 2058 δὲ
494 2003 789 2070 Ὀριβάςιος
827 2005 954 2071 φηςὶ
989 2005 1121 2058 κατὰ
1155 2004 1503 2070 Ἀδαμαντίου
1538 2004 1634 2058 τὸν
1667 2011 1722 2051 20

13 2079 18 2134 j
103 2090 286 2154 Ξέςτην
313 2088 411 2143 τὸν
437 2089 687 2142 Ἰταλικὸν
711 2093 808 2142 τοῦ
837 2088 992 2142 οἴνου
1018 2090 1192 2157 μέτρῳ
1219 2091 1313 2153 μὲν
1340 2089 1480 2154 ἔχειν
1510 2087 1634 2149 οὐγ-

100 2174 220 2236 γίας
243 2168 339 2236 κδ’,
378 2176 585 2243 ςταθμῷ
613 2173 672 2225 δὲ
707 2171 888 2238 λίτραν
916 2169 966 2225 α’
992 2173 1210 2236 οὐγγίας
1235 2171 1300 2238 η’,
1335 2173 1432 2226 τὸν
1469 2173 1528 2224 δὲ
1554 2171 1634 2225 ξέ-

5 2275 11 2279 ·
102 2274 228 2322 ςτην
265 2259 361 2310 τοῦ
393 2257 588 2322 μέτρου
624 2259 722 2310 τοῦ
756 2258 967 2322 μέλιτος
1004 2256 1152 2321 ἄγειν
1192 2258 1419 2322 ςταθμόν
1456 2255 1634 2320 λίτρας

2 2342 14 2386 22
103 2340 149 2406 β’
176 2340 225 2392 c,

219 2566 258 2605 1.
290 2564 460 2605 rectius
492 2564 546 2606 fr.
577 2565 655 2616 54,
688 2565 740 2604 12
855 2568 896 2606 3.
928 2564 998 2619 ἑκ]
1041 2565 1091 2607 ἐν
1122 2566 1222 2608 cod.
1338 2566 1377 2606 8.
1412 2561 1632 2617 κεράμιον

11 2676 14 2684 ,
101 2632 197 2683 ἔχει
228 2633 326 2677 cod.
357 2633 502 2674 habet
532 2637 635 2686 post
667 2631 849 2683 μέλιτος
938 2637 978 2676 9.
1010 2628 1142 2686 λήτρ’
1174 2635 1273 2677 cod.
1304 2635 1474 2688 ubique
1564 2635 1631 2675 10.

103 2695 150 2754 ι’]
188 2701 215 2743 Γ
248 2715 348 2743 cum
380 2715 607 2757 suprascr.
639 2703 697 2738 2³
729 2703 827 2744 cod.
926 2706 991 2746 13.
1024 2702 1215 2757 οὐγγίας
1245 2697 1288 2756 γ’
1318 2703 1512 2745 alterum
1543 2716 1630 2745 om.

105 2771 205 2813 cod.
295 2773 360 2816 15.
384 2769 576 2824 οὐγγίας
601 2766 669 2823 κγ’
693 2772 816 2824 eod.;
848 2772 1092 2828 legendum
1122 2771 1314 2826 οὐγγίας
1334 2768 1376 2825 γ’
1398 2772 1571 2815 οὐλκὰς
1591 2766 1633 2823 γ’

107 2841 174 2883 16.
203 2839 452 2893 γράμματα
480 2836 553 2896 ιδ’]
591 2833 635 2892 ΙῩ
665 2836 718 2893 ιβ’
749 2843 917 2885 rectius
950 2844 1006 2885 fr.
1038 2844 1113 2896 54,
1149 2845 1202 2884 14
1306 2846 1375 2887 20.
1407 2841 1635 2895 ἀδάμαντι

105 2910 205 2953 cod.
