1946 3220
670 708 1185 772 PRAEFATIO.

268 873 376 919 Cum
402 878 621 933 quattuor
645 870 740 918 fere
767 871 930 918 abhinc
954 871 1084 916 annis
1111 883 1183 917 res
1207 867 1531 931 metrologicas
1558 868 1694 915 Grae-

161 958 317 993 corum
352 950 399 997 et
421 943 724 989 Romanorum
751 941 1007 989 describere
1040 940 1370 999 instituissem,
1408 954 1500 987 non
1524 939 1695 986 medio-

161 1016 252 1064 cris
290 1013 482 1076 periculi
518 1028 651 1061 casus
686 1013 868 1073 incidit,
907 1018 960 1059 ut
994 1012 1147 1058 statim
1174 1012 1221 1058 in
1246 1010 1509 1073 primordiis
1542 1010 1694 1073 operis

159 1086 316 1132 multis
354 1083 603 1131 obstaculis
640 1083 888 1146 implicitus
923 1083 1214 1145 propositum
1251 1083 1374 1128 iusto
1412 1096 1465 1128 ac
1506 1081 1694 1128 definito

160 1157 309 1218 spatio
338 1156 523 1217 exsequi
547 1169 641 1201 non
668 1169 867 1216 possem.
904 1154 1014 1201 Nam
1040 1169 1142 1201 cum
1163 1153 1274 1200 alias
1301 1153 1400 1200 eius
1428 1152 1696 1213 disciplinae

159 1233 314 1287 partes
338 1226 429 1272 vidi
455 1226 566 1272 adeo
593 1225 789 1272 incultas
818 1226 980 1284 iacere,
1010 1232 1063 1271 ut
1088 1224 1270 1271 brevius
1295 1224 1351 1270 de
1379 1224 1434 1270 iis
1462 1223 1695 1284 disputare

158 1295 475 1342 difficillimum
502 1301 649 1353 esset,
683 1302 797 1355 tum,
825 1310 915 1356 quo
941 1294 1077 1341 altius
1103 1294 1346 1355 inquisivi,
1372 1307 1426 1339 eo
1457 1293 1602 1354 magis
1629 1293 1696 1338 in·

159 1365 310 1411 tellexi
347 1365 403 1410 ad
435 1371 612 1411 veteres
639 1366 912 1426 scriptores,
956 1379 1151 1425 quorum
1179 1364 1450 1411 auctoritate
1479 1364 1526 1408 in
1558 1362 1695 1410 rebus

158 1435 473 1496 metrologicis
506 1436 721 1494 nitimur,
758 1435 939 1482 minime
975 1437 1037 1482 ita
1065 1435 1236 1482 aditum
1259 1434 1538 1496 patefactum
1577 1446 1695 1491 esse,

158 1514 212 1554 ut
238 1506 473 1553 commode
505 1513 582 1552 aut
613 1506 767 1568 aliquo
804 1521 904 1554 cum
941 1506 1098 1554 fructu
1132 1506 1200 1552 uti
1235 1505 1291 1551 iis
1328 1504 1500 1552 liceret.
1578 1503 1694 1560 Qua-

158 1584 352 1642 propter
386 1576 575 1624 simulac
609 1577 930 1638 metrologiam
965 1577 1163 1636 absolvi,
1205 1582 1430 1637 tamquam
1462 1574 1694 1632 incohato,

158 1663 250 1695 non
280 1649 485 1710 perfecto
514 1662 654 1710 opere
681 1649 852 1695 accinxi
882 1663 954 1695 me
985 1649 1040 1695 ad
1066 1650 1343 1709 scriptorum
1370 1645 1696 1706 metrologico-

157 1734 259 1766 rum
291 1718 510 1780 reliquias
548 1725 594 1766 et
631 1719 909 1782 colligendas
943 1727 990 1766 et
1028 1719 1238 1766 edendas.
1300 1718 1392 1764 Nec
1422 1725 1571 1764 tamen
1607 1716 1696 1762 hoc

156 1804 250 1836 uno
281 1804 468 1837 munere
498 1798 710 1852 suscepto
736 1805 832 1837 rem
864 1791 978 1837 bene
1013 1790 1169 1851 peragi
1203 1803 1340 1851 posse
1367 1787 1693 1841 existimabam,

160 1860 330 1918 quippe
356 1874 458 1905 cum
478 1862 672 1906 Heronis
700 1863 835 1907 etiam
861 1861 966 1906 libri
990 1860 1254 1920 geometrici
1280 1866 1326 1905 et
1345 1857 1690 1905 stereometrici.

161 1927 325 1986 quibus
356 1930 620 1984 gravissima
650 1930 705 1976 de
738 1931 963 1976 mensuris
993 1937 1239 1991 praecepta
1263 1930 1491 1976 contineri
1523 1942 1695 1988 cogno·

158 1995 352 2053 vissein,
397 1999 525 2056 quasi
561 2000 657 2044 viva
694 2015 803 2047 voce
840 2015 911 2046 me
949 2001 1271 2059 admonerent,
1313 2007 1365 2046 ut
1400 1998 1580 2046 tandem
1615 1997 1695 2044 ali-

160 2067 340 2126 quando
368 2067 626 2113 ederentur.
677 2068 797 2115 Haec
820 2070 964 2130 igitur
988 2071 1099 2116 mihi
1123 2084 1473 2132 proposueram,
1501 2076 1546 2115 et
1565 2082 1696 2129 para·

161 2143 234 2182 tus
261 2151 401 2195 eram,
431 2138 649 2199 quidquid
677 2140 722 2184 in
748 2153 819 2185 me
841 2147 963 2187 esset
982 2143 1145 2187 virium
1172 2155 1222 2188 ac
1247 2142 1404 2199 studii,
1432 2153 1482 2186 ea
1504 2139 1695 2187 consilia

159 2207 353 2268 impigre
383 2208 436 2253 ad
461 2209 629 2255 exitum
655 2210 922 2271 perducere.
969 2211 1136 2258 Verum
1166 2219 1332 2270 tamen,
1362 2212 1517 2268 eredo,
1551 2208 1695 2255 infini-

158 2284 251 2324 tam
288 2292 460 2325 moram
498 2286 543 2326 et
579 2283 956 2328 sustentationem
996 2296 1048 2329 ea
1083 2295 1155 2331 res
1183 2283 1442 2340 habuisset,
1488 2281 1577 2327 nisi
1609 2280 1691 2326 viri

159 2348 523 2396 excellentissimi
548 2351 656 2410 duo,
685 2353 763 2412 qui
783 2352 894 2413 Regi
917 2352 1136 2400 Saxoniae
1162 2354 1328 2400 adsunt
1356 2351 1558 2413 supremi
1584 2363 1694 2396 con-

160 2417 368 2466 siliorum
417 2420 696 2481 administri,
755 2437 1071 2472 anERmth
1122 2434 1494 2471 FERDINANDUS
1535 2433 1695 2467 mmm

158 2500 295 2534 BARo
325 2501 396 2533 m:
431 2490 600 2538 BEUST
639 2499 683 2538 et
716 2506 940 2542 IOANNES
976 2507 1178 2542 PAULUs
1215 2507 1286 2539 m:
1322 2493 1693 2539 FALKENsmm

158 2556 325 2618 insigni
353 2558 506 2604 favore
535 2562 597 2606 ita
622 2563 832 2609 adiuvare
866 2565 1120 2611 voluissent
1146 2577 1288 2610 meam
1316 2562 1692 2624 quantulamcun-

159 2642 246 2688 que
283 2643 493 2690 operam,
529 2637 580 2675 ut
608 2631 713 2677 libri
753 2647 889 2680 manu
925 2636 1085 2694 scripti
1122 2641 1245 2693 tres,
1290 2633 1456 2695 quibus
1488 2632 1691 2679 omnium

157 2699 354 2757 primum
390 2714 598 2760 egerem,
634 2702 820 2749 Parisiis
856 2717 909 2750 ex
943 2704 1217 2752 bibliotheca
1249 2705 1547 2766 Imperatoria
1581 2702 1691 2748 mihi

156 2768 472 2829 mitterentur,
506 2778 553 2818 et
574 2780 763 2834 postea,
789 2788 890 2820 cum
916 2775 1015 2837 ipse
1038 2775 1239 2823 Parisios
1265 2776 1501 2837 profectus
1527 2785 1689 2828 essem,

156 2837 326 2900 reliqui
361 2841 543 2889 codices
578 2858 695 2905 quos
731 2845 937 2892 aditurus
973 2860 1120 2893 essem
1148 2848 1247 2892 sine
1271 2846 1365 2892 ulla
1400 2843 1690 2892 cunctatione

158 2909 292 2956 etiam
333 2912 387 2959 ad
421 2913 692 2962 domesticas
726 2914 1068 2964 lucubrationes
1101 2917 1402 2964 traderentur.
1454 2915 1528 2962 Sic
1552 2912 1692 2976 peril-

1282 2997 1346 3048 a*
