1946 3220
587 152 918 192 semp-ronne*
948 128 1220 210 Romanos.
1593 139 1670 193 25

0 299 1 306 κ
26 267 37 331 [
62 283 79 294 ’-
142 277 311 329 tatum,
350 271 412 317 ita
449 270 583 318 etiam
609 270 860 333 ponderum
887 276 934 317 et
958 283 1271 317 mensurarum
1305 271 1536 317 scientiam
1567 284 1664 316 ver·
1707 332 1711 335 Ι

141 341 269 389 sibus
306 341 564 388 describere
603 347 762 387 conata
798 346 880 387 est.
940 341 1039 398 Quo
1077 354 1130 387 ex
1165 354 1334 400 genere
1370 340 1423 387 ad
1457 346 1663 387 nostram

145 418 338 459 aetatem
379 418 686 472 pervenerunt
721 411 811 457 duo
854 411 1078 470 carmina,
1127 410 1316 457 alterum
1357 410 1540 457 brevius
1579 423 1664 458 nec

142 481 233 528 ulla
259 481 475 543 peculiari
511 481 681 527 virtute
716 482 924 541 insigne,
965 480 1156 527 alterum
1192 482 1303 528 satis
1338 482 1575 542 copiosum
1613 495 1666 528 ac

38 575 62 587 =
139 551 350 598 laudabili
397 557 493 597 arte
538 558 583 597 et
621 551 774 597 studio
814 553 1143 613 compositum,
1190 551 1245 597 de
1281 565 1372 612 quo
1409 552 1495 598 iam
1531 550 1668 598 nobis

141 628 210 668 est
236 621 572 683 disputandum.

284 704 500 752 Nonnulli
534 712 711 752 veteres
749 705 927 752 codices
962 720 1049 764 una
1072 708 1173 752 cu'm
1198 705 1415 751 Prisciani
1445 719 1668 767 gramma·

142 777 218 824 tici
247 778 429 837 scriptis
449 768 683 822 continent
711 781 890 822 centurn
917 776 1144 836 sexaginta
1173 775 1268 821 sere
1289 788 1447 821 versus
1471 775 1524 821 de
1549 789 1642 836 pon

86 854 89 861 '
140 845 322 893 derihus
363 853 407 892 et
441 847 693 904 mensuris,
729 853 917 907 quoset
943 859 994 891 ex
1019 848 1117 907 ipsa
1144 845 1326 892 illorum
1353 846 1557 892 codicum
1586 860 1662 891 au-

139 917 352 964 ctoritate
378 923 423 963 et
450 918 553 978 quia
580 916 855 963 Priscianum
881 916 935 962 de
962 916 1098 962 simili
1127 923 1395 977 argumento
1423 916 1669 977 scripsisse

139 989 186 1033 in
211 986 329 1032 libro
356 986 411 1033 de
435 986 596 1048 figuris
627 1000 918 1033 numerorum
950 986 1327 1043 recordabantur,
1361 986 1490 1032 multi
1521 986 1663 1032 eidem

142 1058 435 1118 grammatico
465 1056 664 1103 tribuere
689 1063 1032 1104 consueverant.
1091 1055 1230 1112 Quam
1259 1056 1521 1118 opinionem
1550 1070 1667 1118 quo·

140 1128 275 1175 modo
302 1126 640 1174 Wernsdorfius
679 1142 778 1174 cum
812 1127 999 1188 reliquis
1039 1128 1311 1173 testimoniis
1348 1141 1462 1189 quae
1501 1127 1556 1174 de
1587 1141 1669 1173 au·

142 1205 268 1261 ctore
311 1198 522 1244 carminis
559 1197 768 1243 seruntur
811 1197 1053 1244 conciliare
1096 1198 1349 1257 studuerit,
1398 1212 1667 1259 supervaca-

141 1265 274 1314 n‘eum
314 1275 383 1314 est
419 1268 494 1314 bic
533 1275 766 1329 repetere,
807 1267 1018 1328 quoniam
1054 1267 1141 1314 alio
1180 1282 1230 1314 ex
1266 1269 1488 1329 principio
1523 1274 1667 1314 totam

144 1339 454 1400 quaestionem
484 1338 742 1385 ordiendam
770 1351 870 1384 esse
894 1345 1018 1384 recte
1037 1352 1157 1384 nunc
1177 1340 1410 1400 cognitum
1431 1337 1665 1384 habemus.

246 1423 333 1468 lam
361 1423 556 1483 primum
589 1423 834 1480 videamus,
861 1422 969 1482 quid
998 1436 1049 1468 ex
1075 1423 1185 1483 ipsis
1214 1429 1413 1469 veterum
1444 1422 1668 1468 librorum

141 1493 414 1539 testimoniis
443 1493 496 1538 de
523 1493 748 1553 scriptore
775 1494 986 1539 carminis
1013 1493 1301 1539 statuendum
1329 1494 1398 1538 sit.
1444 1493 1668 1553 Inscripta

138 1562 276 1611 habet

245 1632 316 1679 De
337 1633 637 1692 ponderibus
662 1633 800 1679 codex
826 1632 1059 1679 BobIensis
1084 1634 1441 1688 vetustissimus;

247 1721 359 1763 item
390 1718 638 1763 Prisciani
672 1716 791 1762 liber
828 1710 1216 1775 deponderibus
1250 1725 1295 1763 et
1328 1722 1570 1764 mensuris
1605 1731 1670 1763 ecc

142 1800 284 1848 opere
319 1788 484 1847 Rufini
518 1789 596 1833 vel
628 1786 850 1832 Faviam'.
916 1787 975 1831 de
1006 1789 1304 1846 ponderibus
1341 1795 1384 1833 et
1427 1793 1667 1834 mensuris

144 1859 242 1905 cod.
275 1859 522 1905 Vossianus
559 1858 625 1906 33
663 1857 706 1902 in
732 1856 764 1901 4
792 1856 920 1916 (Keil.
948 1857 1000 1903 ad
1026 1858 1241 1904 Priscian.
1273 1859 1357 1904 vol.
1386 1859 1419 1904 11
1448 1874 1492 1920 p.
1519 1857 1670 1918 391);

142 1928 352 1976 similiter
378 1929 519 1975 codex
544 1928 741 1989 Reginae
768 1925 980 1986 Sueciae,
1018 1942 1070 1974 ex
1102 1943 1194 1990 quo
1217 1929 1496 1975 Burmannus
1524 1929 1666 1990 (poet.

140 1999 236 2046 Lat.
264 2001 370 2045 min.
397 1999 484 2045 vol.
512 1999 547 2044 11
577 2014 619 2060 p.
651 1997 772 2057 396)
800 1997 951 2043 affert:
982 1998 1226 2046 Prisciani
1248 1999 1369 2045 liber
1398 2001 1455 2045 de
1476 2001 1664 2059 ponde-

143 2070 277 2116 ribus
305 2077 356 2115 et-
375 2073 612 2116 mensuris
640 2083 701 2115 ea:
729 2081 872 2127 opere
898 2067 1062 2129 Rufini
1087 2071 1163 2115 vel
1184 2070 1395 2116 Faviana·
1403 2090 1420 2128 ‚-

260 2154 433 2200 Versus
459 2154 703 2200 Prisciani
732 2158 1046 2214 yrammatici
1075 2155 1133 2199 de
1155 2155 1327 2215 fiyuris
1357 2169 1668 2201 numerorum

50 2268 53 2269 γ
146 2232 192 2272 et
210 2226 480 2284 ponderum
519 2224 826 2286 Sangallensis
861 2223 963 2270 817
998 2222 1222 2283 (Schenkl.
1262 2241 1305 2286 p.
1335 2226 1400 2272 59
1441 2239 1671 2273 commen·

44 2334 66 2359 4
142 2297 245 2342 tarii
270 2296 386 2342 infra
414 2296 457 2341 in
485 2295 584 2342 adn.
614 2295 643 2340 2
673 2293 839 2358 citati);
1168 2338 1170 2341 .

63 2360 70 2366 ⁴
248 2371 385 2417 Remi
402 2371 579 2418 Favini
601 2373 661 2417 de
682 2374 982 2431 ponderibus
1004 2378 1048 2417 et
1068 2375 1302 2417 mensuris
1319 2371 1416 2417 cod.
1438 2370 1669 2417 Guelferh.

52 2487 54 2490 ,
144 2441 369 2488 Gudianus
399 2442 465 2489 64
493 2443 537 2487 in
565 2442 614 2501 4,
646 2457 669 2488 a
694 2444 826 2491 nobis
847 2443 1058 2502 collatus,
1084 2443 1190 2487 item
1212 2442 1458 2487 Vossianus
1481 2440 1544 2486 12
1566 2443 1611 2487 in
1633 2441 1668 2489 8

59 2562 64 2564 ,
143 2511 310 2571 (Hertz.
343 2512 396 2559 ad
421 2512 632 2559 Priscian.
660 2514 747 2560 vol.
773 2515 789 2559 1
823 2530 868 2576 p.
896 2512 1030 2571 xxi),
1065 2512 1368 2558 Mon-bacensis
1395 2508 1665 2579 (Endlicher.

37 2585 42 2594 ’
142 2597 189 2643 p.
217 2579 328 2645 99),
364 2582 646 2630 Monacensis
686 2584 856 2632 18375
894 2598 1009 2632 saec.
1036 2582 1096 2641 X,
1139 2581 1211 2628 alii
1250 2581 1432 2640 (Christ.
1470 2583 1515 2627 in
1551 2582 1666 2629 Mus.

142 2651 285 2701 Rhen.
314 2653 386 2699 XX
417 2668 460 2714 p.
489 2653 596 2714 69);

248 2723 386 2769 Remi
407 2723 584 2771 Favini
617 2726 819 2785 epistola.
858 2725 916 2770 de
950 2721 1249 2785 ponderibus
1285 2734 1346 2767 ea:
1370 2736 1511 2769 sensu
1539 2728 1666 2769 eius·
1739 2720 1743 2723 ’

146 2790 250 2839 dem
291 2791 415 2840 ela‘ra‘
445 2800 665 2843 auctoris
696 2797 763 2841 ad
796 2795 1127 2854 Symmachum
1153 2797 1354 2840 metrico
1388 2798 1496 2840 iure
1521 2797 1669 2839 missa

144 2864 461 2995 {agga-md·
505 2865 738 2911 Parisinus
783 2865 918 2912 7498
966 2863 1095 2924 (Keil.
1141 2864 1194 2910 ad
1234 2862 1447 2911 Priscian.
1493 2864 1581 2911 vol.
1629 2863 1667 2909 ll

180 2969 188 2977 ’
353 2969 365 2991 ἳ
