1946 3220
15 222 46 239 )“,

18 245 59 299 ΞΓ

13 310 38 371 2<

14 455 42 506 ’ξι

19 511 32 523 p

6 2401 30 2457 «υτ,
9 2359 17 2385 ..υ
11 2328 17 2339 ,ν
11 2299 15 2316 -.

9 2789 22 2803 1„
9 2767 16 2777 ··
8 2747 11 2752 ·
7 2613 27 2722 *arus
6 2524 25 2583 «νγ
7 2470 22 2512 ‘Nn

13 0 224 223 noa]
722 159 792 194 m:
829 158 1050 196 numus.
1550 140 1653 194 297

336 269 592 335 ἀνέκραγ>
618 268 649 323 6
680 272 841 334 κῆρυξ
863 268 930 334 μὴ
955 267 1194 334 δέχεςθαι
1220 267 1420 334 μηδένα

299 360 308 369 ’
336 354 538 419 χαλκὸν
564 353 627 407 τὸ
655 352 848 407 λοιπόν
865 369 877 382 ·
905 352 1122 422 ἀργύρῳ
1147 351 1249 418 γὰρ
1279 353 1541 418 χρώμεθα.

230 437 557 503 Θουκυδίδης
588 439 682 503 μὲν
713 438 777 503 δὴ
805 437 889 490 καὶ
915 435 1171 502 ςτατῆράς
1200 453 1345 490 τινας
1376 437 1655 492 Φωκαῖτας

36 518 50 537 '
121 522 398 588 κέκληκεν,
443 521 509 587 ἦν
538 522 596 575 δέ
627 538 675 574 τι
699 522 784 575 καὶ
810 522 1126 587 νομίςματος
1152 518 1297 575 εἶδος
1324 521 1498 576 οὕτως
1528 521 1655 577 ὀνο-

36 667 39 669 ‚
122 606 449 672 μαζόμενον·
478 606 605 672 φηςὶ
629 609 765 669 γοῦν
799 606 858 661 έν
883 608 995 660 τοῖς
1015 606 1440 672 Ἀποφθέγμαςιν
1467 607 1498 660 6
1523 607 1654 661 Καλ·
1685 618 1711 658 5

20 687 32 715 ²·
121 692 359 758 λιςθένης
390 691 489 744 ὑπ’
515 690 788 757 Εὐβούλου
820 693 918 744 τοῦ
945 689 1281 755 Ἀταρνείτου
1307 691 1403 746 τὸν
1430 693 1654 757 ποιητὴν

119 776 386 840 Περςῑνον
440 775 806 841 ἀμελούμενον
863 774 934 828 εἰς
989 774 1292 839 Μιτυλήνην
1352 775 1656 830 ἀπελθόντα

121 860 442 927 θαυμάζοντι
488 859 693 925 γράψαι
735 859 868 912 διότι
913 859 1007 943 τὰς
1053 858 1361 922 Φωκαΐδας,
1404 860 1466 912 ἃς
1511 860 1653 925 ἔχων

120 944 301 1009 ἦλθεν,
327 945 482 1010 ἥδιον
512 944 571 998 έν
597 943 870 1011 Μιτυλήνῃ
897 945 1100 1008 μᾶλλον
1127 944 1159 1008 ἢ
1190 942 1248 998 ἐν
1275 944 1498 1012 Ἀτάρνῃ
1534 961 1654 1013 κατῇ

121 1028 379 1083 αλλάττει.
1366 1080 1370 1086 .
1688 1039 1741 1080 10

121 1182 202 1235 93.
263 1182 351 1233 Ex
390 1182 617 1234 eiusdem
656 1182 828 1248 capite
852 1182 972 1246 περὶ
998 1184 1234 1247 ςτατικῆς
1263 1183 1330 1249 (4,
1360 1188 1654 1248 173-175).

659 1281 790 1333 (Vide
823 1280 936 1335 prol.
969 1281 994 1331 ξ
1027 1281 1115 1334 96.)

227 1398 253 1431 ιιι
280 1379 359 1431 Τὰ
399 1379 458 1432 δὲ
494 1377 866 1443 ὀνομαζόμενα
900 1379 1117 1444 ςταθμία
1145 1379 1344 1443 ςταθμὰ
1369 1379 1655 1446 έπίςταθμα
1678 1399 1740 1433 173

118 1461 203 1515 καὶ
247 1462 460 1527 ςτάςιμα
497 1461 740 1527 ώνόμαςε
787 1461 1167 1527 Κηφιςόδωρος
1195 1463 1225 1515 6
1251 1463 1493 1527 κωμικός.
1538 1481 1654 1517 ςτα-

118 1551 252 1612 τῆρα
281 1547 341 1600 δὲ
369 1546 419 1599 οἱ
444 1549 538 1611 τῆς
562 1544 843 1614 κωμῳδίας
874 1547 1087 1611 ποιηταὶ
1121 1547 1217 1611 τὴν
1256 1546 1438 1612 λίτραν
1465 1547 1654 1610 λέγου-
1687 1560 1739 1600 15

121 1646 223 1685 ςιν·
250 1631 347 1695 τὴν
375 1631 469 1695 μὲν
496 1630 599 1695 γὰρ
626 1629 807 1694 λίτραν
836 1628 1095 1695 εἰρήκαςιν
1124 1630 1174 1683 οἱ
1195 1630 1444 1684 Εικελικοὶ
1468 1650 1655 1700 κωμῳ-

118 1714 231 1779 δοί,
268 1714 516 1769 δίκελλαν
543 1715 603 1767 δὲ
627 1713 1061 1780 πενταςτάτηρον
1098 1715 1426 1781 (ωςικράτης
1455 1715 1514 1771 ἐν
1541 1717 1655 1769 Πα-

119 1799 451 1867 ρακαταθήκῃ
486 1799 585 1863 τὴν
622 1798 991 1863 πεντάλιτρον.
1040 1798 1071 1851 6
1105 1799 1163 1852 δὲ
1195 1801 1425 1864 χρυςοῦς
1461 1801 1654 1865 ςτατὴρ

117 1883 216 1935 δύο
245 1882 341 1948 ἦγε
365 1882 601 1948 δραχμὰς
627 1882 874 1948 Ἀττικάς,
900 1882 964 1935 τὸ
990 1883 1050 1935 δὲ
1068 1881 1337 1936 τάλαντον
1363 1885 1503 1949 τρεῖς
1529 1900 1653 1948 χρυ-

120 1969 258 2020 ςοῦς.
299 1967 384 2020 καὶ
401 1968 503 2032 μὴν
533 1966 670 2029 οἵγε
691 1967 924 2032 Δωριεῖς
948 1967 1162 2032 ποιηταὶ
1185 1968 1283 2033 τὴν
1312 1967 1494 2034 λίτραν
1521 1969 1654 2021 ποτε
1685 1979 1739 2019 20

119 2052 213 2115 μὲν
246 2050 471 2118 νόμιςμά
495 2068 543 2104 τι
562 2052 761 2104 λεπτὸν
795 2051 1066 2115 λέγουςιν,
1094 2050 1213 2105 οἷον
1244 2050 1375 2105 ὅταν
1405 2052 1649 2119 (ώφρων
1676 2074 1736 2107 174

119 2135 178 2188 ἐν
209 2137 323 2189 τοῖς
353 2135 669 2190 Γυναικείοις
704 2134 875 2201 μίμοις
907 2136 1035 2204 λέγῃ
1066 2135 1146 2187 ὅτι
1175 2134 1206 2188 ὁ
1241 2136 1419 2200 μιςθὸς
1451 2136 1653 2190 δεκάλι-

118 2235 277 2284 τρον,
313 2219 397 2272 καὶ
435 2220 597 2274 πάλιν
638 2220 696 2274 έν
733 2222 846 2273 τοῖς
881 2219 1193 2285 Ἀνδρείοις·
1231 2223 1411 2273 ’ςῶςαι
1442 2221 1498 2273 δ’
1526 2220 1653 2274 οὐδὲ

119 2304 214 2355 τὰς
243 2303 343 2356 δύο
379 2303 558 2368 λίτρας
585 2304 862 2369 δύναμαι,’
899 2305 1033 2358 ποτὲ
1059 2305 1118 2358 δὲ
1143 2305 1370 2370 ς-ταθμόν
1403 2320 1548 2369 τινα,
1579 2303 1652 2356 ὡς

121 2385 459 2452 Δεινόλοχος
494 2387 553 2440 ἑν
596 2387 824 2454 Μηδείᾳ·
879 2387 1503 2453 ’τετταρακονταλίτρους
1551 2387 1653 2441 τινὶ
1683 2397 1737 2437 25

120 2470 379 2539 νεανίςκῳ
409 2471 610 2524 πέδας.’
672 2472 1031 2537 Ἀριςτοτέλης
1057 2473 1115 2524 δὲ
1146 2472 1205 2524 ἐν
1243 2473 1337 2535 μὲν
1369 2471 1652 2536 Ἀκραγαν-

119 2554 283 2609 τίνων
322 2555 563 2622 πολιτείᾳ
599 2556 876 2619 προειπὼν
918 2555 992 2606 ὡς
1033 2555 1278 2620 ἐζημίουν
1318 2555 1653 2619 πεντήκοντα

234 2741 277 2780 6.
310 2736 586 2791 Ἀταρνίτου
616 2739 674 2778 Di

209 2811 276 2850 13.
309 2806 487 2859 ςταθμὰ
519 2806 709 2858 ςτάςιμα
740 2805 815 2848 καὶ
846 2805 1104 2858 ἑπίςταθμα
1134 2808 1192 2848 Di
1310 2810 1376 2850 19.
1411 2806 1517 2862 ἦγε]
1554 2807 1650 2860 εἶχε

123 2878 180 2918 Di
266 2880 336 2922 25.
365 2876 722 2930 τετταράκοντα
759 2873 945 2929 λίτρους
976 2875 1036 2918 Di
1128 2879 1195 2922 26.
1228 2874 1297 2931 ἐν]
1332 2875 1406 2920 ἐπὶ
1437 2879 1496 2919 Di
1582 2881 1650 2921 27.

121 2945 377 2999 ἑζημοῡντο
407 2949 466 2989 Di
