1946 3220
275 116 384 170 274
635 129 956 168 FRAGMENTA
984 130 1061 163 -DE
1098 129 1358 164 MENSUms
1697 115 1810 184 [86]
1877 174 1879 178 v

278 242 591 308 μετρηταῑον
617 238 700 291 καὶ
725 238 860 303 παρ’
884 236 1066 289 ἄλλοις
1093 236 1275 290 ἕθνεςι.
1326 236 1417 291 εἰςὶ
1451 238 1510 293 δὲ
1544 239 1672 293 δὲκα
1706 240 1797 306 μό-

276 329 379 379 διοι
406 325 547 377 ςίτου
573 323 604 388 ἢ
630 324 821 388 κριθῆς.

613 460 662 513 5.
699 460 835 525 Περὶ
860 462 1068 526 μέτρων
1095 460 1179 512 καὶ
1206 464 1461 526 ςταθμῶν.

379 560 550 613 (άτον
586 559 646 611 δέ
688 559 793 612 ἐςτι
825 558 1009 623 μόδιος
1051 559 1442 623 κουμουλάτος·
1489 560 1573 612 καὶ
1609 560 1695 614 διὰ
1737 559 1800 615 τὸ

223 648 249 688 5
278 643 556 709 ὑπέρχυμα
579 644 813 696 καλεῖται
839 643 1013 696 ςάτον.
1428 660 1454 684 ·

382 727 429 780 6.
465 727 746 783 Τάλαντον
771 727 922 793 λίτρα
945 727 1110 794 λεπτὴ
1137 726 1366 791 ἐλέγετο.
1404 727 1572 782 λεπτὰ
1600 729 1659 781 δὲ
1685 727 1802 782 ἐκα-

275 814 474 866 λοῦντο
499 812 564 865 τὰ
590 811 823 877 ἀςςάρια,
842 810 1011 876 ἤγουν
1039 811 1104 864 τὰ
1122 811 1250 864 δέκα
1269 810 1521 877 νουμμία·
1547 812 1802 877 ἑξήκοντα

275 896 335 950 δὲ
367 895 630 961 άςςαρίων
668 895 873 961 ὑπῆρχε
907 896 1028 949 τότε
1061 896 1123 949 τὸ
1159 896 1444 962 δηνάριον,
1480 896 1716 950 τουτέςτι
1739 897 1801 949 τὸ

275 980 537 1046 κεράτιον.
586 980 776 1034 ἑκατὸν
812 981 871 1033 δὲ
909 979 1178 1045 δηναρίων
1215 980 1453 1046 ὑπῆρχεν
1486 980 1517 1034 ὁ
1556 979 1801 1045 ἄργυρος.

194 1077 247 1117 10
276 1063 547 1130 ίᾶργύρου
573 1065 632 1117 δὲ
657 1063 756 1117 ἀπ’
781 1064 946 1129 ἀρχῆς
972 1064 1217 1129 ἑτυπώθη
1245 1064 1307 1117 τὸ
1332 1064 1568 1129 νόμιςμα.
1605 1065 1799 1118 τάλαν-

274 1165 370 1202 τον
406 1149 464 1201 δὲ
497 1148 630 1202 κατὰ
669 1147 934 1214 λιτριςμὸν
969 1143 1073 1213 ρκε’
1097 1147 1267 1213 λίτραι
1294 1147 1398 1202 εἰςί.
1443 1147 1712 1204 τάλαντον
1744 1140 1803 1202 δὲ

275 1232 436 1286 πάλιν
464 1231 566 1285 ἐςτὶ
585 1232 647 1285 τὸ
669 1231 1011 1298 ὑπερβάλλον
1032 1233 1141 1285 πᾶν
1164 1233 1572 1298 ςταθμιζόμενον
1592 1234 1801 1298 μέτρον.

383 1316 428 1368 7.
455 1316 809 1382 Ἀλάβαςτρόν
829 1316 933 1369 ἐςτι
950 1316 1142 1383 βιςςίον
1157 1315 1371 1381 ὑελοῦν,
1384 1320 1602 1383 χωροῦν
1621 1317 1803 1371 ἐλαίου

275 1400 459 1466 λίτραν
487 1401 624 1465 μίαν.
674 1400 1007 1466 ἀλάβαςτρον
1045 1402 1104 1455 δὲ
1140 1401 1346 1464 λέγεται
1381 1401 1624 1467 ἀλιπαρεὶ
1659 1418 1802 1466 κομι-

194 1496 246 1537 15
276 1484 504 1550 Ζόμενον
530 1485 615 1537 διὰ
638 1485 702 1537 τὸ
729 1483 1043 1550 εὔθρυπτον.

387 1568 433 1621 8.
473 1568 698 1634 Δραχμὴ
726 1568 785 1622 δὲ
809 1568 1028 1632 οὐγγίας
1053 1567 1139 1634 η”·
1167 1571 1401 1623 καλεῖται
1435 1570 1494 1624 δὲ
1528 1571 1611 1622 καὶ
1647 1570 1801 1634 ὁλκή·

279 1653 388 1718 ἔχει
414 1653 474 1707 δὲ
498 1652 774 1718 γράμματα
798 1652 929 1719 τρία.
976 1653 1007 1707 ὁ
1036 1652 1233 1719 ὀβολὸς
1261 1653 1368 1719 ἔχει
1392 1653 1671 1719 γράμματα
1697 1653 1803 1706 α’Ξ.

277 1737 362 1790 καὶ
386 1737 448 1791 τὸ
473 1736 624 1802 ἥμιςυ
652 1740 743 1803 τῆς
768 1739 1002 1803 δραχμῆς
1030 1737 1060 1791 ὁ
1087 1737 1284 1791 κύαθος
1310 1737 1484 1802 ὀγγίαι
1510 1735 1566 1805 β’.

191 2002 249 2043 20
601 1990 712 2043 Τοῦ
738 1990 891 2052 ἁγίου
917 1990 1231 2055 Ἐπιφανίου
1260 1990 1489 2057 Κύπρου.

385 2087 429 2139 1.
467 2086 790 2141 Τάλαντόν
770 2105 872 2141 εςτι
898 2087 1003 2153 ρκε’
1033 2089 1242 2153 λιτρῶν.

383 2170 430 2223 2.
474 2170 776 2236 Κοδράντης
805 2171 908 2224 ἑςτὶ
934 2172 1248 2237 νομίςματος
1274 2171 1363 2242 γ.

382 2254 430 2306 3
469 2254 545 2309 Τὸ
572 2254 850 2322 ἀςςάριον,
881 2255 955 2307 ὥς
984 2255 1110 2322 φαςί
1136 2271 1301 2321 τινες,
1332 2231 1700 2323 δεκάνουμμον
1728 2257 1802 2311 εἶ-

277 2355 363 2393 ναι
389 2337 474 2391 καὶ
501 2339 698 2394 λεπτὸν
724 2340 787 2392 τὸ
815 2338 959 2392 αὐτό.

195 2435 249 2475 25
382 2422 431 2475 4.
470 2423 545 2476 Τὸ
573 2422 863 2489 δίδραχμον
891 2423 953 2476 τὸ
978 2419 1233 2490 τέταρτον
1260 2426 1353 2490 τῆς
1383 2423 1598 2489 οὐγγίας
1623 2425 1774 2480 ἐςτίν.

387 2506 433 2558 5.
470 2507 529 2560 ‘O
556 2509 747 2574 ςτατὴρ
771 2508 920 2574 ἥμιςυ
946 2510 1038 2572 τῆς
1068 2507 1283 2573 οὐγγίας
1314 2508 1479 2575 ἐςτίν,
1518 2509 1593 2564 ὡς
1631 2527 1801 2578 παρα-

280 2587 489 2643 δίδωςιν
514 2591 823 2658 Ἐπιφάνιος
849 2592 880 2646 6
913 2593 1139 2657 Κύπρου.

396 2771 461 2811 10.
493 2768 697 2825 ἀργύρου
727 2774 776 2817 δὲ
805 2790 894 2818 non
925 2778 1039 2818 satis
1071 2777 1286 2819 distinete
1319 2789 1405 2818 scr.
1439 2777 1486 2818 in
1525 2752 1648 2828 οοᾶ.;
1694 2777 1800 2832 lege

285 2843 364 2879 aut
393 2837 438 2880 ἐξ
470 2837 674 2892 ἀργύρου
705 2843 753 2884 δὲ
785 2850 863 2885 aut
895 2845 1129 2899 ἀργυροῦν
1159 2845 1208 2888 δὲ
1325 2850 1392 2891 17.
1423 2846 1580 2887 malim
1610 2844 1798 2900 γράμμα

285 2901 325 2949 α’
356 2914 382 2949 s
498 2911 565 2950 22.
600 2911 874 2963 νομίςματος
906 2910 991 2973 γ”]
1029 2916 1097 2958 ΝΓ
1130 2917 1228 2959 cod.
1261 2917 1384 2959 LeM
