1946 3220
0 0 180 146 5

66 95 71 101 ÷
103 95 105 97 ·
131 135 232 206 [94]
730 154 800 188 nn
836 152 1054 189 numus,
1555 136 1661 191 299

236 261 284 315 3.
324 261 526 326 *tbnc'tv
554 260 653 316 οὖν
681 261 712 316 6
739 262 1100 328 Ἀριςτοτέλης
1123 263 1191 328 μὴ
1219 261 1440 317 εἶναιτὸ
1465 262 1660 317 τάλαν-

130 363 227 400 τον
256 345 549 412 ὡριςμένον
577 346 775 411 ποςόν,
803 346 942 401 ἀλλὰ
967 348 1050 400 καὶ
1074 347 1161 400 ἐπὶ
1187 346 1416 411 ἥςςονος
1440 348 1525 401 καὶ
1554 347 1661 413 μεί-

129 433 294 485 ζονος
335 430 711 496 λαμβάνεςθαι·
764 433 866 486 νῦν
903 432 998 497 μὲν
1034 432 1138 497 γὰρ
1179 431 1255 486 ὡς
1289 431 1453 497 ἦττον
1485 431 1660 486 ἵππου

131 514 481 581 λαμβάνεται,
527 514 587 569 ἐν
631 516 690 568 δὲ
722 517 837 570 ταῖς
875 517 1040 570 λιταῖς
1078 516 1152 569 ὡς
1191 518 1384 582 μεῖζον.
1445 516 1557 582 εἶχε
1599 516 1661 570 δὲ

129 599 264 652 ποτὲ
289 599 384 664 μὲν
411 599 600 654 ἑκατὸν
623 600 874 665 δραχμάς,
899 602 1033 654 ποτὲ
1063 601 1122 654 δὲ
1147 601 1500 666 πεντήκοντα,
1525 599 1660 655 ποτε
1689 605 1716 646 5

129 684 189 736 δὲ
216 682 277 748 λ’,
307 685 441 738 ποτὲ
468 683 904 749 εἰκοςιτέςςαρας,
928 684 1062 739 ποτε
1087 685 1150 748 δ’,
1179 684 1254 738 ὥς
1280 702 1406 751 φηςι
1425 685 1659 750 Τίμαιος,

129 767 213 820 καὶ
236 768 299 822 τὸ
323 770 634 822 τελευταῖον
659 769 794 833 μίαν.

234 851 282 903 4.
323 872 348 904 *
375 853 451 906 Τό
486 853 545 906 δὲ
578 853 845 906 τάλαντον
883 854 983 906 νῦν
1021 854 1116 917 μὲν
1154 851 1231 918 ρκ’
1261 852 1500 918 δραχμὰς
1526 853 1660 918 ἔχει·

128 937 191 988 τὸ
219 937 278 989 δὲ
303 937 535 991 παλαιὸν
568 937 598 990 6
625 938 719 1001 μὲν
746 937 1102 1002 Πολέμαρχος
1129 936 1175 990 δ’
1200 940 1482 1003 δραχμῶν,
1527 938 1660 992 Θεό·

130 1037 365 1085 φραςτος
391 1021 451 1074 δὲ
475 1021 556 1084 ιδ’,
589 1021 802 1085 Τίμαιος
828 1022 888 1076 δὲ
912 1016 1001 1074 κδ’.
1693 1034 1746 1074 10

234 1104 282 1157 5.
322 1106 418 1158 *Ὁ
441 1107 500 1159 δὲ
518 1106 837 1171 Πορφύριος
862 1107 945 1159 καὶ
971 1105 1133 1160 αὐτὸς
1153 1106 1454 1161 ἀτάλαντον
1482 1107 1659 1169 λέγων

128 1189 225 1243 τὸν
251 1188 388 1268 ἴςον,
412 1189 592 1243 ἄλλως
613 1191 711 1255 τὴν
740 1191 883 1246 λέξιν
909 1190 1167 1256 καθίςτηςι
1191 1190 1452 1245 δεικνύων
1473 1190 1659 1245 ἄνιςον

127 1276 223 1338 μἐν
254 1271 392 1328 εἶναι
418 1274 564 1339 παρὰ
595 1277 709 1328 τοῖς
741 1277 989 1329 παλαιοῖς
1013 1275 1076 1329 τὸ
1100 1275 1394 1339 τάλαντον,
1426 1275 1502 1328 ῶς
1526 1276 1659 1329 πολ-

127 1360 299 1423 λαχοῦ
325 1358 588 1424 φαίνεται,
617 1359 921 1414 ἀτάλαντον
949 1361 1009 1414 δὲ
1033 1361 1279 1414 ἐντεῦθεν
1305 1360 1537 1414 νοεῖςθαι
1560 1358 1659 1414 τὸν

127 1443 196 1507 μὴ
224 1442 358 1495 κατὰ
383 1443 446 1495 τὸ
472 1443 741 1498 τάλαντον
772 1444 956 1498 ἄνιςον
989 1443 1125 1497 ἀλλὰ
1157 1446 1249 1509 τῆς
1277 1442 1486 1498 ἐκείνου
1519 1443 1659 1497 ἑςτε-
1692 1454 1746 1496 15

129 1525 363 1592 ρημὲνον
390 1526 716 1592 ἀνιςότητος.

235 1610 283 1663 6.
323 1611 547 1666 *Ἰςτὲον
572 1612 632 1665 δὲ
658 1611 739 1664 ὅτι
766 1611 1032 1677 ἀόριςτον,
1064 1611 1138 1664 ὡς
1167 1612 1251 1665 καὶ
1277 1612 1336 1666 ἐν
1363 1611 1549 1664 ἄλλοις
1575 1611 1659 1677 ἐρ-

130 1696 351 1762 ρέθη,τὸ
370 1696 638 1750 τάλαντον
664 1696 810 1762 παρὰ
834 1698 948 1750 τοῖς
974 1697 1240 1760 παλαιοῖς,
1260 1695 1396 1749 καθὰ
1419 1696 1503 1749 καὶ
1513 1696 1660 1761 Πορ-

130 1780 325 1845 φύριος
354 1780 438 1832 καὶ
462 1779 618 1832 ἄλλοι
643 1779 925 1835 ἀπέδειξαν
943 1822 956 1844 ,
988 1781 1103 1834 ἐπεὶ
1136 1781 1220 1833 καὶ
1244 1781 1380 1845 παρ’
1407 1780 1661 1833 Ἀττικοῖς

37 1866 41 1870 ’
129 1867 224 1928 μὲν
243 1864 466 1929 ὕςτερον
482 1864 555 1918 εἰς
576 1864 947 1928 ἑξακιςχιλίους
966 1868 1225 1928 ςτατῆρας
1246 1863 1378 1917 αὐτὸ
1399 1863 1660 1929 περιέςτη,
1692 1878 1747 1918 20

129 1950 193 2001 τὸ
228 1949 288 2002 δὲ
325 1949 702 2002 Μακεδονικὸν
732 1948 1000 2003 τάλαντον
1047 1950 1187 2014 τρεῖς
1232 1947 1363 2013 ἦςαν
1408 1950 1659 2013 χρύςινοι.

131 2033 365 2100 Δίφιλος
401 2034 462 2086 δέ
497 2033 605 2086 πού
634 2050 792 2100 φηςιν
823 2032 1078 2098 ἀργυρίου
1113 2032 1279 2098 βραχύ
1305 2049 1352 2085 τι
1376 2031 1659 2086 τάλαντον.

132 2118 266 2182 παρ>
292 2116 475 2170 ἄλλοις
518 2118 576 2170 δὲ
611 2119 878 2171 τάλαντον
925 2117 977 2170 αἱ
1021 2117 1211 2171 ἑκατὸν
1257 2116 1660 2181 εἰκοςιτὲςςαρες

130 2202 368 2267 δραχμαί.
421 2201 595 2255 οὕτως
622 2202 816 2256 ἀνίςως
843 2202 968 2267 εἶχε.

239 2286 268 2336 7
276 2325 285 2336 .
315 2286 411 2338 *Ὁ
438 2286 794 2352 δὲΔιόδωρος
818 2287 877 2340 ἐν
904 2291 981 2355 τῷ
1008 2286 1128 2350 περὶ
1154 2287 1420 2351 ςταθμῶν·
1448 2284 1659 2337 ετόιλαν-
1690 2298 1746 2338 25

130 2370 227 2422 τόν
253 2369 357 2422 ἑςτι
391 2372 542 2434 μνῶν
569 2370 626 2433 ξ’,
656 2372 688 2434 ἡ
717 2373 777 2424 δὲ
801 2373 906 2435 μνᾶ
930 2371 1184 2435 δραχμῶν
1215 2368 1278 2434 ρ’,
1305 2368 1337 2432 ἡ
1370 2369 1429 2421 δὲ
1454 2367 1659 2433 δραχμὴ

131 2453 348 2518 ὀβολῶν
383 2452 446 2515 ς’,
494 2453 525 2506 6
562 2455 620 2506 δὲ
662 2454 861 2518 ὀβολὸς
907 2456 1124 2518 χαλκῶν
1159 2448 1224 2517 η’,
1267 2452 1297 2504 6
1336 2452 1395 2505 δὲ
1428 2453 1661 2516 χαλκοῦς

131 2540 348 2591 λεπτῶν
387 2535 463 2590 Ζ’.’
513 2537 576 2590 τὸ
609 2538 876 2590 τάλαντον
907 2538 967 2589 δὲ
992 2536 1056 2589 τὸ
1085 2538 1185 2589 νῦν
1213 2534 1510 2600 λεγόμενον
1547 2535 1659 2588 Ἀτ-

248 2737 287 2776 1.
321 2735 472 2777 Schol.
506 2736 543 2776 B
577 2734 636 2775 ad
666 2733 718 2775 11.
749 2732 788 2775 Ψ
820 2735 902 2774 269
1026 2735 1067 2774 4.
1099 2733 1247 2775 λιταῖς
1277 2748 1335 2771 ..-=
1368 2733 1377 2775 Ι
1412 2734 1492 2774 122
1614 2733 1658 2775 8.

134 2803 286 2848 Schol.
317 2805 356 2847 A
387 2805 447 2847 ad
476 2804 530 2847 ΙΙ.
562 2803 600 2845 Ψ
633 2806 714 2846 269
833 2805 898 2846 11.
930 2803 1140 2845 Eustath.
1173 2803 1231 2844 ad
1262 2803 1316 2845 11.
1339 2816 1382 2857 p.
1405 2804 1486 2844 196
1518 2802 1659 2854 (conf.

133 2875 245 2916 Rose
275 2874 306 2915 1.
341 2874 398 2927 ε.)
518 2877 586 2916 17.
618 2874 742 2915 idem
770 2887 815 2927 p.
848 2874 930 2914 740
1044 2875 1112 2914 21.
1146 2870 1490 2925 Μακεδονικὸν]
1525 2873 1660 2913 immo

136 2940 373 2986 (ικελικόν
487 2947 555 2987 25.
589 2942 740 2986 Schol.
771 2943 849 2983 BL
884 2942 941 2984 ad
971 2941 1025 2986 11.
1054 2940 1084 2984 Ε
1117 2942 1199 2984 576
