1946 3220
347 178 447 230 116
870 190 1274 224 PROLEGOMENA
1297 191 1351 224 m

345 307 523 367 locum,
561 308 647 354 hoc
676 312 745 352 est
775 304 927 364 regiae
952 302 1280 363 Alexandreae,
1317 317 1540 365 occupare
1565 301 1865 364 votuerunt³).

344 379 490 426 Porro
528 391 628 424 cum
653 375 791 421 Attici
820 374 1137 420 tetradrachmi
1165 373 1344 435 pondus
1381 380 1627 434 quaternos
1653 375 1866 422 denarios

345 448 586 495 manifesto
623 450 914 506 exsuperaret
953 457 1100 505 eoque
1133 446 1301 490 maiore
1337 445 1513 505 argenti
1544 447 1692 506 pretio
1728 452 1866 492 tetra-

344 520 556 564 drachma
583 523 763 574 essent,
792 514 1050 561 necessario
1081 515 1249 561 factum
1276 523 1370 573 est,
1406 522 1459 561 ut
1499 529 1549 561 ea
1576 515 1677 562 loco
1704 519 1864 562 mercis

342 587 619 634 haberentur
630 580 679 646 ⁴).
757 585 933 632 Minime
981 599 1085 631 vero
1129 587 1237 631 haec
1272 579 1575 632 Romanorum
1613 586 1864 633 aestimatio

342 658 397 705 ad
433 663 636 703 exactum
670 658 816 703 minae
850 662 928 702 aut
963 655 1122 702 talenti
1147 656 1284 702 Attici
1318 657 1496 717 pondus
1529 659 1758 717 pertinere
1784 670 1867 718 po·

342 728 445 774 tuit.
504 727 611 773 Nam
644 727 689 774 id
724 726 899 773 nullum
923 733 992 772 est
1017 727 1224 787 pondus⁷
1260 727 1382 787 quod
1412 741 1465 772 ex
1494 728 1687 773 nummis
1715 728 1864 787 pretio

342 797 591 845 imminutis
619 811 889 859 suspensum
915 797 990 843 sit.
1041 795 1182 855 Quid,
1218 797 1341 858 quod
1366 797 1465 858 ipse
1490 797 1726 857 denariuS‚
1763 811 1865 843 cum

340 870 536 931 primum
563 870 713 916 Attica
752 867 964 914 drachma
989 882 1013 914 a
1039 867 1251 914 Romanis
1279 868 1515 914 aestimata
1540 875 1636 927 est,
1676 869 1867 928 septima

340 954 446 1001 pars
473 940 658 998 unciae,
695 946 790 985 tum
817 944 966 984 autem
991 952 1015 983 a
1039 937 1231 984 Neronis
1258 938 1540 999 temporibus
1569 945 1722 984 octava
1749 938 1864 984 suit?

339 1009 611 1071 Neutiquam
647 1024 701 1055 ex
734 1010 907 1056 incerto
947 1009 1119 1055 denarii
1153 1009 1354 1070 pondere
1387 1008 1497 1055 illud
1533 1010 1672 1055 Attici
1709 1008 1866 1054 talenti

339 1081 519 1142 pondus
547 1080 692 1141 repeti
719 1086 873 1141 potest
900 1079 1023 1141 quod
1049 1094 1073 1125 a
1104 1079 1407 1140 scriptoribus
1433 1079 1594 1126 aetatis
1621 1081 1866 1140 imperato-

340 1151 436 1197 riae
472 1151 650 1211 saepius
691 1157 1082 1197 commemoratur.
1132 1150 1299 1211 Nempe
1336 1164 1437 1196 cum
1474 1151 1623 1197 Attica
1656 1150 1867 1196 drachma

340 1221 525 1267 denario
568 1221 769 1282 aequans
809 1234 908 1267 esse
941 1227 1210 1281 putaretur,
1260 1221 1470 1267 denarius
1517 1228 1666 1266 autem
1711 1227 1867 1266 octava

339 1306 444 1353 pars
471 1293 629 1338 unciae
656 1298 802 1348 esset,
840 1292 957 1337 mina
984 1292 1132 1337 Attica
1163 1291 1354 1338 habebat
1387 1291 1542 1338 uncias
1569 1291 1641 1337 XII
1663 1293 1695 1338 5
1723 1296 1769 1336 et
1800 1296 1866 1337 ta-

339 1361 514 1408 lentum
541 1361 679 1408 libras
705 1361 814 1408 LXII
836 1365 885 1410 5.
942 1364 1001 1408 At
1030 1368 1179 1408 tamen
1200 1377 1360 1416 vverum
1379 1361 1554 1408 AttIcae
1581 1363 1726 1407 minae
1751 1375 1866 1422 pon-

338 1432 423 1478 dus
458 1446 558 1478 esse
583 1432 675 1478 XVI
700 1433 935 1479 unciarum
962 1446 1019 1478 ne
1045 1432 1136 1478 illis
1164 1433 1345 1493 quidem
1370 1432 1652 1493 temporibus
1684 1432 1866 1491 ignora·

338 1499 534 1563 batur5).
585 1502 648 1549 Ne
675 1502 844 1562 multa,
871 1511 1111 1564 postquam
1139 1503 1287 1550 Attica
1316 1503 1524 1550 drachma
1554 1517 1655 1548 cum
1682 1502 1864 1548 denari0

340 1572 631 1634 aequiperata
672 1579 767 1632 est,
810 1574 959 1634 ipsum
991 1573 1171 1634 quidem
1196 1573 1395 1620 Atticum
1430 1573 1609 1634 pondus
1637 1573 1865 1632 integrum

338 1645 503 1689 mansit
529 1645 802 1705 minimeque
827 1645 924 1690 eius
945 1644 1160 1690 memoria
1187 1643 1448 1690 oblitterata
1467 1650 1564 1700 est;
1591 1643 1666 1689 sed
1698 1657 1864 1690 nomen

337 1714 476 1760 Attici
525 1714 685 1760 talenti
725 1714 991 1776 Atticaeque
1036 1716 1182 1760 minae
1224 1721 1333 1776 post
1367 1714 1590 1760 Neronem
1623 1712 1772 1775 ‘vulgo
1809 1713 1864 1760 ad

337 1784 458 1839 aliud
478 1785 656 1845 pondus
685 1785 930 1832 transferre
950 1792 1220 1846 coeperunt,
1245 1785 1277 1831 P
1293 1785 1499 1831 tolema
1515 1785 1663 1831 icum
1690 1783 1866 1831 scilicet

337 1855 453 1901 dico.
511 1855 682 1901 Etenim
712 1870 813 1902 cum
837 1855 1136 1903 Ptolemaicae
1164 1856 1401 1903 drachmae
1426 1855 1606 1917 pondus
1628 1855 1698 1901 vix
1726 1855 1780 1901 ab
1807 1869 1862 1901 eo

337 1925 520 1972 denario
561 1926 638 1986 qui
668 1932 738 1972 est
775 1933 930 1973 octava
965 1941 1072 1988 pars
1107 1928 1267 1973 unciae
1302 1927 1529 1985 differret,
1568 1929 1689 1972 mina
1713 1924 1864 1972 Ptole-

336 1997 481 2042 maica
516 1997 660 2043 unciis
698 1997 774 2043 XII
795 2001 856 2058 5,
894 1997 1112 2044 talentum
1143 1997 1272 2044 libris
1297 1997 1405 2043 LXII
1426 2002 1457 2044 5
1484 1997 1715 2044 aestimata
1741 2003 1861 2042 sunt.

336 2065 457 2112 Haec
479 2067 619 2127 igitur
637 2081 762 2114 meae
785 2068 1192 2128 argumentationis
1214 2075 1285 2114 est
1309 2082 1507 2113 summa:
1534 2068 1671 2113 Attici
1700 2066 1861 2112 talenti

334 2136 515 2196 pondus
542 2137 718 2198 vulgari
744 2139 921 2184 rati0ne
950 2153 1041 2184 non
1068 2145 1312 2200 propterea
1339 2139 1390 2184 ad
1426 2138 1564 2184 libras
1590 2138 1698 2184 LXII
1729 2141 1760 2184 Ξ
1792 2151 1862 2183 re-

336 2206 517 2253 dactum
543 2220 668 2267 esse,
707 2209 829 2269 quod
853 2210 1001 2256 Att1ca
1029 2209 1240 2256 drachma
1269 2208 1454 2255 denario
1489 2210 1717 2255 aestimari
1745 2208 1861 2254 sole-

335 2276 428 2335 bat,
455 2277 533 2324 sed
557 2277 882 2325 Ptolemaicum
907 2279 1030 2325 istud
1055 2279 1270 2325 talentum
1300 2280 1442 2326 fuiSse
1469 2279 1620 2339 eique,
1648 2278 1859 2340 quoniam

335 2354 383 2393 et
415 2347 687 2395 Ptolemaica
720 2355 764 2395 et
797 2350 945 2396 Attica
981 2349 1191 2396 drachma
1234 2350 1421 2396 denario
1463 2350 1857 2411 aequiperabatur,

335 2418 485 2464 minus
514 2426 721 2466 accurate
747 2420 884 2466 Attici
910 2434 1076 2466 nomen
1103 2420 1363 2482 impositum
1390 2433 1504 2466 esse.
1766 2460 1777 2470 .

435 2488 591 2535 Restat
615 2496 666 2535 ut
691 2489 816 2536 illum
836 2490 1186 2538 Alexandrinum
1211 2493 1507 2553 scriptorem,
1540 2490 1594 2537 de
1623 2504 1714 2552 quo
1741 2490 1858 2536 infra

335 2556 607 2606 disseremus
643 2557 690 2623 (S
715 2560 815 2621 99),
855 2562 1171 2622 gravissimum
1205 2569 1369 2609 testem
1403 2562 1608 2609 citemus.
1657 2560 1743 2617 Qui
1783 2575 1857 2606 ex·

449 2764 491 2817 3)
522 2766 576 2806 V.
608 2767 870 2811 Mommsen.
902 2784 944 2823 p.
976 2771 1059 2812 690
1091 2784 1125 2813 s.

448 2819 495 2874 4)
525 2821 681 2863 Volus.
712 2825 861 2868 Maec.
892 2827 1069 2867 distrib.
1102 2828 1125 2876 ἕ
1155 2827 1224 2868 45.

449 2877 491 2929 5)
524 2878 577 2921 v.
612 2877 771 2920 Galen.
806 2881 911 2924 0011.
947 2896 1047 2936 cap.
1082 2883 1168 2935 111,
1193 2885 1215 2923 1
1241 2881 1370 2936 (prol.
1392 2882 1416 2932 ἕ
1439 2881 1524 2932 51),
1559 2882 1637 2934 ΙΧ,
1663 2884 1684 2923 1
1719 2879 1852 2935 (prol-

335 2933 360 2982 ἓ
381 2933 469 2984 62).
510 2932 701 2974 Constat
732 2936 869 2976 etiam
891 2939 1144 2980 Euboicum
1177 2939 1457 2993 appellatum
1492 2951 1591 2979 esse
1625 2939 1853 2992 proprium

334 2989 481 3030 Attici
512 2990 677 3030 talenti
707 2992 879 3044 pondus
914 2993 971 3044 (v.
996 2995 1177 3039 Metrol.
1210 3009 1253 3049 p.
1289 2997 1367 3036 143
1401 2995 1505 3036 adn.
1539 2995 1624 3047 11).
