1946 3220
6 1583 24 1819 <ovar-am*
6 1246 28 1571 -pwvss-zofflffitn
10 1195 19 1230 vu.
11 1167 17 1178 -.
14 1147 18 1151 .

42 452 54 471 A

11 737 29 870 ξ

12 867 22 921 ἓ

11 930 22 965 τ

12 1008 22 1050 ἒ

114 51 161 86 „J

0 154 9 161 ”
124 157 287 228 ’[107]
415 177 484 210 nx
519 176 893 213 E'rruomfflco
931 178 1111 215 MAGNO
1149 180 1435 215 nxcnnpm.
1579 163 1682 218 347

265 284 525 350 Χοίνικες,
553 284 632 339 οἷς
659 286 752 340 τὰς
777 287 1062 353 περιόδους
1086 291 1363 355 μετροῦςιν
1389 289 1682 354 Αἰγύπτιοι·

49 343 69 381 ⁹
154 369 542 434 ’,ςπανιώτερον
568 371 628 424 δὲ
652 371 714 424 τό
740 371 898 434 γένος
927 375 1037 426 τῶν
1063 375 1544 439 θεωρητικωτάτων
1580 393 1683 441 ψυ-

155 455 271 519 χῶν
296 453 328 518 ἢ
354 453 418 506 τὸ
451 456 548 507 ’τοῦ
582 455 842 519 χοίνικος,
879 457 923 525 ᾧ
959 458 1052 511 τὰς
1087 458 1375 523 περιόδους
1406 462 1682 525 μετροῦςιν

153 537 451 600 Αἰγύπτιοι·
485 537 602 592 οἶος
628 538 693 604 ἦν
723 540 912 605 Ἀμοῦς
938 543 1021 594 καὶ
1048 543 1366 598 Ἀντώνιος.’

264 622 521 688 Χρύςεος,
550 622 582 675 ὁ
607 627 847 689 χρυςοῡς.
1712 642 1740 685 5

393 778 507 830 107.
583 779 711 831 Loci
747 796 814 831 em
851 780 1206 848 Etymoloyico
1244 798 1443 849 mamm.

258 878 457 960 Ἄδδιξ,
484 878 679 943 μέτρον
705 881 1117 945 τετραχοίνικον.

258 963 459 1026 Ἄδδιξ,
485 962 680 1028 μέτρον
707 980 754 1016 τι
780 963 926 1029 οἶμαι
951 964 1363 1030 τετραχοίνικον.

257 1047 515 1115 Αἰγιναῑα]
555 1067 581 1097 ⁴1
606 1048 822 1110 ἐλέγετο
865 1050 925 1102 δὲ
968 1050 1052 1101 καὶ
1093 1050 1159 1103 τὰ
1205 1049 1408 1115 μεγάλα
1443 1049 1680 1112 Αἰγιναῐα

152 1131 262 1186 ἀπὸ
286 1134 384 1184 τοῦ
410 1130 748 1196 νομίςματος·
783 1134 867 1184 καὶ
899 1133 1001 1197 γὰρ
1027 1133 1089 1187 τὸ
1116 1133 1385 1197 Αἰγιναῖον
1413 1133 1679 1187 τάλαντον
1713 1147 1767 1189 10

151 1217 341 1270 πλεῖον
367 1215 601 1279 ἠδύνατο
631 1219 728 1269 τοῦ
756 1218 1004 1270 Ἀττικοῦ.

258 1300 580 1366 Ἀμφορεύς,
608 1301 671 1354 τὸ
698 1301 1027 1366 ἑκατέρωθεν
1053 1302 1250 1355 δίωτον
1288 1300 1562 1366 ςταμνίον,
1605 1301 1680 1356 ὥς

151 1400 278 1451 φηςι
312 1385 621 1450 Θεόκριτος·
650 1385 946 1452 εἀμφορεὺς
969 1386 1291 1452 νεοτευχής.’
1333 1386 1384 1439 οἱ
1410 1387 1470 1440 δὲ
1493 1386 1679 1440 κοινὸν

113 1535 116 1537 Α
149 1471 246 1534 μὲν
278 1469 556 1534 κεράμιον,
590 1470 623 1533 ἢ
658 1470 721 1522 τὸ
757 1469 1087 1535 ἑκατέρωθεν
1128 1469 1412 1535 αἰρόμενον
1451 1470 1679 1535 ἀμφοαι-

150 1553 304 1619 ρεύς,
340 1553 423 1605 καὶ
449 1553 726 1619 ἀμφορεὺς
752 1554 885 1606 κατὰ
917 1555 1187 1619 ςυγκοπὴν
1214 1554 1298 1607 καὶ
1324 1554 1678 1620 πλεοναςμόν.
1713 1564 1766 1608 15

152 1640 310 1704 δηλοῖ
333 1639 392 1691 δὲ
418 1637 613 1703 μέτρον
639 1637 822 1704 ὑγροῦ.

256 1722 597 1787 Ἀπέλεθρον,
625 1721 920 1788 ἀμέτρητον
947 1722 1030 1775 καὶ
1053 1723 1261 1788 πολλὴν
1281 1722 1528 1787 δύναμιν·
1553 1722 1679 1776 πλέ-

150 1810 282 1872 θρον
319 1807 421 1872 γάρ
457 1805 562 1859 ἑςτι
595 1806 790 1872 μέτρον
826 1807 948 1871 γῆς·
983 1806 1216 1871 μακρόν,
1252 1805 1676 1872 πολυπέλεθρον.

151 1891 369 1944 Ἰλιάδος
395 1886 448 1944 ε’.

256 1974 643 2043 Ἀργυρόηλον]
680 1994 705 2026 *
739 1974 913 2029 ἰςτέον
950 1973 1032 2028 ὅτι
1069 1975 1177 2028 πᾶν
1219 1974 1443 2040 νόμιςμα
1482 1975 1582 2029 εἴτ’
1617 1975 1676 2029 ἐν
1707 1983 1765 2026 20

148 2062 331 2129 χαλκῷ
357 2059 459 2114 εἴτ’
485 2060 544 2114 ἐν
573 2058 791 2130 ἀργύρῳ
819 2058 924 2113 εἴτ’
949 2058 1007 2113 ἐν
1045 2063 1222 2128 χρυςῷ
1248 2058 1488 2114 εἰώθαςιν
1516 2058 1677 2125 ἀργύ-

150 2161 268 2211 ριον
293 2145 491 2198 καλεῖν.
1500 2191 1502 2193 ,

220 2284 238 2296 ,,
254 2229 476 2296 Ἀρτάβη
501 2228 695 2294 μέτρον
722 2228 826 2282 ἐςτὶ
849 2227 1136 2294 Περςικόν,
1166 2227 1394 2282 Ἀττικὸς
1416 2229 1677 2294 μέδιμνος.

255 2312 449 2382 Αὐλός]
476 2333 502 2365 *
529 2313 613 2366 καὶ
636 2313 699 2367 τὸ
728 2312 965 2368 ςτάδιον·
990 2313 1075 2366 καὶ
1097 2312 1166 2367 ἑν
1184 2312 1415 2367 ςυνθὲςει
1446 2312 1675 2365 δίαυλος.

254 2397 451 2462 Αὐλός,
498 2397 736 2453 ςτάδιον·
781 2397 866 2451 καὶ
898 2396 961 2452 τὸ
1005 2396 1270 2451 διςτάδιον
1300 2395 1518 2449 δίαυλος
1554 2394 1674 2449 ςύν-
1704 2403 1761 2444 25

148 2486 320 2536 θετον.

264 2693 304 2737 1.
337 2691 546 2736 Χοίνικες
578 2697 623 2736 et
661 2697 702 2735 3.
736 2691 936 2744 χοίνικος
976 2690 1141 2732 Suidas
1181 2703 1262 2745 per
1302 2703 1519 2743 errorem;
1566 2703 1675 2732 nam

150 2761 272 2817 apud
302 2762 543 2816 Synesium
572 2764 708 2805 Dion.
741 2776 785 2816 p.
808 2763 862 2803 49
883 2761 944 2813 A,
976 2761 1092 2802 unde
1123 2760 1198 2802 hic
1228 2759 1356 2802 locus
1387 2761 1555 2815 petitus
1587 2764 1671 2812 est,

146 2829 360 2885 φοίνικος
390 2833 561 2888 legitur
592 2832 798 2886 (notante
829 2830 1125 2880 Hemsterh.).

262 2903 303 2944 8.
334 2902 508 2957 legitur
537 2903 731 2945 alterum
761 2900 886 2943 ἄδδιξ
907 2914 951 2955 p.
976 2902 1040 2953 17,
1064 2902 1133 2952 45,
1165 2900 1246 2943 ubi
1276 2900 1384 2943 ordo
1415 2900 1674 2943 litterarum

146 2970 315 3015 suadet
344 2971 442 3018 ἄδιξ
