1946 3220
592 149 924 184 somp'ronns
952 149 1209 184 Romanos
1615 161 1624 173 ·
1642 133 1676 184 9

153 277 268 310 rere.
321 263 408 310 Sed
433 263 633 310 breviter
657 263 976 310 demonstrabo
1004 277 1137 324 quam
1171 265 1394 310 rationem
1421 262 1578 309 Celsus
1606 277 1675 309 se·

155 341 290 381 cutus
317 347 416 379 esse
445 333 661 380 videatur.
712 333 916 395 Spatium
945 334 1168 394 quoddam
1195 334 1251 379 ad
1276 334 1397 396 quod
1423 333 1571 379 aditus
1597 349 1676 394 pa·

153 410 286 454 teret,
315 405 507 450 vicinum
535 405 574 449 ei
594 404 697 450 loco
720 405 794 463 qui
819 404 931 448 adiri
951 417 1043 448 non
1066 411 1238 465 posset,
1266 406 1439 465 pertica
1466 410 1676 450 accurate

153 474 429 520 metiendum
465 473 662 519 curabat.
723 473 778 518 Et
803 479 912 533 puta
940 481 1120 520 centum
1155 475 1354 535 perticas
1380 474 1426 519 in
1452 474 1672 519 directum

155 545 361 590 inventas
388 557 502 589 esse.
565 544 626 588 Ex
651 543 721 588 his
749 544 784 588 si
813 543 856 587 in
887 543 1038 589 tabula
1075 544 1263 604 quadam
1291 546 1498 604 dioptrae
1525 543 1675 590 subie-

154 621 225 660 cta
252 614 420 659 faceret
455 613 614 674 pedem
650 627 816 670 unum,
857 614 1037 671 hoc-est
1063 621 1238 675 partem
1274 615 1585 670 millesimam,
1623 628 1705 660 ae-

153 684 312 731 deinde
350 686 396 729 in
431 683 790 729 extremitatibus
836 690 983 728 rectae
1020 683 1144 729 illius
1180 692 1361 730 centum
1399 686 1673 745 perticarum

151 754 296 800 lineae
342 754 533 813 angulos
577 756 816 799 metiretur
856 754 923 803 ad.
955 761 1126 799 certum
1172 755 1393 814 quoddam
1438 761 1672 815 punctum,

152 824 274 884 quod
310 824 545 870 summitas
582 824 795 883 trianguli
833 823 988 880 fieret,
1035 839 1173 884 porro
1211 826 1294 870 lios
1331 825 1445 870 duos
1481 824 1674 883 angulos

151 895 378 954 redigeret
397 891 449 939 in
477 908 574 940 eam
601 909 732 954 quam
761 894 848 939 dixi
876 893 1073 939 tabulam
1110 895 1262 954 ibique
1291 893 1566 954 triangulum
1593 894 1674 938 du-

152 972 299 1021 ceret,
328 966 516 1024 eiusque
547 965 760 1023 trianguli
787 966 832 1010 in
861 963 1008 1010 tabula
1038 965 1195 1025 scripti
1217 965 1357 1010 latera
1379 964 1673 1010 subtilissime

149 1036 389 1081 metiretur
425 1049 615 1094 eamque
649 1048 906 1080 mensuram
933 1033 1094 1080 millies
1122 1036 1333 1093 duceret,
1361 1034 1676 1081 efficiebantur

151 1106 288 1167 pedes
326 1107 423 1150 eius
459 1105 704 1165 trianguli,
740 1105 869 1150 cuius
907 1107 952 1150 in
992 1106 1212 1158 terrestri?
1235 1107 1383 1166 spatio
1410 1119 1549 1150 unum
1579 1111 1674 1149 tan·
1744 1128 1753 1140 =-

151 1175 385 1221 tummodo
412 1174 532 1220 latus
560 1175 680 1221 adire
707 1174 879 1235 liceret.
939 1174 1052 1221 Hinc
1079 1178 1223 1221 omnia
1253 1175 1384 1221 facile
1411 1177 1563 1235 per-agi
1592 1189 1675 1235 po·

154 1253 303 1295 terant
331 1258 446 1305 quae
471 1244 634 1290 Balbus
661 1259 709 1290 se
736 1245 845 1291 dicit
879 1252 1141 1291 exsecutum
1169 1259 1268 1291 esse
1293 1259 1375 1306 per
1400 1246 1622 1292 rationem
1650 1259 1674 1289 a

150 1316 281 1361 Celso
310 1311 590 1373 inventamf’).

257 1386 386 1430 Certe
413 1385 569 1430 Celsus
597 1385 641 1430 in
669 1399 718 1430 ea
745 1399 793 1429 re
820 1400 930 1430 usus
958 1393 1029 1431 est
1054 1386 1248 1446 dioptra‚
1277 1399 1390 1446 quae
1417 1385 1673 1431 iamdudum

150 1463 257 1501 nota
286 1462 408 1501 esset
438 1481 498 1488 —
531 1470 631 1500 nam
660 1456 756 1515 ipsa
783 1456 1095 1515 antiquissima
1132 1471 1289 1516 groma
1316 1456 1524 1516 dioptrae
1552 1456 1672 1500 simi·

150 1525 206 1571 lis
235 1526 337 1582 fuit,
365 1531 503 1585 atque
530 1525 584 1570 ad
610 1525 960 1586 perlibrationes
988 1527 1193 1585 dioptrae
1223 1541 1333 1585 usus
1360 1528 1444 1572 iam
1471 1533 1574 1571 ante
1602 1525 1675 1569 Vi-

123 1630 126 1632 -
153 1597 348 1641 truvium
375 1595 586 1654 vulgatus
614 1591 755 1654 erat⁶)
784 1621 847 1627 —
884 1596 964 1641 sed
990 1610 1148 1642 novam
1175 1597 1273 1642 eius
1300 1596 1578 1642 adhibendae
1604 1591 1675 1640 rass

157 1666 325 1712 tionem
353 1665 565 1711 Romanis
593 1667 765 1726 primus
793 1665 1118 1712 demonstravit
1144 1666 1316 1713 Celsus.

256 1736 344 1780 Iam
365 1749 471 1781 vero
492 1737 727 1781 redeamus
745 1736 798 1780 ad
815 1735 1014 1781 Balbum.
1052 1737 1107 1782 Ut
1125 1737 1283 1783 Celsus
1310 1751 1475 1782 novum
1503 1736 1673 1780 instru-

151 1807 291 1851 menti
319 1820 451 1850 usum
478 1808 652 1865 primus
679 1805 880 1864 tradidit,
909 1806 970 1852 ita
996 1806 1176 1865 Balbus,
1204 1821 1227 1852 a
1255 1807 1386 1852 Celso
1414 1806 1673 1863 institutuS‚

150 1877 324 1937 primus
352 1877 551 1921 omnium
579 1890 675 1922 eam
703 1891 798 1922 rem
826 1876 879 1921 ad
907 1877 1144 1922 militarem
1171 1892 1303 1922 usum
1328 1874 1591 1932 transtulit,
1629 1875 1671 1919 id

152 1946 275 2007 quod
304 1949 399 2006 ipse
427 1945 557 2006 plane
585 1961 635 1992 ao
661 1946 854 1992 dilucide
883 1944 1100 2009 scribit7).
1164 1947 1268 1993 lnde
1305 1945 1631 1992 venerabili
1651 1959 1674 1989 s

150 2016 440 2075 trianguli
480 2012 677 2075 rati08)
713 2017 767 2062 ab
796 2030 849 2062 eo
877 2017 1113 2075 laudatur,
1151 2033 1236 2078 qua
1275 2023 1422 2062 tantas
1447 2029 1518 2061 res
1546 2015 1674 2061 adse-

263 2157 304 2205 5)
346 2155 412 2194 Ne
454 2155 553 2206 quis
591 2155 737 2194 minus
775 2160 900 2195 recte
941 2155 1055 2195 haec
1098 2154 1364 2207 intellegat,
1406 2154 1673 2205 neutiquam

153 2224 251 2251 eam
296 2215 436 2250 artem
480 2210 633 2250 docuit
672 2210 900 2250 Romanos
941 2210 1122 2261 Celsus,
1176 2223 1310 2263 quam
1350 2222 1432 2250 nos
1471 2210 1671 2261 trigono·

150 2267 359 2306 metriam
400 2278 639 2313 vocamus,
681 2267 760 2306 ubi
801 2267 1069 2320 angulorum
1110 2272 1214 2308 sunt
1253 2277 1493 2306 mensurae
1535 2265 1673 2304 certis

150 2324 350 2362 numeris
384 2334 650 2374 expressae3
683 2323 763 2362 sed
785 2323 1095 2366 tantummodo
1119 2323 1163 2363 id
1185 2322 1534 2370 demonstravit,
1567 2332 1673 2372 quo-

151 2378 282 2418 modo
314 2377 543 2430 triangulo
576 2378 853 2431 amplissimo
887 2382 1036 2432 eique,
1070 2384 1121 2419 ut
1151 2380 1216 2418 ita
1249 2378 1413 2426 dicam,
1447 2376 1673 2426 terrestri,

153 2436 280 2475 euius
312 2446 447 2473 unum
481 2433 601 2474 latus
633 2439 786 2474 notum
821 2439 961 2481 esset,
997 2435 1147 2475 simile
1179 2434 1320 2474 multo
1353 2434 1498 2472 minus
1530 2433 1672 2471 trian-

154 2490 308 2544 gulum
349 2491 394 2529 in
436 2489 596 2529 tabula
636 2491 829 2542 quadam
861 2492 1060 2532 describi
1096 2495 1273 2544 posset,
1316 2502 1402 2540 quo
1443 2487 1676 2528 subtiliter

154 2547 358 2587 dimenso
392 2550 438 2586 et-
469 2545 852 2598 multiplicatione
898 2548 1026 2588 facta
1064 2551 1252 2600 possent
1291 2545 1491 2585 inveniri
1521 2544 1675 2584 latera

152 2602 295 2655 ipsius
328 2602 557 2642 terrestris
590 2602 821 2655 trianguli.

263 2657 306 2707 6)
340 2659 392 2701 V.
423 2658 622 2698 Rudo‘rff.
658 2658 859 2699 Gromat.
893 2660 939 2699 ΙΙ
970 2673 1011 2711 p.
1046 2660 1127 2699 336
1160 2672 1212 2707 s.‚
1251 2658 1429 2699 VltruV.
1459 2658 1498 2703 8,
1531 2658 1557 2697 5
1589 2655 1670 2706 (6).

264 2714 305 2763 7)
340 2715 389 2755 Ρ.
413 2716 479 2763 92,
507 2715 687 2762 11—93‚
721 2718 759 2755 3.
823 2715 1004 2755 Celsum
1038 2727 1138 2754 cum
1169 2713 1316 2753 Balbo
1348 2712 1417 2752 illi
1448 2712 1570 2753 bello
1602 2713 1670 2752 in-

152 2770 370 2811 terfuisse
405 2770 639 2810 existimat
659 2771 967 2810 Mommsenus
999 2771 1044 2810 11
1076 2783 1116 2822 p.
1141 2771 1241 2818 1473
1274 2769 1384 2808 mihi
1413 2772 1511 2809 tota
1542 2781 1672 2822 prae-

151 2825 265 2866 fatio
298 2826 438 2866 multo
471 2825 608 2865 aliter
638 2825 783 2866 Balbo
817 2826 1063 2866 scribenda
1096 2826 1238 2865 fuisse
1269 2826 1462 2876 videtur,
1497 2826 1537 2865 si
1569 2823 1671 2864 Cel-

149 2887 435 2934 suspartem
470 2882 671 2921 eiusdem
706 2882 1011 2934 expeditionis
1045 2882 1258 2934 cepisset.

262 2938 306 2989 8)
347 2938 396 2978 P.
440 2940 516 2987 93,
565 2939 585 2976 1
637 2937 755 2977 haee
807 2937 1042 2990 leguntur:
1095 2939 1473 2990 expzaeynandorum
1519 2938 1673 2977 deinde
