1946 3220
300 154 370 207 34
833 166 1222 202 PROLEGOMENA
1246 164 1301 199 m

302 290 452 331 autem
479 283 592 330 nihil
618 283 842 344 pertinet,
874 282 1002 326 uncis
1033 277 1311 326 inclus1mus.
1356 278 1556 338 Denique
1584 279 1719 325 etiam
1742 293 1826 325 un-

302 357 367 402 cia
397 356 489 400 sive
515 354 776 400 duodecima
806 350 933 411 pedis
958 363 1063 411 pars
1087 348 1175 395 nisi
1201 349 1255 396 ad
1279 347 1467 396 Romani
1491 348 1619 410 pedis
1645 363 1827 396 mensu-

301 439 394 471 ram
422 430 545 471 recte
580 422 742 469 referri
768 434 860 466 non
887 426 1058 481 potest.
1106 419 1180 466 Sic
1203 420 1345 480 igitur
1370 418 1707 466 concludimus:
1749 435 1826 466 au-

301 502 473 542 ctorem
499 494 633 539 huius
661 490 838 538 tabulae
864 491 909 536 id
941 491 1107 552 egisse,
1135 496 1187 537 ut
1212 497 1257 537 et
1280 490 1505 536 Romanas
1536 497 1581 536 et
1603 490 1825 536 Philetae-

298 580 399 610 reas
428 576 661 610 mensuras
687 562 770 608 sub
795 576 888 608 uno
915 567 1163 622 conspectu
1187 567 1404 622 poneret,
1431 561 1508 606 sed
1535 562 1580 606 in
1610 574 1664 607 eo
1693 575 1825 621 quam

299 634 561 695 gravissime
586 633 763 695 lapsum
788 646 906 691 esse,
934 631 1055 694 quod
1074 630 1200 678 nullo
1226 646 1416 693 prorsus
1436 631 1678 692 utriusque
1705 646 1828 677 men-

300 719 433 751 surae
474 703 734 751 discrimine
771 703 892 749 facto
926 717 1085 765 parem
1121 715 1221 748 esse
1257 701 1540 748 Philetaereo
1575 702 1825 748 Romanum

299 775 459 836 pedem
486 775 823 822 existimaverit.

403 846 643 892 Praeterea
679 851 840 891 auctor
878 847 978 890 eius
1014 843 1190 890 tabulae
1224 843 1279 890 de
1316 843 1546 904 quadratis
1577 849 1623 889 et
1656 843 1826 891 cubicis

301 917 527 963 mensuris
554 916 771 976 quaedam
800 916 1009 976 exponit:
1036 915 1230 976 primum
1257 915 1375 960 enim
1400 914 1548 972 docet,
1576 921 1690 975 quot
1714 914 1828 974 digi-

298 994 450 1033 torum
475 986 691 1047 quadrata
717 986 779 1031 sit
803 987 960 1044 uncia,
994 986 1154 1031 deinde
1182 998 1337 1031 omnes
1362 998 1599 1031 mensurae
1625 999 1649 1031 a
1674 985 1825 1046 palmo

299 1057 352 1103 ad
377 1057 580 1104 cubitum
614 1063 729 1117 quot
754 1056 910 1103 uncias
938 1062 1142 1117 quotque
1171 1056 1341 1116 digitos
1368 1062 1412 1102 et
1441 1056 1656 1116 quadrata
1681 1063 1728 1102 et
1751 1070 1828 1102 cu-

298 1127 396 1174 bica
420 1128 597 1174 ratione
626 1127 819 1174 habeant
832 1123 890 1186 ¹),
917 1134 1151 1188 postremo
1179 1141 1293 1187 quae
1318 1127 1378 1172 sit
1401 1127 1595 1185 gradus,
1623 1128 1825 1188 orgyiae‚

300 1212 513 1258 acaenae,
542 1198 790 1259 agrestium
817 1211 1132 1243 mensurarum
1165 1198 1381 1258 quadrata
1411 1197 1542 1243 ratio.

737 1349 802 1388 De
834 1348 978 1389 tabula
1007 1350 1264 1389 Heroniana
1293 1347 1394 1389 ΙΙΙ.

213 1441 275 1492 22
413 1435 563 1482 Tertia
600 1435 754 1482 tabula
788 1435 901 1481 nihil
935 1436 1022 1481 nisi
1059 1436 1310 1482 breviorem
1345 1442 1639 1496 conspectum
1675 1449 1828 1481 earum

299 1520 612 1552 mensurarum
656 1506 836 1552 exhibet
872 1520 986 1566 quae
1019 1507 1161 1567 prima
1198 1505 1351 1552 tabula
1398 1506 1708 1552 continentur.
1763 1506 1829 1552 Ita

298 1583 450 1623 autem
495 1582 654 1623 auctor
695 1578 740 1622 in
777 1577 1092 1623 enumerandis
1130 1578 1357 1623 mensuris
1390 1583 1595 1622 versatus
1633 1584 1731 1635 est,
1775 1583 1829 1622 ut

298 1648 582 1707 posteriores
619 1661 820 1708 quasque
854 1662 956 1694 cum
992 1647 1224 1708 prioribus
1257 1662 1311 1693 ex
1346 1647 1504 1694 ordine
1525 1654 1825 1709 compararet.

299 1716 507 1763 Cubitum
536 1717 679 1778 igitur
705 1718 900 1779 primum
927 1717 1093 1778 pedali,
1118 1718 1331 1779 deinceps
1362 1718 1616 1779 palmorum
1642 1724 1687 1764 et
1713 1718 1828 1779 digi-

297 1794 451 1849 torum
475 1801 686 1834 mensura
707 1789 956 1849 expressit3
983 1786 1119 1849 βῆμα
1138 1790 1334 1850 primum
1354 1803 1456 1835 cum
1476 1789 1648 1847 cubito,
1671 1789 1829 1834 deinde

298 1872 462 1904 rursus
488 1873 589 1904 cum
616 1858 884 1917 minoribuS,
918 1862 1120 1920 orgyiam
1148 1874 1248 1906 cum
1277 1860 1420 1920 gradu
1447 1865 1493 1906 et
1520 1860 1727 1921 reliquiS‚
1756 1874 1829 1906 ce-

300 1935 396 1976 tera
422 1930 580 1975 eodem
608 1930 764 1976 ordine
789 1945 891 1976 cum
922 1930 1176 1976 minoribus
1202 1930 1460 1991 quibusque
1490 1930 1780 1991 comparavit.

740 2082 806 2121 De
837 2081 979 2122 tabula
1007 2083 1262 2123 Heroniana
1291 2082 1404 2122 IV.

213 2173 275 2222 23
411 2164 583 2221 Quarto
627 2167 730 2214 loco
768 2169 1004 2228 posuimus
1037 2170 1346 2228 gravissimam
1382 2168 1504 2216 illam
1539 2169 1737 2216 tabulam
1770 2170 1825 2216 de

297 2236 445 2296 iugeri
471 2237 689 2284 divisione
716 2239 1066 2299 agrestibusque
1095 2241 1172 2300 qui
1198 2240 1410 2286 dicuntur
1432 2239 1642 2301 pedibus,
1670 2240 1715 2286 in
1737 2254 1827 2301 qua

300 2320 414 2367 quae
439 2321 754 2355 mensurarum
773 2310 890 2355 ratio
918 2310 1122 2356 tradatur
1148 2325 1248 2356 cum
1265 2325 1348 2371 per
1376 2325 1423 2356 sc
1445 2311 1682 2357 admodum
1710 2311 1826 2357 disfi-

298 2375 383 2423 cile
410 2378 470 2423 sit
496 2378 758 2438 intellectu,
795 2393 887 2426 non
911 2395 1071 2441 parum
1098 2380 1423 2429 nonnullorum
1458 2382 1665 2428 locorum
1691 2381 1825 2428 dubia

299 2447 526 2508 scriptura
567 2456 706 2510 auget
743 2450 1079 2497 obscuritatem.
1131 2450 1270 2506 Quam
1308 2452 1566 2498 cautissime
1602 2453 1743 2514 igitur
1776 2453 1823 2498 in
1859 2464 1871 2477 ·

300 2523 422 2562 tanta
462 2519 759 2580 ambiguitate
789 2535 1021 2568 versemur
1053 2535 1240 2569 necesse
1268 2530 1353 2569 est.
1403 2523 1607 2570 Fuerunt
1633 2524 1711 2583 qui
1737 2523 1824 2570 hoc

413 2693 458 2746 1)
497 2695 608 2736 Cum
648 2711 675 2738 a
704 2700 729 2749 5
770 2702 821 2741 16
863 2701 921 2742 ad
960 2702 1013 2742 18
1051 2700 1307 2755 παλαιετή,
1346 2700 1570 2754 επιθαμή,
1614 2700 1735 2744 πούς
1777 2707 1822 2744 et

299 2750 526 2803 quadrata
577 2756 624 2793 et
673 2755 840 2796 cubica
890 2759 1070 2799 ratione
1122 2758 1429 2812 explicentur,
1481 2758 1683 2799 dubitari
1731 2772 1821 2800 non

297 2809 474 2859 potest,
514 2808 623 2860 quin
663 2810 802 2850 etiam
841 2814 984 2854 cubiti
1024 2815 1250 2868 quadrata
1286 2826 1501 2855 mensura
1539 2815 1596 2855 ab
1630 2820 1820 2857 auctore

296 2861 487 2903 tabulae
537 2862 727 2905 definita
777 2868 849 2910 sit.
909 2869 1041 2911 Unde
1092 2871 1223 2912 initio
1272 2870 1556 2924 paragraphi
1600 2873 1652 2913 19
1701 2872 1818 2913 haec

299 2917 510 2959 addenda
557 2924 681 2960 sunt:
743 2920 793 2962 ‘O
824 2923 1125 2975 τετράγωνος
1164 2929 1314 2979 πῆχυς
1344 2925 1438 2978 ἔχει
1475 2924 1666 2979 οὐγγίαε
1703 2921 1816 2980 τκδ’,

295 2972 554 3016 δακτύλους
584 2969 706 3027 φος’.
765 2977 895 3020 Conf.
928 2982 1022 3021 tab.
1055 2983 1119 3024 IV
1149 2984 1173 3033 ξ
1206 2985 1246 3024 5.
1656 2999 1658 3001 ’
