1946 3220
321 145 430 199 340
920 158 1240 193 FRAGMENTA
1719 110 1851 213 [106]
1878 207 1883 211 ι

434 271 667 334 Νόμιςμα
691 268 790 321 δύο
818 266 1073 332 ςημαίνει·
1098 267 1161 320 τὸ
1186 267 1412 332 νόμιμον
1439 267 1587 333 ἔθος,
1614 268 1690 323 ὡς
1715 269 1847 334 Ἀρι-
1883 238 1911 326 ⁵³.-

325 354 595 420 ςτοφάνης
630 353 689 405 ἐν
720 351 1003 418 Νεφέλαις·
1059 351 1199 416 (ἡμῖν
1227 352 1438 418 νόμιςμ’
1464 352 1562 406 οὐκ
1587 353 1725 406 ἐςτι.’
1763 354 1848 407 καὶ

323 440 386 492 τὸ
418 438 588 502 κόμμα
614 439 711 488 τοῦ
739 436 1118 500 τετυπωμένου
1144 438 1359 501 χαλκοῦ.
1412 439 1590 506 λεπτῷ
1617 439 1676 491 δέ
1700 437 1848 502 νομί-

322 537 468 587 ςματι
493 521 735 586 ἐχρῶντο
763 520 814 573 οἱ
839 521 1125 575 Βυζάντιοι.

264 638 292 678 5
433 619 931 684 Νομιςτευομένων,
972 618 1207 685 νομίμως
1245 613 1651 685 διοικουμένων·
1713 621 1847 674 εἐνέ-

323 706 451 770 βαλε
471 706 530 758 δὲ
554 706 783 770 χρυςοῦς
808 704 1110 770 ἐπιςήμους,
1137 703 1383 758 εἴςπινας
1403 706 1463 758 δὲ
1483 705 1849 772 τετράδραχμα
1912 707 1928 759 ’ἒ

319 789 433 843 τῶν
460 789 742 854 ἐπιφανῶς
770 789 1267 854 νομιςτευομένων.’
1307 791 1390 842 καὶ
1417 788 1587 843 αὖθις·
1626 791 1847 855 εχαλκοῦ

318 874 418 927 τοῦ
445 873 506 927 ἐν
540 873 905 941 Ἀλεξανδρείᾳ
930 874 1375 939 νομιςτευομένου
1401 873 1635 928 τάλαντα
1664 890 1847 940 τετρα-

318 958 571 1023 κιςχίλια.’

234 1059 289 1100 10
313 1049 318 1052 '
426 1041 675 1106 Ξεςτίον,
703 1042 896 1107 μέτρον
925 1042 1009 1095 ἐπὶ
1033 1042 1230 1107 ὑγρῶν.

427 1126 681 1192 Ὀβολός,
718 1127 748 1179 ὃ
785 1126 968 1190 τόκος,
1008 1125 1154 1180 εἶδος
1183 1127 1516 1192 νομίςματος.
1565 1126 1763 1193 ὀβολὸς
1789 1126 1847 1180 δὲ

319 1211 465 1275 παρὰ
490 1210 784 1275 Ἀθηναίοις
818 1211 872 1265 ἕξ
910 1211 1016 1264 ἐςτι
1051 1214 1291 1277 χαλκῶν,
1332 1211 1362 1264 ὁ
1400 1213 1459 1263 δὲ
1494 1213 1727 1276 χαλκοῦς
1763 1204 1847 1264 λεί

316 1297 470 1349 τιτῶν
496 1295 641 1348 ἑπτά.
668 1295 800 1349 τὸδὲ
824 1295 1090 1350 τάλαντον
1112 1298 1208 1349 τοῦ
1235 1294 1491 1362 ἀργυρίου
1518 1298 1714 1360 λιτρῶν
1734 1298 1846 1351 τῶν

313 1381 416 1433 νῦν
443 1379 711 1445 τεςςάρων
739 1381 822 1433 καὶ
847 1381 1181 1446 νομιςμάτων
1205 1379 1255 1445 η’
1279 1381 1364 1433 καὶ
1385 1390 1432 1432 S.
1460 1380 1492 1445 ἡ
1520 1381 1579 1433 δὲ
1604 1381 1710 1445 μνᾶ
1733 1378 1847 1444 ἑξη-
1900 1403 1925 1410 ψ-

230 1480 284 1520 15
315 1464 505 1517 κοςτόν
531 1464 636 1517 ἐςτι
667 1467 765 1518 τοῦ
801 1464 1082 1519 ταλάντου.
1130 1466 1193 1518 τὸ
1218 1465 1277 1518 δὲ
1302 1465 1570 1519 τάλαντον
1595 1466 1693 1518 τοῦ
1719 1481 1845 1530 χρυ-

312 1546 427 1602 ςίου
453 1547 768 1602 ἑξαπλάςιόν
795 1548 912 1601 ἐςτι.

420 1646 676 1714 Ὀβολοῦ]
699 1667 723 1699 *
741 1647 931 1712 ὀβολοὶ
959 1648 1019 1700 δέ
1046 1645 1171 1701 εἰςιν
1198 1647 1293 1701 οὓς
1319 1649 1585 1714 καλοῦμεν
1611 1647 1845 1714 φόλλεις.

1911 654 1925 690 ,ια
1908 588 1929 633 ⁴7*
1907 538 1928 570 ³2:
1897 359 1936 523 »ra-21³2&

1942 844 1946 888 —.
1938 568 1946 829 ..ΛΔ-...κῇ
1940 483 1946 552 .,,...

1912 1497 1946 1678 Atrida-'Q
1907 1357 1946 1471 -1³=‹.“‘'
1927 1303 1943 1326 «;
1929 1223 1934 1226 ·
1919 1199 1933 1207 ³-
1918 1011 1946 1100 ’τρῑιε44
1915 847 1934 944 ⁷*
1912 761 1931 802 Ἃ*

312 1729 372 1783 <Ο
400 1730 768 1785 Ἰουςτινιανὸς
793 1733 903 1785 τῶν
930 1731 1341 1798 ἀργυραμοιβῶν
1359 1731 1493 1798 ὑπὲρ
1514 1733 1638 1787 ἑνὸς
1663 1734 1846 1797 ςτατῆ-

313 1830 411 1879 ρος
443 1817 641 1880 χρυςοῦ
678 1815 951 1879 προίεςθαι
997 1817 1109 1868 τοῖς
1147 1816 1527 1882 ξυμβάλλουςιν
1572 1816 1843 1871 εἰωθότων
1923 1826 1942 1853 ’“·’

219 1915 284 1955 -20
313 1898 441 1952 δέκα
477 1899 561 1951 καὶ
594 1898 894 1952 διακοςίους
939 1898 1173 1965 ὀβολοὺς
1214 1901 1376 1954 αὐτὸς
1419 1901 1845 1967 ἐπιτεχνώμενος

310 1983 469 2048 κέρδη
498 1981 664 2036 οἰκεῖα
688 1983 743 2036 π’
766 1985 849 2036 καὶ
875 1983 919 2048 ρ’
943 1984 1144 2050 μόνους
1173 1985 1307 2051 ὑπὲρ
1335 1988 1431 2039 τοῦ
1460 1989 1714 2052 ςτατῆρος
1740 1990 1842 2039 διε-

309 2066 506 2121 τάξατο
532 2067 767 2121 δίδοςθαι
794 2067 1042 2134 ὀβολούς.

417 2148 607 2220 Ὁλκῇ,
633 2153 877 2218 δυνάμει,
905 2154 936 2219 ἢ
965 2154 1138 2221 βάρει,
1166 2155 1197 2219 ἢ
1227 2159 1449 2225 ςταθμῷ.

417 2234 753 2301 Ὀξύβαφον,
789 2239 851 2290 τὸ
876 2238 1170 2303 δεχόμενον
1201 2239 1263 2291 τὸ
1301 2238 1438 2293 ὄξος.
1489 2242 1667 2304 μεῖζον
1694 2241 1753 2293 δὲ
1778 2240 1840 2292 τὸ

226 2333 280 2375 25
309 2318 560 2385 τρυβλίον
615 2323 714 2373 τοῦ
777 2320 1071 2387 ὀξυβάφου.
1149 2323 1532 2399 Ἀριςτοφάνης
1581 2324 1842 2389 Ὄρνιςιν·
1919 2311 1926 2368 s

313 2401 615 2470 εὀξύβαφον
642 2404 910 2461 ἐντευθενὶ
934 2406 1172 2471 πρόςθου
1199 2409 1380 2473 λαβὼν
1409 2409 1440 2472 ἢ
1468 2408 1753 2474 τρυβλίον.’

417 2502 653 2567 Ὀργυιά,
679 2504 766 2557 ἐπὶ
789 2507 887 2557 τοῦ
917 2505 1130 2571 μέτρου,
1156 2507 1241 2559 καὶ
1266 2506 1629 2571 τετρόργυιος·
1656 2508 1837 2559 “τοῦτο
1916 2509 1946 2553 K

311 2586 431 2637 κατ’
446 2586 761 2651 εὐψαμάθου
780 2588 1024 2654 κείμενον
1043 2589 1228 2655 ἠιόνος
1251 2589 1443 2644 διςςάκι
1457 2590 1835 2656 τετρόργυιον.’

1923 2103 1946 2133 :2²-

1908 2125 1946 2229 Ξ

1912 2355 1946 2385 a)

1920 2397 1946 2448 ,ξ

1918 2557 1946 2587 -τε

1912 2680 1946 2699 4-

426 2811 465 2850 6.
498 2814 665 2862 χρυςοῦ
686 2813 767 2855 AV
883 2817 950 2858 13.
983 2816 1158 2869 λιτρῶν
1189 2817 1403 2859 omissum
1434 2818 1481 2856 in
1503 2816 1671 2858 Suidae
1703 2815 1835 2859 libris

306 2877 415 2919 add.
449 2879 622 2921 Kuster.
656 2895 679 2923 e
711 2883 874 2927 Photio
1022 2887 1088 2927 14.
1119 2884 1357 2939 τεςςάρων
1387 2886 1598 2939 Photius,
1640 2883 1835 2940 τέεεαρα
1911 2895 1914 2898 ’

308 2947 450 3002 vulgo
483 2950 602 3003 apud
633 2951 818 2995 Suidam
904 2961 932 2997 5
965 2958 1143 2999 correxi
1171 2971 1253 3011 pro
1285 2955 1406 3009 vulg.
1440 2950 1480 3001 ς’
