1946 3220
87 200 94 203 »
153 170 280 245 [141]
310 187 465 226 ’σΔῙΝῙ
484 188 676 224 νΕΒΒιο
699 172 1017 224 TABunAium
1035 187 1536 234 ALExANDRmARUM.
1579 169 1679 222 143

252 299 302 351 2.
345 299 604 351 Talentum
652 314 797 350 omne
843 313 984 349 mnas
1021 299 1239 349 minasve
1276 313 1389 349 suas
1427 297 1675 365 [circiter]

148 385 399 450 sexaginta
446 383 619 440 habet,
670 398 783 433 mna
821 399 938 434 vero
977 385 1079 434 sive
1116 385 1248 433 mina
1287 389 1496 434 stateras
1533 383 1677 448 quin·

149 485 246 536 que
273 475 320 519 et
346 469 526 533 viginti,
567 473 717 517 stater
754 483 870 518 vero
907 468 1167 518 drachmas
1193 466 1420 518 holcasve
1448 474 1674 532 quatuor.

150 554 384 604 talentum
424 555 571 618 igitur
611 567 755 601 omne
794 567 933 602 mnas
971 553 1220 616 sexaginta
1257 551 1421 608 habet,
1469 557 1674 602 stateras

155 639 448 704 quingentos
487 635 710 693 mileum,
752 636 1012 686 drachmas
1049 651 1133 686 sex
1160 634 1377 686 milenaS.
1441 636 1675 710 drachma
1705 639 1733 678 5

148 739 233 774 sex
272 721 459 778 obolos,
500 720 676 771 obolus
714 721 908 771 chalcos
947 729 1073 779 octo,
1113 721 1344 771 drachma
1385 735 1504 784 ergo
1543 719 1674 770 chal·

149 823 234 858 cos
273 813 384 857 octo
425 811 473 856 et
510 806 833 871 quadraginta
871 805 1034 876 habet.

254 904 302 956 3.
343 904 604 955 Talentum
658 920 775 969 ergo
823 905 1034 954 Atticum
1083 903 1379 955 Ptolemaico
1425 903 1674 953 Antiochi-

145 1006 301 1055 coque
350 989 610 1055 Syriacove
661 990 906 1054 pondere,
963 1004 1197 1047 numeru,
1258 987 1487 1038 facultate
1535 994 1583 1037 et
1627 990 1673 1036 vi

143 1074 277 1124 omni
325 1089 414 1138 par
462 1080 557 1131 est;
609 1074 695 1123 sed
741 1081 978 1139 quantum
1017 1074 1076 1123 ad
1114 1074 1406 1123 numismata
1443 1074 1669 1136 pertinet,
1706 1076 1760 1114 10

142 1158 426 1208 Ptolemaici
476 1157 806 1223 quadruplum
855 1164 952 1215 est,
1002 1158 1189 1222 Syriaci
1234 1173 1350 1208 vero
1398 1159 1671 1207 tertiarium

142 1244 569 1308 sesquitertiumve
608 1259 695 1293 seu
734 1244 989 1308 epitriton,
1040 1242 1193 1292 Turio
1235 1248 1348 1292 v'ero
1386 1244 1485 1293 sive
1523 1242 1672 1307 Tyrio

142 1342 230 1392 par
270 1333 357 1376 est.

246 1409 296 1460 4.
337 1410 527 1461 Talenti
575 1411 900 1461 differentiam
950 1411 1077 1461 hanc
1125 1418 1171 1462 et
1219 1412 1340 1461 aliae
1379 1418 1667 1475 sequuntur,

139 1496 379 1559 siquidem
431 1511 575 1545 mnae
625 1503 673 1545 et
723 1502 929 1546 stateres
986 1497 1113 1546 inter
1170 1512 1279 1546 sese
1336 1495 1567 1545 differunt
1623 1501 1670 1545 et
1702 1499 1754 1538 15

139 1580 402 1630 drachmae
441 1587 681 1646 quantum
719 1580 916 1630 talenta.

243 1662 292 1715 5.
333 1664 593 1714 Talentum
651 1666 797 1714 ctiam
845 1663 1095 1727 lignorum
1143 1666 1195 1713 in
1245 1664 1502 1714 Antiochia
1552 1664 1665 1720 vidi,

140 1749 267 1813 quod
295 1764 407 1798 suas
445 1750 696 1813 sexaginta
735 1763 875 1798 mnas
912 1748 1084 1806 habet,
1126 1749 1256 1813 quod
1285 1748 1520 1798 talentum
1562 1764 1666 1798 ses-

138 1831 335 1897 cuplum
374 1834 474 1883 sive
511 1834 670 1883 sexies
708 1834 863 1882 maius
904 1838 1011 1882 erat
1047 1833 1268 1898 pondere
1307 1848 1454 1897 quam
1492 1847 1666 1882 numa-

137 1919 285 1966 rium.
1695 1921 1751 1960 20

163 2030 165 2033 ·
242 2000 290 2051 6.
331 2002 432 2052 Nec
471 2003 616 2051 etiam
656 2002 750 2051 hoc
788 2016 867 2050 me
904 2001 1021 2051 latet
1060 2001 1406 2051 drachmarum
1443 2003 1664 2067 ipsarum

135 2085 303 2151 plures
342 2101 448 2136 esse
486 2086 812 2142 differentias;
853 2084 1096 2135 Deliacam
1126 2087 1272 2143 enim,
1311 2086 1660 2149 Aegineticam,

134 2170 376 2220 Rhodiam
402 2169 729 2221 Ptolemaicae
756 2169 1087 2236 quincuplam,
1129 2170 1385 2220 Nesiacam
1411 2185 1527 2219 vero
1553 2185 1664 2219 sex·

137 2254 331 2320 cuplam
372 2255 636 2305 esse-scio,

241 2351 287 2403 7.
330 2354 483 2402 Attica
523 2367 641 2417 ergo
680 2352 917 2402 utendum
957 2359 1028 2402 est
1066 2339 1251 2418 quoad
1278 2353 1546 2417 pondus'et
1570 2367 1660 2402 nu·
1693 2355 1749 2394 25

134 2439 380 2495 mismata‚
432 2437 672 2501 siquidem
720 2437 942 2501 pondere
993 2445 1040 2486 et
1087 2436 1314 2487 facultate
1364 2438 1463 2487 sive
1503 2436 1664 2486 valore

132 2521 329 2571 Italicae
367 2535 457 2586 par
497 2526 584 2577 est,
627 2535 752 2584 quae
782 2521 1014 2571 denarius
1042 2528 1264 2578 vocatum
1306 2519 1505 2586 plurimi
1532 2523 1662 2570 enim

133 2621 266 2656 nunc
314 2604 417 2655 sere
461 2606 512 2654 in
560 2604 787 2654 omnibus
834 2604 999 2654 Italica
1049 2611 1268 2655 utuntur.
1343 2620 1455 2654 mna
1503 2606 1660 2655 Attica
1714 2657 1718 2663 ,

134 2705 253 2754 ergo
311 2694 517 2739 stateras
567 2690 784 2755 quinque
836 2694 883 2738 et
930 2691 1096 2754 viginti
1143 2689 1314 2750 habet,
1371 2688 1495 2739 libra
1544 2705 1659 2740 vero

131 2772 298 2823 Italica
336 2779 541 2824 stateras
580 2779 789 2838 quatuor
829 2780 876 2823 et
902 2774 1087 2837 viginti.
1151 2788 1378 2824 mnarum
1406 2790 1521 2824 vero
1549 2789 1658 2824 cae·
1689 2791 1745 2830 30

244 2985 313 3027 23.
343 2983 678 3035 Ptolemaicam
710 2985 800 3030 Ro,-
846 2988 1026 3026 correxi
1051 2998 1109 3027 ex
1143 2986 1307 3027 Graeco
1337 2993 1543 3028 contextu
