1946 3220
167 143 298 215 [103]
514 162 545 195 n
583 160 1006 197 LnxmoGRAPms
1044 160 1336 198 nxcnsspm.
1593 147 1695 199 311

165 272 226 325 δὲ
255 269 288 324 ὁ
314 269 390 324 εἷς
419 268 583 324 ταύτὸ
621 269 757 336 ὅπερ
792 270 876 323 καὶ
901 269 933 323 ὁ
950 261 1186 335 χρυςοῦς
1221 267 1368 336 παρὰ
1395 271 1508 325 τοῖς
1535 271 1695 326 Ἀττι-

164 356 279 409 κοῖς
311 354 727 420 ὀνομαζόμενος.
774 353 1064 419 ἑκλήθηςαν
1100 355 1160 409 δὲ
1192 354 1448 421 Δαρεικοὶ
1475 354 1596 421 οὐχ,
1618 355 1694 410 ῶς

165 439 218 492 οἱ
260 440 505 493 »πλεῑςτοι
555 439 886 504 νομίζουςιν,
934 438 1045 492 ἀπὸ
1080 438 1318 505 Δαρείου
1351 441 1449 494 τοῦ
1484 439 1693 506 Ξέρξου

162 523 394 590 πατρός,
430 521 558 576 ἀλλ’
592 522 699 590 ἀφ’
733 524 919 589 ἑτέρου
966 523 1111 579 τινὸς
1154 523 1513 592 παλαιοτέρου
1553 528 1692 591 βαςι-

160 607 313 662 λέως.
339 607 554 670 λέγουςι
582 607 643 661 δέ
667 624 810 662 τινες
833 607 1086 664 δύναςθαι
1110 608 1207 662 τὸν
1234 608 1505 674 Δαρεικὸν
1531 608 1692 675 ἀργυ-
1722 621 1749 663 5

160 694 256 758 ρᾶς
276 691 515 757 δραχμὰς
546 688 607 756 κ’,
635 691 711 746 ὡς
737 692 865 746 τοὺς
892 691 1245 759 ε’Δαρεικοὺς
1271 692 1524 748 δύναςθαι
1553 695 1690 759 μνᾶν

159 776 430 842 ἀργυρίου.
1602 771 1606 775 ’

267 858 593 926 Ἐπιτρίταις.
653 859 838 919 Ἰςαῖος
882 860 942 915 ἐν
985 865 1062 930 τῷ
1108 862 1240 914 κατὰ
1282 861 1689 928 Καλλιφῶντος·

160 943 470 999 εἑξακοςίαις
496 946 754 1011 δραχμαῖς
779 944 1106 1010 έπιτρίταις·’
1134 945 1251 1000 ἀντὶ
1273 949 1371 1000 τοῦ
1389 945 1476 999 ἐπὶ
1499 942 1686 1012 η’ὀβο*

157 1030 299 1094 λοῖς,
335 1029 468 1082 κατὰ
502 1029 566 1083 τὸ
601 1029 794 1095 τρίτον
819 1029 958 1085 εἶναι
1000 1030 1162 1096 μέρος
1202 1031 1331 1084 τοὺς
1367 1028 1417 1095 η’
1452 1029 1687 1097 ὀβολοὺς
1720 1040 1772 1080 ιο

155 1116 254 1167 τοῦ
283 1114 698 1181 τετραδράχμου.

189 1208 193 1209 ’
260 1196 587 1264 Ἐπωβελίαι.
638 1197 985 1264 Δημοςθένης
1022 1199 1081 1252 ἐν
1116 1203 1193 1268 τῷ
1221 1198 1354 1252 κατὰ
1391 1199 1685 1265 (τεφάνου.

152 1281 412 1347 ἐπιτίμιόν
438 1282 575 1336 ἐςτιν
607 1283 639 1347 ἡ
667 1282 936 1349 ἐπωβελία
960 1283 1023 1336 τὸ
1051 1283 1205 1336 ἕκτον
1233 1283 1393 1348 μέρος
1417 1285 1515 1336 τοῦ
1542 1283 1684 1348 τιμή-

152 1383 344 1432 ματος,
376 1365 511 1431 ὅπερ
535 1366 780 1421 ἐδίδοςαν
818 1367 869 1420 οἱ
904 1367 1191 1422 διώκοντες
1226 1369 1341 1420 τοῖς
1370 1369 1679 1433 φεύγουςιν,

151 1450 196 1504 εἰ
231 1452 301 1516 μὴ
337 1451 527 1505 ἕλοιεν.
578 1451 817 1505 ἐκαλεῖτο
856 1453 915 1505 δὲ
951 1451 1151 1514 οὕτως,
1194 1450 1276 1504 ὅτι
1310 1451 1433 1503 καθ’
1462 1451 1681 1516 ἑκάςτην
1715 1460 1768 1501 15

150 1536 391 1601 δραχμὴν
419 1533 618 1600 ὀβολὸς
645 1534 740 1599 ἦν,
780 1534 916 1600 ὅπερ
947 1535 1102 1589 ἕκτον
1130 1535 1267 1588 ἐςτὶν
1297 1535 1357 1590 ἐν
1382 1535 1437 1590 ἓξ
1463 1534 1682 1601 ὀβολοῖς

147 1622 242 1684 τῆς
270 1620 506 1685 δραχμῆς
540 1619 900 1686 λογιζομένης.
955 1619 1015 1673 ἐκ
1045 1621 1268 1674 πολλῶν
1294 1619 1355 1675 δέ
1382 1620 1488 1674 ἑςτι
1517 1623 1679 1674 τοῦτο

148 1703 323 1757 οὕτως
351 1702 482 1768 ἔχον
510 1705 708 1766 μαθεῖν.
1327 1749 1330 1750 ⁷

251 1787 528 1851 Ἡμίεκτον
545 1787 628 1839 καὶ
645 1787 1004 1853 ἡμιμέδιμνον.
1041 1787 1345 1852 Δείναρχος
1372 1788 1431 1841 ἐν
1457 1792 1520 1856 τῇ
1547 1789 1680 1842 κατὰ

149 1872 531 1926 Καλλιςθένους
562 1871 868 1939 εἰςαγγελίᾳ.
905 1873 1003 1924 τοῦ
1030 1870 1281 1936 μεδίμνου
1314 1871 1540 1937 ἔχοντος
1566 1872 1678 1937 χοί-
1709 1881 1763 1920 20

144 1971 294 2009 νικας
328 1954 412 2020 μη’
436 1956 499 2008 τὸ
535 1958 753 2021 χωροῦν
778 1954 855 2008 κδ’
881 1954 1116 2020 χοίνικας
1145 1955 1489 2021 ἡμιμέδιμνόν
1519 1956 1675 2018 ἐςτιν,

142 2040 388 2105 ἡμίεκτον
415 2041 475 2092 δὲ
505 2040 566 2092 τὸ
595 2042 813 2105 χωροῦν
842 2038 886 2092 δ’
909 2038 1171 2104 χοίνικας,
1198 2042 1295 2093 τοῦ
1323 2039 1507 2104 ἕκτου,
1539 2040 1677 2106 ὅπερ

144 2123 250 2177 έςτὶ
272 2123 501 2189 χοίνικες
523 2122 589 2189 η’,
620 2125 684 2177 τὸ
711 2123 876 2188 ἥμιςυ.
1650 2192 1654 2195 ¹

252 2209 538 2274 Μέδιμνος.
587 2207 894 2273 Δείναρχος
919 2208 978 2262 έν
1005 2214 1082 2279 τῷ
1115 2208 1248 2261 κατὰ
1276 2208 1672 2263 Καλλιςθένους.

142 2294 336 2358 μέτρον
377 2293 483 2346 έςτὶ
515 2296 720 2358 Ξηρῶν,
758 2293 877 2346 οἷον
913 2295 1104 2358 πυρῶν
1141 2293 1173 2357 ἢ
1210 2294 1426 2358 κριθῶν,
1463 2293 1570 2357 ἔχει
1612 2294 1671 2347 δὲ
1702 2300 1756 2341 25

140 2376 375 2442 χοίνικας
404 2375 504 2441 μη’,
535 2376 668 2428 καθά
698 2393 824 2442 φηςι
849 2377 1143 2441 Νίκανδρος
1170 2376 1201 2430 ὁ
1228 2376 1586 2442 Θυατειρηνὸς
1611 2377 1670 2431 ἐν

139 2462 252 2514 τοῖς
279 2460 602 2525 ἐξηγητικοῖς
626 2461 719 2523 τῆς
744 2460 974 2523 Ἀττικῆς
1003 2460 1296 2513 διαλέκτου.

250 2543 602 2609 Μετρονόμοι.
660 2542 795 2609 ἀρχή
822 2559 899 2596 τις
923 2542 1196 2608 Ἀθήνηςίν
1224 2543 1361 2598 ἐςτιν
1385 2543 1417 2608 ἦ
1443 2546 1552 2598 τῶν
1581 2561 1669 2610 με-

138 2628 451 2693 τρονόμων,
482 2627 557 2680 ῶς
584 2627 887 2693 Δείναρχος
911 2627 970 2681 έν
1000 2632 1078 2696 τῷ
1111 2628 1245 2680 κατὰ
1273 2628 1666 2682 Καλλιςθένους.

138 2711 271 2777 ἦςαν
295 2713 355 2766 δὲ
385 2712 482 2766 τὸν
511 2711 733 2776 ἀριθμὸν
762 2709 837 2774 ιε’,
868 2711 939 2765 εἰς
966 2712 1060 2776 μὲν
1087 2712 1183 2766 τὸν
1213 2712 1435 2777 Πειραιᾶ
1462 2711 1520 2776 ε’,
1551 2711 1581 2765 ι’
1607 2714 1666 2766 δὲ
1697 2722 1751 2762 30

252 2883 319 2923 30.
353 2879 418 2923 εἰς
450 2880 533 2933 μὲν
563 2881 651 2922 τὸν
671 2879 869 2933 Πειραιᾶ
899 2870 950 2933 ε’,
983 2875 1010 2922 ι’
1030 2879 1080 2923 δὲ
1101 2879 1165 2924 εἰς
1197 2879 1311 2924 ἄςτυ
1334 2895 1448 2924 corr.
1472 2882 1661 2923 Boeclclz.

138 2946 434 3011 Staatslzaush.
458 2953 481 2993 Ι
512 2964 555 3005 p.
580 2952 633 2992 70
666 2949 755 3003 (ed.
781 2950 903 3002 alt.);
936 2951 1119 2993 inverso
1151 2952 1310 2995 ordine
1342 2946 1368 2995 ι’
1392 2957 1438 2994 et
1470 2946 1505 2994 ε’
1527 2951 1663 3005 vulgo
