1946 3220
585 173 918 210 SCRIPTORES
954 175 1222 212 ROMANOS.

67 301 93 347 j
151 287 266 339 meri
287 286 450 332 diversi
472 294 598 345 sunt,
624 289 739 334 ratio
763 295 910 335 tamen
931 290 1145 336 metiendi
1166 289 1456 352 calculosque
1476 293 1672 352 ponendi

75 378 102 396 -’
152 365 290 419 atque
324 358 422 417 ipsa
459 358 591 403 etiam
638 358 772 403 verba
815 358 1002 406 mirifice
1054 362 1171 405 inter
1207 375 1255 406 se
1296 369 1578 421 congruunt,
1622 369 1674 408 ut

157 426 490 490 quodammodo
518 427 866 487 interpretatum
894 443 991 475 esse
1020 430 1141 476 dicas
1166 431 1325 477 Latino
1354 445 1561 478 sermone
1585 432 1673 478 He—

156 499 280 545 ronis
306 497 435 543 locos
461 496 768 543 Columellam.

260 565 400 622 Quam
427 579 523 612 rem
549 579 633 613 nec
667 567 994 629 neglegendam
1032 584 1114 616 nec
1149 572 1272 631 parvi
1299 571 1546 617 faciendam
1572 584 1674 618 esse

158 638 381 684 existimo.
441 636 550 682 Nam
576 651 679 683 cum
707 652 757 684 ea
783 639 1059 699 geometriae
1084 640 1363 687 Heronianae
1389 642 1534 687 forma
1560 654 1675 701 quae

155 710 201 754 in
228 707 358 754 libris
385 721 520 753 manu
549 707 734 767 scriptis
762 715 906 754 exstat
942 709 995 755 ad
1031 712 1218 756 tertium
1253 711 1346 756 sere
1374 711 1601 757 saeculum
1628 726 1672 772 p.

156 778 259 824 Chr.
287 792 330 823 n.
359 776 594 824 reserenda
622 791 723 824 esse
750 779 966 836 videatur,
995 779 1124 826 facile
1152 782 1253 840 quis
1279 782 1426 841 possit
1452 780 1674 841 suspicari

155 850 203 895 in
229 849 312 895 hac
338 850 594 894 recentiore
622 849 767 894 forma
806 863 946 909 paene
985 850 1094 895 nihil
1121 852 1305 910 genuini
1331 850 1501 896 coloris
1528 864 1675 896 serva·

156 925 250 965 tum
288 931 405 964 esse.
478 917 610 974 Quod
645 920 826 964 minime
864 933 1015 965 verum
1052 926 1135 966 est.
1203 920 1311 967 Nam
1347 935 1371 966 e
1407 919 1676 966 Columellae

159 989 339 1050 quidem
366 987 582 1048 exemplis
609 989 909 1050 perspicimus
940 991 1120 1036 eandem
1149 990 1243 1036 sere
1279 991 1558 1049 geometriae
1584 990 1677 1036 for-

158 1073 277 1104 mam
315 1073 429 1120 quae
464 1057 597 1104 nobis
635 1059 680 1104 in
717 1059 922 1105 manibus
959 1067 1028 1106 est
1062 1061 1148 1105 iam
1174 1062 1369 1120 Augusti
1397 1059 1677 1120 temporibus

158 1128 385 1190 vulgatam
412 1129 582 1186 fuisse,
619 1130 738 1175 unde
765 1137 810 1175 et
835 1130 1016 1176 brevior
1051 1137 1121 1176 est
1147 1138 1191 1176 et
1222 1131 1473 1191 expeditior
1499 1130 1676 1176 reditus

157 1213 240 1261 per
270 1201 406 1246 unius
442 1200 611 1246 saeculi
640 1200 835 1261 spatium
861 1200 915 1246 ad
942 1200 1083 1260 ipsam
1111 1200 1304 1247 Heronis
1332 1206 1537 1247 aetatem.
1587 1199 1677 1245 Ali-

160 1277 378 1332 quantum
406 1272 547 1329 igitur
573 1271 704 1316 ail'ert
730 1269 1003 1316 Columellae
1032 1269 1161 1317 locus
1189 1271 1243 1316 ad
1268 1277 1468 1316 nostram
1496 1276 1676 1315 senten·

156 1341 264 1387 tiam
290 1339 668 1398 confirmandam,
706 1340 895 1386 Heronis
922 1342 1199 1400 geometriae
1226 1353 1320 1386 eam
1347 1341 1536 1386 sormam
1563 1352 1678 1399 quae

156 1411 289 1457 nohis
318 1416 493 1456 servata
528 1418 598 1457 est
624 1412 779 1472 paucis
807 1418 982 1456 tantum
1008 1411 1155 1471 iisque
1182 1410 1425 1456 levioribus
1450 1409 1586 1455 rebus
1612 1408 1678 1454 di-

158 1495 332 1527 versam
360 1495 461 1526 esse
489 1480 542 1526 ab
565 1481 752 1541 antiquo
780 1481 923 1541 ipsius
950 1481 1140 1527 Heronis
1166 1481 1302 1527 libros

12 263 14 279 l

19 521 23 529 v
39 516 50 533 ᾖ

28 624 39 674 ζ’

37 762 53 793 ’.ζ

34 818 49 830 ‘A

10 981 31 1113 ξ

12 1120 27 1138 δι

399 1618 465 1658 De
499 1618 730 1668 Frontino,
763 1617 961 1671 Hyyz'no‚
992 1617 1162 1666 Balb0,·
1182 1620 1439 1671 yromaticiS.
1474 1611 1481 1617 ’

269 1706 423 1751 Omnis
460 1707 818 1765 gromaticorum
865 1705 1099 1765 disciplina
1144 1713 1362 1766 quantum
1406 1705 1597 1751 valuerit
1634 1706 1678 1749 in
1708 1696 1826 1749 111*

159 1777 349 1836 imperio
377 1775 574 1821 Romano
604 1782 867 1836 quantoque
901 1782 1131 1821 momento
1166 1776 1337 1848 scripta
1363 1789 1521 1821 eorum
1546 1775 1681 1820 aesti-

162 1846 323 1892 manda
350 1846 467 1902 sint,
496 1846 678 1906 egregie
704 1845 1129 1891 demonstraverunt
1153 1844 1427 1891 Niebuhrius
1454 1845 1620 1904 aliique
1633 1839 1680 1902 ¹).

1933 1748 1942 1771 t

163 1915 452 1977 Quapropter
478 1916 670 1975 insignis
698 1916 842 1975 gratia
870 1915 1060 1960 debetur
1079 1915 1382 1972 Lachmanno‚
1411 1915 1487 1974 qui
1506 1913 1680 1959 infinito

162 2000 308 2048 paene
333 1985 492 2032 labore
519 1993 734 2046 suscepto
762 1985 865 2031 illos
899 1984 1043 2030 libros
1082 1985 1253 2046 primus
1291 1988 1354 2032 ita
1380 1984 1596 2040 ediderit,
1633 1990 1683 2028 ut

163 2059 358 2116 genuina
386 2058 628 2116 scriptura,
657 2062 874 2116 quantum
895 2055 994 2101 fieri
1014 2062 1188 2116 posset,
1216 2058 1551 2102 restitueretur.
1596 2054 1686 2100 Nec

164 2126 308 2173 defuit
334 2126 534 2172 eiusdem
564 2140 701 2187 opera
727 2126 782 2172 ad
807 2125 1074 2171 illustranda
1099 2140 1151 2171 ea
1178 2140 1316 2186 quae,
1356 2125 1557 2186 quamvis
1583 2138 1683 2183 gra-

166 2196 346 2243 vissima
377 2203 558 2254 essent,
596 2210 753 2243 omnes
792 2203 936 2241 tamen
976 2197 1154 2256 priores
1190 2196 1448 2241 latuissent.
1509 2193 1616 2239 Nam
1644 2194 1682 2238 is

164 2268 338 2328 primus
365 2273 573 2312 accurate
600 2266 925 2312 demonstravit
951 2266 1112 2311 Iulium
1139 2267 1438 2322 Frontinum,
1466 2263 1686 2323 antiquis-

164 2337 329 2383 simum
365 2343 410 2382 et
445 2337 802 2382 eruditissimum
839 2338 1110 2396 scriptorem
1147 2336 1201 2381 de
1236 2335 1370 2381 rebus
1406 2332 1685 2393 gromaticis,

164 2406 356 2452 eundem
393 2419 492 2452 esse
528 2413 663 2468 atque
699 2407 823 2452 illum
851 2407 1115 2452 Frontinum
1155 2407 1231 2466 qui
1267 2405 1320 2450 de
1352 2419 1401 2450 re
1428 2403 1608 2448 militari
1635 2416 1687 2449 ac

166 2477 220 2522 de
247 2490 390 2537 aquae
415 2476 626 2523 ductibus
655 2471 896 2537 scripsit²).
957 2476 1170 2536 Aequalis
1208 2476 1347 2533 igitur
1383 2473 1467 2518 suit
1493 2474 1688 2533 impera-

280 2628 322 2682 1)
354 2628 584 2669 Illustrem
608 2626 850 2667 Niebuhrii
872 2625 1019 2665 locum
1043 2624 1098 2664 de
1122 2637 1178 2665 ea
1201 2637 1248 2664 re
1271 2622 1488 2677 scriptum
1511 2624 1689 2674 (Kleine

165 2686 263 2726 hist.
295 2699 336 2728 u.
353 2685 502 2738 philol.
523 2684 648 2725 Schr.
671 2683 716 2723 ΙΙ
747 2696 791 2735 p.
815 2682 886 2727 81)
920 2681 1136 2733 repetivit
1164 2679 1369 2720 Blumius
1400 2681 1447 2720 in
1481 2680 1685 2723 Gromat.

163 2741 256 2782 vol.
286 2741 334 2782 ΙΙ
363 2755 407 2794 p.
439 2743 482 2781 4.
540 2741 607 2780 Ac
645 2742 830 2791 praeter
869 2736 1165 2776 Niebuhrium
1199 2740 1244 2776 et
1274 2736 1372 2789 ipse
1405 2736 1608 2776 Blumins
1642 2740 1687 2776 et

165 2796 335 2847 reliqui
374 2809 529 2838 omnes
571 2807 756 2846 quorum
797 2792 1112 2834 commentarii
1153 2792 1199 2831 in
1232 2790 1377 2832 altero
1409 2793 1684 2845 gromatico-

165 2865 263 2893 rum
312 2853 545 2893 volumine
598 2850 783 2891 collecti
833 2853 937 2888 sunt
985 2847 1161 2888 illorum
1205 2848 1475 2901 scriptorum
1527 2847 1684 2889 laudes

164 2913 403 2951 unxerunt.

280 2965 324 3015 2)
355 2965 410 3007 V.
442 2963 646 3005 Gromat.
678 2962 724 3002 11
755 2975 797 3014 p.
833 2962 909 3002 101
944 2973 977 3001 s.
