1946 3220
0 0 30 31 γι

39 0 121 25 ss*

951 2 961 13 ο
992 0 1023 23 5-
1032 9 1036 13 ,
1047 0 1058 3 --
1069 21 1071 23 ¹
1084 16 1089 32 J
1099 0 1135 18 ss«
1157 0 1235 21 'yfir-u
1253 0 1542 36 ἔῳῖιξᾷὴῆῘ-Ἢῖ,
1660 22 1662 27 ,

1131 39 1134 42 Δ
1270 43 1271 46 ,
1306 34 1318 47 ,-
1365 31 1368 37 ’
1435 31 1440 35 ”
1491 35 1498 43 Α»
1562 35 1571 39 ”
1692 32 1707 49 's

315 190 382 241 86
427 210 494 240 Ex
518 206 782 240 PR1sc1AN1
807 206 964 240 Lumo
990 207 1060 238 DE
1085 205 1296 240 memus
1327 208 1664 242 NUMERORUM.
1704 190 1832 259 [118]
1888 211 1892 214 >
1944 222 1946 225 -

228 331 284 379 17
420 317 649 380 Didymus
681 317 825 365 etiam
864 331 919 364 ea
959 316 1241 365 confirmet:
1282 315 1385 367 ‘mi
1409 315 1645 381 Δίδυμος
1672 317 1730 370 ἐν
1755 323 1830 387 τῷ

312 399 431 462 περὶ
476 401 567 460 τῆς
618 398 763 462 παρὰ
799 398 1075 462 Ῥωμαίοις
1123 398 1423 462 ἀναλογίας.
1499 400 1703 453 «Ἴωνες
1750 403 1834 455 καὶ

312 483 528 534 Ἀττικοὶ
574 483 639 534 τὰ
688 483 785 534 δύο
823 483 973 547 ἥμιςυ
1010 483 1158 547 ἥμιςυ
1196 484 1375 547 τρίτον
1415 484 1602 550 φαςίν,
1650 486 1734 537 καὶ
1768 486 1833 538 τὰ

312 566 365 619 ἓξ
411 565 560 630 ἥμιςυ
606 567 839 620 τάλαντα
887 568 1114 632 ἕβδομον
1154 569 1537 632 ἡμιτάλαντον,
1586 570 1669 622 καὶ
1706 570 1832 622 τοὺς
1902 554 1946 643 ”;

257 657 282 695 5
310 651 559 715 τέςςαρας
596 650 746 715 ἥμιςυ
783 652 966 716 πήχεις
1000 653 1241 716 πέμπτην
1277 654 1558 718 ςπιθαμήν,
1598 654 1833 718 καθάπερ

312 735 467 800 φηςὶν
493 736 797 800 Ἡρόδοτος.
862 737 1120 805 *προθεὶς
1157 737 1219 789 τὸ
1246 738 1329 790 Ἐν
1367 738 1425 789 δὲ
1464 738 1832 803 Βατουςιάδης,

311 819 369 872 ἐν
419 825 495 888 τῷ
543 821 662 885 περὶ
710 824 953 885 μουςικῆς
999 821 1242 887 ἐπιφέρει
1292 821 1482 886 Τρίτον
1530 821 1831 886 ἡμιπόδιον,

311 905 428 957 ἀντὶ
464 908 559 957 τοῦ
598 905 697 956 δύο
735 905 884 969 ἥμιςυ
923 905 1099 958 πόδες.
1162 907 1245 958 καὶ
1282 907 1513 959 καθόλου
1550 907 1681 960 ὅταν
1710 908 1831 973 βού-

310 992 507 1042 λωνται
545 989 766 1054 ἀριθμόν
803 1008 918 1043 τινα
967 992 1166 1054 δηλοῦν
1214 991 1296 1042 καὶ
1344 991 1529 1055 μόριόν
1577 1010 1624 1044 τι
1670 1009 1831 1057 προς-

227 1081 279 1119 10
310 1075 569 1138 κείμενον,
607 1075 669 1126 τὸ
708 1074 997 1139 ὁμώνυμον
1035 1078 1131 1127 τοῦ
1171 1075 1393 1139 ἀριθμοῦ
1433 1075 1512 1128 ἀεὶ
1548 1080 1644 1128 τοῦ
1671 1079 1831 1129 πλεο-

307 1159 566 1213 νάζοντος
603 1159 858 1223 λαβόντες
895 1160 956 1211 τὸ
985 1159 1116 1212 ὅλον
1145 1160 1341 1225 φαςίνέ
1369 1160 1487 1213 οἷον
1513 1161 1578 1212 τὰ
1605 1161 1658 1214 ἓξ
1683 1158 1832 1225 ἥμιςυ

308 1244 537 1308 ἕβδομον
575 1243 724 1307 ἥμιςύ
764 1261 948 1309 φαςιν,
988 1247 1083 1295 τοῦ
1123 1244 1257 1296 ἑπτὰ
1296 1244 1600 1312 [ἑβδόμου],
1641 1246 1702 1298 ὃς
1740 1262 1832 1310 μο-

222 1339 280 1386 18
310 1329 429 1381 νάδι
467 1328 749 1382 πλεονάζει
785 1331 882 1380 τοῦ
911 1327 981 1391 ἕξ,
1021 1329 1083 1380 τὸ
1111 1328 1396 1392 ὁμώνυμον
1424 1329 1691 1394 λαβόντες.
1750 1331 1833 1381 καὶ

306 1413 555 1477 Ῥωμαῖοι
593 1414 651 1465 δὲ
691 1412 1065 1477 εὑρεθήςονται
1102 1413 1278 1481 τούτῳ
1319 1414 1586 1478 χρώμενοι
1610 1418 1684 1482 τῷ
1714 1414 1831 1478 ςχή-
1901 1400 1946 1428 ⁵³

226 1513 285 1552 15
309 1513 439 1561 ματι.
501 1497 565 1549 τὰ
602 1497 703 1561 γὰρ
742 1497 840 1548 δύο
878 1497 1027 1561 ἥμιςυ
1066 1497 1298 1562 ἀςςάρια,
1337 1497 1472 1562 ἅπερ
1510 1497 1575 1560 ἦν
1612 1499 1831 1561 τέςςαρα

306 1584 401 1633 τοῦ
439 1582 693 1645 δηναρίου
725 1612 782 1617 -
814 1581 940 1632 δέκα
975 1582 1078 1645 γὰρ
1114 1583 1348 1645 ἠδύνατο
1389 1581 1604 1646 ἀςςάρια
1641 1583 1703 1634 τὸ
1743 1586 1831 1646 δη-

306 1666 514 1730 νάριον,
555 1666 629 1716 ὡς
667 1665 818 1717 αὐτοὶ
856 1667 1097 1727 λέγουςιν
1126 1667 1411 1731 δηναρίου(
1436 1667 1582 1729 παρὰ
1608 1667 1669 1718 τὸ
1697 1669 1832 1729 δῆνα

309 1750 733 1814 ἐςχηματιςμένοι
776 1781 833 1787 ——
878 1751 1214 1814 ςηςτέρτιούμ
1262 1767 1449 1816 φαςιν7
1498 1754 1594 1802 τοῦ
1640 1752 1734 1814 μὲν
1773 1752 1830 1814 εὴ

305 1835 366 1886 τὸ
394 1834 543 1898 ἥμιςυ
571 1836 883 1898 δηλοῦντος,
925 1835 997 1885 ὡς
1027 1834 1084 1886 ἐν
1110 1839 1185 1904 τῷ
1216 1835 1517 1898 ςημόδιουμ,
1558 1836 1830 1899 ςήςκουαςη

223 1935 277 1974 20
309 1919 634 1982 ςήςκουπλα,
682 1921 778 1970 τοῦ
827 1919 885 1970 δὲ
932 1919 1175 1983 τέρτιουμ
1219 1920 1281 1971 τὸ
1319 1919 1524 1983 τρίτον,
1571 1920 1654 1970 καὶ
1694 1919 1828 1971 ἔςτιν

307 2003 454 2066 ἥμιςυ
501 2004 699 2067 τρίτον.
773 2003 839 2055 τὰ
879 2004 936 2055 δὲ
974 2003 1113 2067 χίλια
1160 2004 1429 2067 ςηςτέρτια
1476 2006 1619 2055 ποιεῖ
1655 2005 1829 2055 διακό-

310 2105 390 2139 ςια
436 2088 767 2150 πεντήκοντα
814 2087 1037 2151 δηνάρια
1084 2087 1314 2152 ἀργυρᾶ,
1377 2087 1501 2138 δέκα
1550 2090 1607 2139 δὲ
1647 2091 1829 2152 χρυςᾶ,

308 2172 442 2236 ἅπερ
492 2172 574 2223 καὶ
623 2172 771 2235 μἰλλε
822 2173 1073 2235 νούμμως
1122 2172 1294 2236 φαςίν.
1369 2172 1430 2223 τὸ
1478 2172 1537 2223 δὲ
1576 2173 1829 2234 ςήςκουας

310 2257 563 2308 ςύνθετόν
614 2256 747 2308 ἐςτιν
797 2255 905 2307 ἀπὸ
953 2258 1049 2307 τοῦ
1089 2257 1146 2319 ςὴ
1186 2256 1270 2306 καὶ
1306 2247 1402 2307 τοῦ
1443 2256 1574 2320 κοὺμ
1612 2257 1696 2307 καὶ
1732 2259 1829 2308 τοῦ

225 2356 278 2395 25
309 2342 370 2393 ἂς
417 2340 580 2403 ἄςςις,
627 2341 710 2391 καὶ
757 2339 891 2392 ἕςτιν
937 2339 1086 2403 ἥμιςυ
1126 2341 1218 2392 ςὺν
1258 2339 1512 2407 ἀςςαρίψ,
1563 2342 1827 2393 τουτέςτιν

308 2427 365 2478 ’ἐν
414 2425 562 2488 ἥμιςυ
614 2423 875 2488 άςςάριον.
954 2424 1226 2488 ὥςπερδὲ
1261 2425 1547 2488 ἡμέδιμνον
1589 2426 1828 2486 λέγουςιν

309 2510 524 2562 Ἀττικοὶ
562 2508 678 2560 ἀντὶ
714 2511 810 2560 τοῦ
849 2508 1206 2572 ἡμιμέδιμνον,
1247 2508 1420 2560 οὕτως
1458 2510 1540 2561 καὶ
1571 2508 1718 2561 οὗτοι
1745 2526 1830 2573 ςη-

309 2595 557 2657 μόδιουμ,
596 2593 995 2645 πλεονάζοντος
1031 2595 1128 2644 τοῦ
1168 2609 1232 2644 c.»

426 2782 463 2816 l.
497 2778 689 2818 didimus
711 2776 776 2828 6¹,
799 2778 879 2816 sed
896 2789 926 2828 y
947 2790 1059 2818 corr.
1151 2773 1830 2817 ΚΑΤΟΙΔΙΜΟΕΕΝΤΟΠΕΡΙ-

311 2843 765 2898 ΤΕΕΥΠΑΡΑΦΟΝ,
798 2848 959 2887 omissis
989 2848 1162 2899 reliquis
1188 2847 1363 2886 Graecis
1393 2859 1519 2899 usque
1551 2847 1609 2885 ad
1631 2847 1768 2896 finem,
1795 2846 1830 2887 G

315 2917 380 2956 18.
412 2914 782 2967 ἑςχηματιςμένοι
813 2930 926 2957 corr.
959 2917 1230 2968 SpengeliuS,
1271 2913 1680 2968 ἐςχηματιςμένους
1710 2919 1829 2969 vulgo
1908 2902 1915 2932 ³

315 2987 381 3029 18.
414 2997 465 3037 ςη
498 2991 538 3026 et
569 2988 637 3026 24.
669 2997 720 3038 ςη
754 2992 794 3026 et
826 2998 942 3038 κουμ
973 2988 1138 3027 Keilius
