1946 3220
560 140 880 176 scssmromzs
913 140 1168 176 Gnaeos,
1556 125 1626 178 33

99 254 240 301 dubio
278 253 549 314 interpolata
587 261 694 299 sunt
733 254 890 301 verba:
927 251 1157 303 καλεῖται
1182 251 1242 303 δὲ
1269 251 1354 303 καὶ
1379 252 1626 316 ξυλοπρῑ-

0 329 18 364 Ἃ
100 319 273 374 (τικὸε
298 323 486 384 πῆχυς.
533 323 655 380 Quae
685 331 780 370 tum
807 325 955 372 addita
982 331 1115 384 sunt,
1151 340 1254 372 cum
1276 326 1476 387 vulgaris
1501 327 1627 374 cubi·

104 402 176 441 tus
220 395 413 442 duorum
455 395 621 456 pedum
666 402 790 454 erat,
837 403 964 442 vetus
1007 403 1158 442 autem
1205 410 1417 444 mensura
1453 404 1626 444 tantum

100 466 146 512 in
184 465 410 526 lapidibus
458 472 503 511 et
539 465 676 525 liguis
717 467 952 512 metiendis
989 466 1256 514 servabatur
1290 467 1398 528 (tab.
1437 468 1496 528 V,
1534 468 1623 528 11).

0 571 3 580 .
34 531 43 550 ⁷
99 536 263 582 Deinde
296 536 430 582 verba
462 532 493 596 ἡ
529 532 588 584 δὲ
621 530 786 585 ἄκενα
821 532 930 597 ἔχει
965 532 1138 586 πόδας
1172 532 1569 599 Φιλεταιρείουε
1593 533 1623 586 ι’

98 602 215 665 ἤτοι
243 601 538 655 δακτύλους
573 600 647 668 ρξ’
674 606 722 666 (3
752 604 819 671 19)
861 608 1162 669 suspitionem
1190 617 1386 655 movent.
1436 609 1545 656 Nam
1580 617 1625 656 et

98 676 240 723 aliena
264 684 371 723 sunt
397 677 451 723 ab
478 679 566 725 hoc
588 677 690 724 loco
719 684 765 724 et
791 685 921 724 antea
947 678 995 738 (3
1024 678 1093 738 16)
1120 679 1272 725 eadem
1299 694 1514 727 mensura
1536 682 1625 727 iam

99 748 320 808 explicata
341 754 424 794 est.
478 747 600 803 Quae
622 749 801 808 quidem
821 748 913 795 illic
937 743 1173 808 κάλαμος
1198 749 1388 806 dicitur3
1417 752 1495 797 sed
1514 750 1625 798 alte·

99 833 199 864 rum
236 832 401 864 nomen
435 813 650 876 ἄκαινα,
691 821 731 865 si
772 820 950 865 initium
988 819 1167 866 tabulae
1203 819 1455 867 contuleris
1480 821 1528 880 (3
1561 821 1623 880 4),

95 889 254 935 eodem
281 889 400 947 loco,
429 904 519 951 quo
549 885 809 949 κάλαμος,
839 889 945 936 olim
972 891 1192 951 scriptum
1216 891 1359 937 fuisse
1386 891 1517 938 facile
1543 892 1626 938 tihi

95 960 403 1021 persuadebis.
451 960 651 1021 Denique
689 968 886 1007 extrema
921 960 1054 1007 verba
1083 958 1128 1021 (3
1154 960 1255 1021 20);
1296 956 1435 1010 ἀλλὰ
1458 960 1625 1010 ταῦτα

96 1027 191 1090 μὲν
217 1026 347 1078 κατὰ
365 1027 461 1091 τὴν
485 1027 718 1079 παλαιὰν
745 1026 968 1079 ἔκθεειν·
992 1028 1089 1092 τὴν
1116 1028 1174 1080 δὲ
1200 1030 1300 1082 νῦν
1325 1032 1623 1093 κρατοῦεαν

94 1096 317 1162 δύναμιν
345 1096 403 1150 ἐν
427 1099 541 1150 τοῖς
573 1097 871 1162 προοιμίοις
894 1101 992 1150 τοῦ
1022 1098 1189 1161 λόγου
1212 1097 1542 1164 ὑπετάξαμεν
1568 1103 1624 1150 ab

95 1171 175 1218 illo
222 1173 298 1233 qui
344 1173 642 1219 recentiorem
679 1173 923 1219 Heroniani
959 1176 1110 1235 operis
1147 1174 1391 1221 editionem
1429 1175 1627 1222 confecit

93 1242 243 1289 addita
268 1256 370 1289 esse
397 1244 494 1304 ipsa
520 1258 594 1289 res
622 1243 834 1290 declarat.

548 1395 612 1434 De
643 1394 786 1435 tabula
817 1396 1070 1435 Heronitzna
1098 1395 1170 1435 II.

196 1480 556 1528 Vetustissimam
594 1481 790 1529 tabulam
819 1483 1118 1528 Heronianam
1151 1482 1205 1527 de
1239 1497 1326 1543 qua
1357 1483 1501 1530 adhuc
1530 1482 1621 1529 dis·
1650 1476 1707 1524 21

93 1552 320 1598 seruimus
356 1553 402 1597 in
442 1552 569 1598 libris
595 1567 730 1598 manu
756 1554 938 1614 scriptis
966 1551 1111 1599 simile
1143 1553 1445 1614 fragmentum
1472 1555 1624 1615 sequi-

99 1629 172 1669 tur
196 1623 327 1669 uncia
343 1623 649 1669 Romanorum
667 1638 878 1669 mensura
902 1623 1208 1670 memorabile.
1256 1624 1303 1669 ln
1321 1625 1408 1670 hoc
1426 1624 1623 1684 primum

88 1708 210 1756 quae
246 1701 502 1754 congruant
534 1709 635 1741 cum
662 1693 740 1741 illa
772 1695 916 1756 prima
942 1693 1123 1752 tabula,
1156 1694 1315 1751 deinde
1346 1708 1474 1763 quae
1489 1695 1544 1741 ab
1571 1709 1624 1742 ea

93 1760 327 1825 differant,
368 1764 613 1811 videamus.
662 1765 826 1812 Eadem
855 1766 1038 1812 omnino
1067 1773 1174 1811 sunt
1199 1780 1516 1811 mensurarum
1542 1781 1625 1814 no-

94 1835 241 1893 mina,
278 1835 458 1881 eaedem
484 1843 667 1882 mutuae
696 1851 851 1881 earum
884 1839 1109 1892 rationes3
1142 1836 1221 1882 sed
1253 1836 1420 1882 omissa
1447 1843 1554 1882 sunt
1579 1843 1625 1882 et

94 1919 330 1952 mensurae
353 1921 464 1966 quas
495 1907 682 1967 proprie
708 1907 954 1968 Aegyptias
985 1907 1203 1952 diximus:
1240 1901 1429 1964 Ξύλον,
1464 1901 1623 1966 ἅμμα,

96 1974 309 2036 (χοῖνοε
322 1972 726 2039 (παραεάγγηε),
748 1985 793 2022 et
819 1977 1063 2024 nonnullae
1089 1977 1282 2023 Graecae
1307 1979 1456 2023 minus
1485 1978 1626 2022 usita-

97 2055 190 2094 tae:
216 2044 380 2106 διχάε,
393 2044 599 2120 πυγών,
614 2043 849 2097 δίαυλον.
868 2048 1000 2094 Pedis
1020 2048 1200 2094 modum
1218 2048 1405 2108 perinde
1422 2054 1558 2108 atque
1578 2049 1624 2094 in

94 2119 239 2179 prima
260 2118 410 2164 tabula
434 2106 764 2165 Philetaereum
789 2132 889 2165 esse
915 2133 970 2166 ex
995 2132 1184 2166 acaenae
1211 2118 1472 2164 definitione
1491 2116 1539 2177 (3
1555 2118 1624 2177 10)

94 2188 379 2249 colligimus3
407 2190 526 2235 unde
555 2192 689 2236 etiam
714 2192 760 2235 in
791 2189 881 2236 fine
907 2204 992 2250 pro
1022 2197 1236 2250 corrupta
1262 2189 1488 2250 scriptura
1513 2200 1623 2236 Cte—

94 2256 253 2319 ρεού(
289 2262 384 2306 sine
420 2260 557 2306 dubio
593 2256 985 2321 Φιλεταῑρείου(
1022 2268 1091 2306 est
1126 2260 1470 2306 restituendum.
1537 2259 1624 2305 Sed

93 2338 327 2390 praeterea
353 2331 602 2377 Romanum
637 2346 819 2392 quoque
856 2332 1014 2393 pedem
1042 2333 1086 2376 in
1118 2331 1269 2377 eadem
1299 2330 1449 2377 tabula
1479 2329 1623 2376 latere

94 2401 231 2446 certis
262 2401 516 2448 rationibus
544 2403 780 2448 evincitur.
832 2402 942 2448 Nam
970 2410 1015 2447 et
1040 2397 1211 2461 μίλιον
1240 2398 1294 2462 (S
1322 2400 1392 2459 14)
1422 2402 1623 2461 quinque

94 2470 216 2518 milia
242 2471 406 2531 pedum
432 2471 599 2518 habere
625 2473 816 2531 dicitur,
845 2474 922 2533 qui
948 2472 1086 2533 pedes
1114 2478 1218 2517 sunt
1242 2471 1456 2528 Romani,
1483 2477 1529 2516 et
1554 2472 1623 2516 iu-

95 2555 251 2602 gerum
278 2541 325 2601 (3
358 2538 421 2603 12)
452 2542 506 2588 ad
534 2543 717 2589 eandem
745 2542 948 2603 pedalem
972 2556 1230 2588 mensuram
1254 2540 1484 2599 delinitur,
1513 2556 1623 2602 qua-

95 2620 286 2673 propter
315 2614 403 2659 hoc
438 2612 540 2659 loco
575 2609 637 2660 τὸ
669 2608 1001 2672 Ἑλληνικόν,
1044 2612 1164 2672 quod
1209 2611 1344 2657 modo
1387 2606 1622 2676 πλέθρῳ,

96 2683 370 2731 Graecorum
406 2698 669 2741 mensurae,
708 2691 832 2730 recte
866 2683 1126 2744 appositum
1162 2683 1278 2741 suit,
1320 2682 1375 2728 ad
1413 2683 1621 2743 iugerum

94 2850 305 2903 Denique
346 2864 374 2891 a
410 2849 700 2902 Du-Cangio
750 2850 798 2890 in
851 2849 1001 2890 Gloss.
1047 2848 1166 2893 med.
1207 2853 1254 2890 et
1290 2847 1375 2892 inf.
1416 2848 1622 2892 Graecit.

97 2905 382 2949 (κούτλωειε
443 2906 720 2960 explicatur:
782 2905 1051 2958 scutulam,
1112 2906 1255 2948 vestis
1304 2909 1619 2958 praetextum,

98 2963 283 3016 instita,
316 2968 532 3004 ornatura
562 2964 609 3003 in
640 2964 733 3003 ima
762 2962 905 3004 vestis
935 2966 1083 3016 parte.

156 3045 333 3075 SCRIPT.
367 3047 568 3076 METROL.
602 3046 635 3078 Ι.
1333 3029 1366 3081 3
