1946 3220
281 141 382 178 XVI
868 137 1160 174 PRAEFATIO
1198 137 1256 172 ΙΝ

281 259 335 304 ad
359 251 564 305 δώδεκα
597 263 747 302 autem
774 252 1067 313 repetendum
1105 264 1205 297 esse
1232 246 1471 310 μοδίων.’,
1503 248 1558 297 V.
1582 253 1638 299 fr.
1667 256 1750 314 85,
1780 260 1807 299 2

281 336 394 374 extr.
422 353 485 360 -—
513 327 561 372 P.
586 330 697 382 261,
724 331 744 372 1
775 317 958 383 βάθος]
989 320 1055 366 Di
1089 322 1236 367 tenuit
1269 322 1503 382 vulgatum
1529 318 1711 382 βάὸου.
1736 350 1807 360 --

279 403 321 443 5.
352 390 715 458 παρήχθηεαν]
744 395 897 438 ‘immo
923 386 1185 451 παρήχθη’
1209 391 1286 437 Di.
1313 417 1373 425 -
1397 395 1436 439 6.
1457 387 1614 457 αὐτῇ]
1640 391 1804 460 ταύτῃ

280 469 345 514 Di
378 469 560 527 scripsit
590 480 612 510 e
648 463 792 520 coni.‚
835 461 1091 522 ibidemque
1126 458 1306 522 μναεὶε
1341 476 1425 522 pro
1463 461 1708 524 μαναεὴε.
1740 491 1801 500 -

281 544 319 582 7,
358 535 416 585 δὲ
454 531 599 597 δέκα]
636 532 869 593 vulgatum
901 528 960 580 δὲ
991 529 1076 579 καὶ
1116 534 1307 579 servavit
1341 533 1418 580 Di.
1450 559 1517 567 —-—
1553 537 1621 580 12.
1654 530 1806 595 ἥμιευ

278 609 365 665 Di,
394 615 443 651 ut
467 605 619 665 vulgo.
644 629 714 638 --
739 606 807 648 14.
837 597 992 650 εάτοε
1017 601 1084 648 De·
1106 599 1289 664 ((άτον
1320 603 1375 662 Β,
1403 612 1455 650 ut
1485 604 1647 665 vulgo,
1676 617 1802 654 conte

276 675 326 738 l).
358 702 420 709 ——
450 679 518 721 18.
548 672 659 723 δεῖν
686 670 745 722 δὲ
775 668 871 736 ἔτι]
905 672 1136 732 vulgatum
1162 669 1248 721 διὰ
1277 671 1335 721 δὲ
1361 673 1457 722 τοῦ
1486 676 1699 736 repetivit
1723 676 1805 722 Di.

282 774 338 780 —
365 750 435 791 26.
461 741 566 809 καὶ]
584 742 616 805 ἢ
643 744 720 789 Di.
753 770 810 776 —
841 746 908 788 23.
930 738 1124 804 ηὑρέθη
1153 744 1231 790 Di.
1265 770 1323 776 —
1351 745 1399 790 P.
1423 747 1524 803 262,
1553 750 1578 788 7
1604 741 1663 798 ἐν
1690 744 1803 794 ταῖς

274 812 349 878 κβ’
382 812 575 878 βίβλοις
600 815 678 862 Di.
706 839 776 847 ———
802 817 842 859 8.
869 809 991 874 ἡμῖν
1018 809 1341 875 ἐγενήθηεαν
1371 815 1437 860 Da·
1466 829 1518 860 ex
1543 816 1586 873 1,
1619 817 1715 862 sine
1739 817 1807 863 la-

277 902 416 935 cunae
451 895 572 934 nota.
607 912 678 921 --
714 889 781 930 11.
818 885 878 931 De
915 880 1095 944 μέντοι
1136 886 1220 944 (sic
1254 886 1388 931 etiam
1423 885 1533 945 Di),
1578 887 1805 948 Aegyptia

275 960 412 1005 modii
439 957 770 1018 appellatione,
798 956 885 1002 adii
911 955 1323 1018 locupletissimum
1349 956 1395 1002 in
1419 956 1507 1003 hoc
1532 970 1699 1018 genere
1725 971 1805 1004 au-

276 1037 446 1076 ctorem
471 1029 519 1073 R.
543 1028 840 1088 Lepsium‚
867 1026 1093 1087 simulque
1121 1029 1318 1087 quaesivi
1345 1027 1400 1073 de
1419 1027 1656 1088 Aegyptiis
1681 1028 1804 1075 voci-

275 1100 359 1145 bus
392 1094 445 1147 ἵν
471 1098 538 1144 vel
571 1092 711 1148 ἰ’νιον
746 1097 817 1144 vel
841 1090 981 1146 ‘ivtov
1012 1097 1085 1156 (fr.
1114 1100 1196 1157 60,
1224 1101 1294 1144 23.
1332 1099 1413 1157 78,
1440 1101 1508 1142 20.
1547 1099 1631 1157 82,
1660 1094 1730 1161 28)
1760 1105 1807 1150 et

275 1164 434 1230 ὀρτόβ
460 1168 533 1228 (fr.
560 1172 632 1228 84,
662 1169 748 1227 11).
796 1167 862 1214 Ad
893 1182 1007 1228 quae
1030 1169 1098 1214 vir
1124 1168 1320 1214 illustris
1348 1167 1668 1214 humanissime
1692 1169 1806 1215 haec

273 1241 367 1286 fere
394 1238 651 1301 respondit:
688 1239 831 1284 videri
858 1253 908 1285 ea
936 1239 1150 1285 vocabula
1177 1239 1323 1285 adhuc
1360 1239 1406 1284 in
1433 1238 1618 1298 Coptica
1647 1237 1805 1299 lingua

274 1317 469 1366 exstare;
521 1325 625 1357 nam
659 1303 712 1359 't'v
752 1304 941 1371 (ἴνιον,
989 1304 1157 1372 ἵνιον)
1192 1309 1485 1356 derivandum
1518 1321 1618 1354 esse
1657 1322 1710 1354 ex
1744 1319 1803 1356 πι

273 1378 413 1442 ρνοῖ)
443 1377 598 1443 (leno),
625 1382 655 1427 i.
681 1395 722 1427 e.
750 1394 868 1436 vas‚·
901 1388 997 1426 tum
1023 1375 1231 1440 μέντοι,
1257 1380 1335 1426 ubi
1360 1391 1410 1427 οι
1435 1381 1495 1425 sit
1520 1379 1688 1425 Graeca
1713 1385 1805 1424 ter·

271 1453 481 1514 minatio,
514 1466 614 1498 esse
639 1449 875 1512 Copticum
902 1463 960 1499 πι
987 1462 1115 1510 μεντ
1141 1450 1342 1512 (generis
1366 1446 1547 1512 masc),
1576 1450 1605 1494 i.
1631 1463 1673 1496 e.
1699 1462 1802 1495 mo-

274 1525 406 1579 dius3
445 1523 638 1583 denique
673 1516 835 1583 ὀρτόβ
869 1524 915 1567 in
944 1522 1098 1567 eadem
1122 1521 1314 1568 dialecto
1341 1534 1503 1567 sonare
1528 1532 1587 1568 πι
1611 1518 1800 1580 ερτωβ,

274 1593 458 1654 ερτοβ,
500 1605 696 1654 ερτοπ--,
736 1595 767 1638 i.
793 1607 830 1638 e.
858 1593 1050 1639 artaba.
1109 1592 1188 1638 His
1215 1593 1359 1654 igitur
1385 1591 1569 1637 omnino
1597 1603 1650 1637 ea
1681 1603 1803 1637 com-

273 1664 524 1723 probantur
561 1677 674 1725 quae
698 1664 978 1725 Epiphanius
1005 1662 1261 1724 reliquique
1289 1662 1442 1709 Graeci
1470 1655 1720 1723 scriptores
1746 1661 1802 1706 de

272 1734 371 1780 istis
409 1737 633 1781 mensuris
678 1735 874 1781 tradunt.
934 1734 1061 1780 Addo
1100 1735 1282 1780 minime
1315 1733 1590 1780 haerendum
1623 1742 1722 1777 esse
1756 1731 1804 1776 in

272 1805 511 1851 verborum
539 1813 770 1852 structura
794 1820 908 1866 quae
933 1813 1003 1851 est
1031 1805 1150 1866 apud
1175 1804 1499 1866 Epiphanium:
1532 1796 1805 1859 Αἰγύπτιοι

270 1870 448 1934 μέντοι
473 1874 636 1924 τοῦτο
659 1873 898 1925 καλοῦειῖ
927 1890 1030 1922 nam
1056 1881 1101 1920 et
1126 1874 1316 1935 pluralis
1339 1873 1550 1921 convenit
1576 1883 1679 1916 cum
1701 1868 1803 1927 plu-

272 1944 354 1991 rali
382 1941 537 2005 μόδιοι
562 1947 640 2007 qui
665 1947 824 1992 eodem
849 1947 954 1992 loco
983 1946 1054 1990 bis
1088 1945 1259 2002 legitur
1284 1944 1363 2000 (vs.
1389 1944 1416 1984 9
1442 1947 1486 1985 et
1515 1939 1611 1997 12),
1650 1944 1694 1982 et
1717 1950 1803 1982 no-

273 2015 533 2062 minativum
564 2023 720 2063 tuetur
746 2015 1103 2077 Epiphanianum
1139 2013 1195 2058 fr.
1224 2014 1306 2070 83,
1335 2015 1415 2056 15:
1455 2005 1549 2057 οὓ(
1575 2002 1803 2067 νουμμοὶ

200 2136 206 2140 ,
273 2081 497 2136 ἐκάλουν
537 2081 645 2135 ἀπὸ
683 2082 918 2146 Νούμμα.
952 2110 1023 2119 -
1049 2087 1117 2129 21.
1145 2090 1256 2145 post
1289 2075 1589 2139 Αἰγυπτίοις
1614 2084 1803 2138 apparet

275 2156 429 2202 deesse
459 2153 644 2218 ὀρτόβε
679 2157 778 2204 vide
804 2158 860 2202 fr.
887 2159 959 2214 84,
989 2159 1056 2201 11.
1085 2178 1153 2187 ——-
1177 2159 1247 2198 27.
1275 2149 1337 2201 τό
1363 2148 1418 2200 δ’
1444 2145 1575 2199 αὐτὸ
1605 2142 1801 2209 μέτρον

274 2226 358 2282 Dz'3
386 2227 620 2274 delendum
646 2228 789 2288 igitur
815 2227 1008 2274 alterum
1034 2221 1099 2274 τὸ
1124 2227 1170 2271 in
1194 2237 1295 2270 meo
1324 2223 1456 2269 libro.
1489 2242 1558 2254 -—-
1585 2219 1633 2264 P.
1654 2220 1755 2275 263,
1777 2219 1803 2261 3

274 2291 559 2358 ἐγκρυφίας
587 2292 800 2358 ἄρτους,
827 2298 949 2359 quod
965 2298 1173 2343 Petavius
1200 2293 1414 2351 coniecit,
1439 2290 1612 2351 recepit
1636 2288 1711 2334 Di.
1733 2312 1804 2320 --

274 2370 314 2411 4.
340 2371 381 2412 5.
409 2363 578 2429 γόμον
603 2369 692 2427 Di,
731 2377 782 2415 ut
809 2369 976 2429 vulgo3
1013 2369 1123 2414 item
1157 2369 1196 2420 6.
1225 2361 1422 2415 ξεετῶν
1450 2369 1496 2409 ct
1521 2362 1589 2406 19.
1615 2355 1679 2408 τὸ
1705 2357 1803 2417 (ubi

277 2451 360 2496 ego
395 2450 444 2486 τι
479 2437 685 2503 correxi).
712 2465 773 2473 —
801 2443 869 2484 22.
907 2434 1142 2499 μεδεκὼθ
1178 2435 1255 2482 Di.
1286 2459 1345 2469 -—
1375 2437 1447 2479 25.
1482 2422 1802 2493 ἀμφότεροι]

277 2501 550 2568 ἀμφότερα
586 2509 663 2556 Di.
698 2536 767 2542 -
796 2510 844 2555 P.
876 2511 987 2567 264,
1024 2511 1047 2551 1
1071 2499 1492 2565 ’Ἀλεξανδρῖνοε
1528 2501 1687 2548 suadet
1721 2497 1799 2554 Di,

278 2576 482 2636 idemque
507 2580 575 2623 15.
598 2574 1034 2640 Ἀλεξανδρίνων,
1058 2577 1138 2624 ubi
1168 2591 1191 2623 e
1221 2576 1349 2622 libris
1375 2575 1469 2621 suis
1495 2571 1634 2618 edidit
1659 2564 1802 2616 Ἀλε-

279 2644 698 2703 ξανδρεινῶν.--
722 2651 767 2694 Ρ.
790 2653 926 2710 265,1
954 2656 1063 2697 nota
1087 2648 1304 2710 quaedam
1330 2660 1383 2692 ex
1408 2644 1507 2692 cod.
1530 2642 1672 2688 Paris,
1689 2641 1801 2684 2665

392 2768 434 2820 2)
475 2767 670 2821 Coptica
707 2773 934 2814 vocabula
974 2771 1167 2815 Graecis
1202 2769 1375 2811 litteris
1414 2764 1659 2819 descripsi,
1699 2774 1803 2803 cum

279 2822 391 2875 ipsis
440 2822 649 2876 Copticis
707 2826 865 2868 formis
914 2829 1106 2870 officina
1160 2829 1357 2869 careret.
1435 2824 1498 2865 Et
1546 2818 1803 2862 concedent

191 2901 194 2903 Δ
281 2890 437 2919 omnes
475 2879 636 2920 harum
674 2893 823 2922 rerum
859 2885 999 2936 periti
1036 2886 1110 2925 his
1148 2884 1280 2925 novis
1308 2881 1433 2935 typis
1462 2874 1802 2919 Teubnerianis

279 2936 595 2987 percommode
627 2936 871 2991 plerasque
901 2938 1120 2992 Copticas
1150 2940 1333 2981 litteras
1365 2934 1557 2991 exprimi
1586 2943 1738 2986 posse.
1810 2952 1812 2954 >
