1946 3220
551 128 877 163 SCRIPTORES
906 128 1170 163 GRAECOS.
1554 114 1623 167 63

95 244 172 305 qui
207 256 367 289 novem
403 242 631 288 Romanos
669 242 844 288 modios
883 242 1114 303 capiebat,
1157 243 1321 303 exiguo
1362 243 1623 292 discrimine

93 316 314 360 minorem
348 326 450 359 esse
479 312 796 359 intellexerunt
822 327 876 358 eo
913 314 1061 374 spatio
1091 313 1212 374 quod
1246 314 1419 361 solidus
1442 315 1622 362 cubitus

92 385 317 431 Romanus
351 382 575 444 impleret.
633 383 746 430 Hinc
780 398 887 429 suae
925 384 1168 444 amphorae
1195 383 1491 432 similitudine
1529 400 1622 432 me·

92 455 292 501 dimnum
341 455 395 500 ad
428 453 554 500 illum
589 456 738 515 ipsum
775 454 957 501 modum
995 463 1230 503 auxerunt.
1302 455 1411 503 Nam
1447 463 1498 502 ut
1531 471 1621 503 am·

90 526 235 587 phora
260 527 353 571 sive
379 524 644 586 quadrantal
680 525 841 586 pedis
866 524 1054 572 Romani
1079 526 1227 574 cubici
1253 529 1449 588 spatium
1473 529 1620 574 conti-

90 596 250 654 nebat,
289 598 351 642 ita
377 603 472 642 tum
512 595 776 642 cubitale
812 596 1036 656 quoddam
1063 598 1329 656 quadrantal
1357 598 1619 656 effecerunt,

88 674 135 713 et
162 666 535 728 quemadmodum
562 667 779 728 amphora
802 666 999 713 Romana
1027 668 1075 712 in
1099 674 1223 714 tres
1258 668 1447 715 modio
1464 683 1485 714 s
1511 669 1621 715 divi-

88 737 295 795 debatur,
323 739 386 784 ita
410 738 565 784 cubito
598 737 744 784 solido
773 739 863 783 sive
887 739 1111 799 Aegyptio
1140 738 1422 798 quadrantali
1449 739 1620 785 tribue·

88 816 193 854 runt
230 815 354 854 tres
391 822 571 854 novas
609 809 858 854 artabas.
908 808 1053 854 Porro
1087 823 1188 855 cum
1226 808 1407 856 cubitus
1445 809 1617 855 solidus

87 886 269 940 caperet
294 879 471 925 modios
499 879 680 939 decem⁷
712 894 826 925 nova
852 878 1007 925 artaba
1031 879 1226 926 habebat
1253 880 1430 926 modios
1456 887 1549 926 tres
1575 887 1618 925 et

86 951 311 996 trientem.
362 948 489 1005 Quod
524 956 670 996 autem
708 950 861 996 eadem
898 949 1051 996 artaba
1078 950 1298 997 Graecum
1324 951 1485 1011 pedem
1512 950 1619 997 soli-

86 1020 191 1066 dum
235 1020 484 1082 aequabat,
543 1021 587 1066 id
627 1035 719 1066 non
768 1027 857 1067 tam
904 1019 1097 1066 consilio
1136 1022 1443 1068 Romanorum
1485 1036 1616 1082 quam

87 1099 250 1152 sponte
277 1099 323 1138 et
348 1093 619 1138 necessitate
646 1092 835 1152 quadam
861 1092 1028 1138 factum
1057 1106 1159 1138 esse
1185 1092 1387 1152 videtur,
1426 1099 1477 1138 ut
1501 1092 1618 1138 infra

85 1163 131 1207 in
153 1162 444 1209 adnotatione
472 1176 689 1224 exponam
701 1159 752 1226 ⁶).

190 1233 278 1279 lam
321 1247 478 1279 eorum
517 1248 632 1294 quae
667 1234 755 1279 dixi
792 1235 1050 1279 testimonia
1087 1235 1133 1279 in
1171 1247 1310 1279 unum
1347 1234 1617 1280 conferenda

4 1307 6 1309 ’
86 1311 206 1350 sunt.
276 1304 486 1350 Cubitum
523 1305 718 1350 solidum
752 1305 1002 1351 Romanum
1039 1304 1191 1351 decem
1226 1305 1403 1350 modios
1440 1306 1617 1365 cepisse

85 1389 220 1435 supra
248 1389 301 1421 ex
327 1375 501 1421 Herone
539 1376 948 1421 demonstravimus
976 1375 1024 1435 (S
1051 1374 1138 1434 38).
1193 1375 1407 1421 Artabam
1443 1375 1616 1422 modio-

83 1460 181 1492 rum
232 1447 367 1492 trium
411 1452 456 1492 et
494 1447 674 1491 trientis
722 1446 864 1492 fuisse
911 1445 1148 1492 confirmat
1191 1447 1391 1507 scriptor
1437 1445 1616 1492 tabulae

84 1511 203 1577 περὶ
236 1511 457 1578 μέτρων.
508 1517 570 1562 Ex
601 1518 671 1563 his
697 1519 956 1564 necessario
985 1515 1179 1563 efficitur
1210 1523 1303 1562 tres
1330 1516 1509 1562 artabas
1539 1531 1616 1563 cu-

83 1586 180 1633 bito
206 1587 354 1634 solido
383 1589 664 1635 convenisse.
716 1587 802 1634 Sed
827 1589 872 1634 id
902 1590 1054 1649 ipsum
1090 1589 1319 1648 expressis
1351 1587 1500 1633 verbis
1536 1587 1616 1633 do-

84 1665 153 1705 cet
179 1660 217 1705 is
244 1661 322 1719 qui
350 1672 403 1704 ex
427 1659 620 1705 Heronis
660 1661 973 1706 stereometria
1008 1673 1266 1705 mensuram
1300 1660 1427 1705 navis
1464 1672 1615 1705 excer-

82 1731 176 1791 psit
203 1729 275 1789 (sr.
301 1730 388 1789 23).
441 1730 504 1775 lbi
542 1732 661 1776 enim
688 1731 904 1791 leguntur
934 1724 965 1778 ὁ
996 1727 1167 1790 πῆχυς
1192 1726 1359 1791 χωρεῖ
1383 1724 1615 1790 ἀρτάβας

3 1853 8 1859 ,
81 1793 145 1858 γ’,
184 1801 429 1861 eademque
463 1801 571 1847 olim
597 1802 850 1848 Bernardus
882 1816 935 1847 ex
961 1801 1139 1846 Herone
1171 1797 1384 1860 attulit⁷).
1439 1799 1524 1845 Sed
1562 1814 1615 1846 ex

83 1872 138 1916 iis
175 1886 290 1932 quae
321 1871 476 1917 eodem
507 1872 608 1918 loco
636 1873 784 1918 addita
810 1878 915 1918 sunt
950 1885 1138 1931 magnae
1173 1872 1386 1918 oriuntur
1423 1869 1616 1916 difficul-

83 1949 224 1988 tates:
259 1937 368 2003 ἔχει
405 1937 436 2002 ἡ
476 1936 674 2003 ἀρτάβη
706 1937 923 2003 μοδίους
961 1933 1019 1990 δ’.
1068 1936 1098 1989 ὁ
1125 1940 1298 2002 πῆχυς
1328 1938 1493 2002 χωρεῖ
1520 1953 1613 2001 μο-

84 2007 230 2061 δίους
256 2006 303 2072 ι’,
346 2008 626 2061 Ἰταλικοὺς
653 2009 869 2073 μοδίους
904 2005 969 2071 ιγ’
992 2009 1081 2073 5⁸).
1132 2013 1214 2069 Hic
1249 2013 1443 2073 primum
1478 2025 1613 2072 quae-

195 2149 239 2202 6)
271 2151 487 2202 Romani,
521 2155 572 2192 ut
602 2151 709 2204 dixi,
745 2152 957 2193 artabam
978 2151 1166 2192 tertiam
1188 2149 1322 2192 solidi
1344 2150 1487 2191 cubiti
1508 2163 1612 2203 par-

52 2248 54 2250 ,
85 2211 175 2248 tem
211 2220 311 2249 esse
342 2208 595 2250 voluerunt.
657 2210 754 2250 Iam
794 2221 897 2250 cum
927 2221 1008 2263 pes
1043 2208 1247 2249 Graecus
1278 2219 1416 2247 unum
1446 2207 1609 2260 pedem

84 2264 338 2304 Romanum
372 2268 418 2306 et
448 2266 730 2306 semunciam
759 2265 956 2318 habeat,
1000 2268 1192 2318 apparet
1231 2262 1504 2317 quadrantal
1535 2276 1612 2316 pe-

85 2320 155 2361 dis
190 2320 360 2362 Graeci
391 2321 586 2375 aequale
620 2334 720 2364 esse
752 2323 920 2363 tertiae
956 2322 1102 2363 cubiti
1126 2320 1269 2362 <solidi
1300 2323 1446 2374 parte.
1494 2320 1610 2359 Nam

87 2377 301 2430 aequatio
334 2390 469 2430 quam
501 2378 659 2419 dicunt
688 2379 807 2419 haec
841 2383 930 2419 est:

776 2434 890 2490 (ψ
928 2450 938 2475 2
974 2437 1000 2476 3
1028 2451 1086 2469 =
1117 2430 1265 2487 <aar

141 2488 258 2530 haec
290 2489 527 2531 solvuntur
556 2491 604 2531 in
636 2490 690 2546 1}
718 2508 775 2527 =
806 2494 828 2532 1
859 2490 915 2544 4-
943 2490 972 2547 ᾗ
1001 2489 1057 2544 -ἦ-
1086 2489 1174 2545 Th
1203 2487 1258 2542 -l-
1292 2486 1426 2543 (Ἓξ-Ἠ.

83 2559 225 2601 Vides
256 2561 437 2626 omissis
469 2562 648 2615 exiguis
680 2562 898 2603 fracturis
929 2560 1014 2615 γὲ,
1045 2565 1092 2601 et
1122 2556 1237 2614 (ᾖ)3
1264 2562 1478 2599 exactam
1510 2570 1609 2600 esse

88 2620 570 2726 aequatisslzexssensur.
601 2687 645 2728 p.
667 2674 743 2715 84:
776 2674 937 2715 cubitus
967 2673 1149 2724 cubicus,
1182 2664 1206 2714 ὁ
1237 2670 1391 2726 πῆχυς
1422 2664 1610 2725 στερεὸς

86 2731 202 2782 capit
232 2736 319 2771 tres
349 2731 562 2772 Artabas:
610 2731 780 2772 Artaba
811 2743 909 2772 vero
943 2735 1123 2784 quatuor
1151 2730 1311 2770 modios
1346 2729 1608 2779 (lustr-enses,

85 2792 159 2882 5¹11&
194 2787 354 2853 modios
391 2787 570 2854 {talicos
606 2787 683 2842 ἧς
733 2788 858 2828 Hero
899 2787 1260 2840 Hypobolimaeus
1297 2785 1350 2826 ab
1386 2785 1606 2838 Epiphan.

138 2872 148 2883 ι
182 2846 475 2954 οὲςηξξὲυιιξῐῖΈ
507 2900 593 2942 duo
623 2899 732 2941 libri
753 2893 810 2950 ιγ’
833 2899 1066 2941 exhibent.
1118 2898 1208 2940 Sed
1238 2911 1295 2939 ne
1326 2898 1393 2939 sic
1427 2895 1607 2951 quidem

82 2953 178 2996 ulla
210 2969 265 2996 ex
293 2956 352 2999 iis
382 2956 733 2999 difficultatibus
766 2969 878 3008 quas
911 2956 1170 3004 signias-wi
1200 2954 1390 2995 tollitur.
