1946 3220
333 130 439 183 238
737 146 1055 202 FRAGMENTA
1091 147 1160 179 m:
1198 145 1458 181 manemus
1759 130 1865 201 [63]
1907 108 1938 152 ζ

251 270 312 304 773
439 257 486 308 4.
527 256 601 308 Τό
633 256 691 307 δὲ
723 254 1001 319 ὀξύβαφον
1030 253 1258 307 κυάθους
1285 253 1345 316 γ’.

438 340 486 391 5.
529 339 731 391 Κύαθος
758 338 866 402 ἔχει
891 337 1090 403 μύςτρα
1116 336 1175 390 δ’.

440 421 485 473 6.
528 421 842 486 Κοχλιάριον
871 421 930 474 δέ
953 420 1057 474 ἐςτι
1084 421 1313 487 μύςτρου
1338 422 1401 476 τὸ
1428 423 1592 488 ἥμιςυ.

438 505 483 557 7.
519 505 593 558 Τὸ
625 506 684 558 δὲ
715 504 995 571 ὀξύβαφον
1021 508 1164 559 ποιεῖ
1185 507 1226 560 [εἴ
1255 506 1315 566 ς’.

273 595 298 632 5
438 589 486 641 8.
523 589 582 642 ‘O
608 589 806 643 κύαθος
830 591 974 643 ποιεῖ
997 591 1038 644 Ιῒ
1066 589 1123 655 β’.

436 673 482 726 9.
521 674 597 727 Τὸ
624 672 853 739 μύςτρον
879 663 1084 728 *trote-:313
1110 673 1174 727 τὸ
1199 673 1362 739 ἥμιςυ.

403 758 482 810 10.
522 758 598 811 Τὸ
628 758 936 835 κοχλιάρζον
965 761 1107 811 ποιεῖ
1133 751 1179 820 ff}
1206 758 1265 817 ς’.

401 953 480 1005 11.
519 954 578 1007 Ἡ
607 955 811 1021 δραχμὴ
837 955 979 1008 ποιεῖ
1005 947 1052 1017 I?
1072 954 1133 1017 γ’.

400 1036 479 1089 12.
521 1037 581 1090 Ὅ
611 1037 809 1104 ὀβολὸς
835 1040 978 1092 ποιεῖ
999 1039 1211 1104 γράμμα
1233 1049 1279 1091 5.

242 1126 294 1166 10
399 1121 499 1189 13..
518 1121 594 1175 Τὸ
622 1121 799 1176 ςίκλον
825 1122 933 1187 ἔχει
957 1124 998 1177 Ιίῗ
1020 1123 1082 1175 τὸ
1112 1127 1143 1176 5
1171 1123 1227 1191 [ἢ
1256 1126 1296 1179 13
1324 1121 1371 1176 α’
1395 1123 1480 1176 καὶ
1503 1123 1573 1191 5].

399 1205 479 1258 14.
515 1206 575 1258 Ὁ
611 1205 808 1260 κύαθος
842 1207 1039 1272 μύςτρα
1065 1206 1136 1260 δ’·
1176 1207 1251 1260 ὡς
1290 1207 1427 1261 εἶναι
1460 1207 1522 1261 τὸ
1552 1207 1781 1273 μύςτρον
1811 1211 1851 1263 [3

320 1288 383 1341 τὸ
411 1298 457 1342 S.

398 1372 477 1425 15.
512 1374 588 1428 Τὸ
615 1376 674 1428 δὲ
700 1374 929 1440 μύςτρον
967 1375 1244 1441 κοχλιάρια
1273 1374 1338 1441 β’·
1387 1376 1461 1429 ὡς
1488 1375 1626 1431 εἶναι
1659 1378 1722 1430 τὸ
1760 1394 1850 1430 κο-
1923 1406 1926 1410 ,

321 1457 562 1524 χλιάριον
587 1461 628 1513 Ιΐ
653 1458 725 1511 δ”.

237 1617 289 1657 15
394 1597 474 1650 16.
514 1599 572 1651 Ἡ
602 1601 706 1664 μνᾶ
732 1598 841 1664 ἔχει
867 1601 907 1654 13
932 1598 1010 1663 ιε’,
1037 1599 1197 1652 ὁλκὰς
1224 1596 1321 1666 ριβ’
1341 1610 1386 1653 5.

393 1682 473 1735 17.
510 1683 567 1736 Ἡ
597 1683 747 1748 λίτρα
777 1683 885 1749 ἔχει
910 1683 1072 1736 ὁλκὰς
1098 1683 1162 1747 Q'.

393 1767 472 1819 18.
512 1767 587 1820 Τὸ
620 1769 679 1821 δὲ
713 1767 967 1833 δηνάριον
997 1767 1105 1831 ἔχει
1129 1767 1404 1832 γράμματα
1426 1767 1484 1820 δ’.

388 1934 457 1988 63
496 1933 639 2003 (cap.
674 1934 855 2006 XIII).
935 1934 1139 1987 Octava
1174 1952 1536 1987 mensurarum
1573 1937 1774 1988 tabula.

854 2035 987 2087 (Vide
1018 2036 1131 2090 prol.
1165 2037 1188 2086 ἕ
1220 2035 1308 2090 80.)

199 2121 284 2162 »20
756 2119 905 2183 Περὶ
941 2119 1150 2183 μέτρων
1187 2118 1383 2183 ὑγρῶν.

422 2216 466 2267 1.
503 2215 578 2268 Τὸ
611 2216 859 2269 Ἰταλικὸν
886 2216 1136 2281 κεράμιον
1164 2216 1271 2281 ἔχει
1299 2205 1432 2281 χόας
1455 2216 1514 2281 η’.

419 2299 467 2351 2.
507 2300 567 2352 Ὁ
598 2303 730 2365 χοῦς
756 2300 864 2366 ἔχει
890 2300 1069 2354 Ξέςτας
1096 2295 1153 2359 ς’.

226 2397 289 2430 774
417 2383 464 2436 3.
501 2383 560 2436 Ὁ
601 2384 779 2450 ξέςτης
815 2385 1044 2438 κοτύλας
1072 2383 1133 2450 β’,
1156 2384 1224 2436 αἳ
1247 2385 1329 2437 καὶ
1362 2384 1601 2453 [τρίβανα
1626 2385 1680 2453 ἢ]
1719 2403 1839 2451 τρυ-

313 2467 430 2531 βλία
462 2468 723 2530 λέγονται.

429 2653 468 2691 2.
503 2621 548 2692 ΝΛ
583 2653 647 2693 Ne
764 2655 804 2694 6.
838 2650 1026 2704 οὐγγίας
1058 2651 1110 2693 St
1205 2656 1243 2695 9.
1279 2657 1323 2694 et
1355 2655 1421 2696 10.
1454 2665 1539 2693 om.
1573 2653 1639 2693 Ne
1734 2655 1775 2694 9.
1807 2643 1841 2694 5
1938 2711 1941 2713 -

311 2718 450 2772 vulgo
483 2733 566 2762 om.
603 2722 662 2774 (v.
687 2722 924 2776 p1·01.§79
949 2722 1079 2775 extr.)
1202 2725 1269 2764 10.
1302 2722 1329 2774 ἢ
1365 2720 1398 2767 Ιῖ
1430 2716 1470 2763 α’
1503 2722 1576 2763 καὶ
1606 2729 1633 2763 5
1666 2736 1751 2764 om.
1783 2724 1835 2764 St

311 2791 376 2832 12.
409 2787 455 2841 5]
488 2789 623 2840 ἥμιςυ
655 2793 704 2832 St
820 2795 887 2834 14.
923 2791 956 2838 13
986 2787 1056 2845 δ”]
1090 2791 1122 2846 <
1155 2787 1190 2843 β’
1221 2794 1287 2833 Ne
1405 2794 1470 2836 17.
1501 2791 1551 2834 δὲ
1581 2805 1667 2836 om.
1698 2791 1750 2833 Sc

423 2859 490 2899 18.
528 2858 787 2911 Κεφάλαιον
810 2857 866 2914 ιγ’
892 2864 969 2914 Clz;
1002 2867 1146 2905 totum
1179 2866 1318 2917 caput
1348 2876 1432 2905 om.
1457 2863 1523 2903 Ne
1639 2863 1709 2903 23.
1740 2859 1835 2915 τρί·

308 2930 424 2980 βανα
453 2927 482 2982 ἢ
516 2942 600 2970 om.
634 2930 684 2970 St
