1946 3220
293 142 401 197 290
904 156 1226 193 FRAGMENTA
1723 142 1824 212 [92]

294 284 423 334 μαςε
457 266 728 331 παρθένον
771 266 830 319 έν
859 265 1107 329 (κίρωνι,
1142 264 1318 327 λέγων
1349 266 1469 331 περὶ
1500 269 1611 323 τῶν
1638 268 1824 335 ἑταιρί-

294 356 407 407 δων
434 354 543 405 τῶν
570 350 629 404 ἐν
658 348 897 418 Κορίνθῳ

508 434 593 487 καὶ
625 433 720 487 τὰς
748 435 843 499 μὲν
869 433 992 503 ἄξῃ,
1019 433 1210 487 πῶλον
1238 434 1303 488 ἂν
1333 436 1494 503 διδῷς
1519 434 1632 499 ἕνα,

504 518 600 572 τὰς
628 518 689 572 δὲ
713 518 995 584 ξυνωρίδ’·
1025 516 1078 570 αἱ
1103 518 1162 570 δὲ
1190 517 1317 570 κάπὶ
1343 518 1612 585 τεττάρων

239 605 263 646 5
508 603 767 668 φοιτῶςιν
791 601 977 656 ἵππων
1003 601 1268 667 ἀργυρῶν.
1322 604 1535 668 φιλοῦςι
1561 603 1621 656 δέ

506 687 602 741 τὰς
628 686 683 741 ἑξ
709 686 947 752 Ἀθηνῶν
973 686 1301 751 παρθένους,
1336 686 1469 741 ὅταν
1495 687 1667 757 φέρῃς

506 770 727 825 πολλάς.

294 855 388 910 τὰς
420 856 515 922 μὲν
549 854 648 910 οὖν
673 855 977 922 παρθένους
1003 854 1151 917 λέγοι
1176 854 1241 909 ἂν
1266 856 1361 910 τὰς
1386 854 1577 921 κόρας,
1603 856 1686 910 αἶς
1711 856 1824 911 ἑνε-

230 962 271 997 -ιο
293 939 586 1006 κεχάρακτο
611 940 833 1005 Ἀθηνᾶς
856 938 1167 1005 πρόςωπον,
1194 939 1321 994 ὅθεν
1339 941 1402 993 τὸ
1425 939 1647 1006 νόμιςμα
1673 925 1826 994 τοῦτ’

210 1037 263 1077 10
294 1023 565 1091 Εὔβουλος
600 1023 659 1078 ἐν
688 1023 891 1092 Ἀγχίςῃ
926 1024 1072 1076 καλεῖ
1095 1023 1409 1089 Παλλάδας,
1446 1026 1635 1079 πῶλον
1671 1026 1730 1078 δὲ
1760 1026 1824 1078 τὸ

291 1108 515 1174 νόμιςμα
537 1109 599 1162 τὸ
630 1107 931 1173 Κορίνθιον,
969 1106 1049 1160 ὅτι
1071 1106 1326 1172 Πήγαςον
1353 1106 1497 1173 εἶχεν
1527 1108 1825 1164 ἐντετυπω-

290 1192 470 1257 μένον.

397 1276 558 1330 Ἀλλὰ
582 1277 685 1341 μὴν
709 1275 805 1342 τὴν
839 1277 935 1342 μὲν
959 1275 1229 1340 Αἰγιναίαν
1265 1276 1504 1342 δραχμὴν
1536 1277 1695 1342 μείζω
1733 1281 1826 1342 τῆς

291 1361 521 1426 Ἀττικῆς
555 1359 721 1416 οῧςαν
752 1359 906 1429 (δέκα
937 1361 1040 1427 γὰρ
1072 1361 1304 1427 ὀβολοὺς
1330 1360 1595 1414 Ἀττικοὺς
1622 1360 1826 1429 ἰ’ςχυεν)

210 1457 262 1497 15
291 1445 558 1511 Ἀθηναῖοι
582 1445 809 1510 παχεῖαν
840 1445 1079 1510 δραχμὴν
1106 1445 1364 1510 ἐκάλουν,
1403 1444 1530 1511 μίςει
1554 1447 1665 1499 τῶν
1689 1446 1824 1509 Αἰγι-

292 1531 471 1595 νητῶν
501 1527 771 1592 Αἰγιναίαν
794 1529 977 1583 καλεῖν
1002 1529 1068 1594 μὴ
1096 1528 1357 1583 θέλοντες.

399 1614 475 1667 Τὸ
501 1613 560 1666 δὲ
585 1611 821 1679 χρυςίον,
848 1612 929 1666 ὅτι
953 1615 1049 1666 τοῦ
1075 1611 1330 1678 ἀργυρίου
1360 1613 1712 1667 δεκαπλάςιον
1737 1613 1822 1678 ἦν,

294 1699 481 1764 ςαφῶς
507 1697 575 1752 ἄν
602 1713 678 1750 τις
703 1696 760 1750 ἐκ
784 1698 877 1761 τῆς
897 1695 1222 1763 Μενάνδρου
1248 1697 1705 1763 Παρακαταθήκῃ(
1729 1699 1822 1764 μά-

292 1786 403 1836 θοι·
433 1781 715 1848 προειπὼν
744 1781 848 1846 γὰρ

207 1876 262 1918 20
506 1866 674 1931 ὁλκὴν
698 1864 964 1919 ταλάντου
991 1865 1208 1931 χρυςίου
1234 1882 1337 1929 ςοι,
1371 1864 1601 1930 παιδίον,

505 1949 692 2015 ἕςτηκα
716 1951 914 2015 τηρῶν,

228 2055 268 2088 77
292 2033 478 2097 ἐπάγει
502 2033 633 2099 μετὰ
658 2035 824 2088 ταῦτα
847 2034 969 2100 περὶ
993 2033 1192 2088 ταύτοῦ
1218 2034 1396 2097 λέγων

504 2117 757 2183 μακάριος
788 2118 993 2174 ἐκεῖνος
1021 2118 1149 2172 δέκα
1174 2117 1407 2172 τάλαντα
1432 2117 1774 2184 καταφαγών.

398 2202 474 2256 Τὸ
502 2202 683 2268 μέντοι
706 2205 818 2258 τῶν
847 2201 1109 2270 ὀβολῶν
1145 2201 1319 2267 ὄνομα
1348 2201 1398 2255 οἱ
1423 2202 1517 2267 μὲν
1546 2202 1627 2255 ὅτι
1659 2202 1822 2255 πάλαι

207 2298 260 2338 25
293 2285 584 2353 βουπόροις
609 2286 820 2354 ὀβελοῖς
846 2287 1087 2353 ἐχρῶντο
1113 2286 1250 2352 πρὸς
1275 2285 1368 2340 τὰς
1391 2285 1629 2352 ἀμοιβάς,
1659 2286 1738 2340 ὧν
1759 2287 1825 2340 τὸ

291 2371 399 2426 ὑπὸ
429 2376 492 2440 τῇ
524 2372 675 2438 δρακὶ
700 2373 906 2438 πλῆθος
931 2370 1103 2426 ἐδόκει
1127 2372 1389 2425 καλεῖςθαι
1415 2371 1648 2437 δραχμή,
1673 2370 1740 2425 τὰ
1764 2371 1829 2424 δ’

294 2454 530 2521 ὀνόματα
570 2456 654 2511 καὶ
697 2459 794 2510 τοῦ
830 2456 1144 2522 νομίςματος
1186 2455 1575 2522 μεταπεςόντος
1610 2454 1683 2509 εἰς
1723 2455 1826 2521 τὴν

411 2668 449 2709 1.
482 2668 588 2719 περὶ
617 2670 718 2711 τῶν
748 2667 798 2712 ἐν
831 2666 1040 2723 Κορίνθῳ
1073 2667 1355 2723 ἑταιρουςῶν
1376 2670 1435 2710 Di
1549 2668 1590 2711 6.
1620 2664 1740 2720 φέρῃ
1761 2668 1822 2709 Di

301 2735 435 2788 (corr.
467 2734 712 2790 Salmasius)
833 2741 899 2780 14.
933 2737 1075 2782 οὖςαν
1106 2751 1191 2783 om.
1222 2740 1281 2780 Di
1415 2739 1481 2779 17.
1515 2735 1821 2781 δεκαπλάςιον

296 2805 451 2859 vulgo,
482 2804 778 2850 δεκαςτάςιον
809 2809 1040 2852 Salmasius
1070 2809 1137 2851 Be
1281 2810 1352 2850 21.
1391 2805 1500 2860 ἔςτη
1540 2808 1820 2860 κατηγορῶν

295 2876 426 2927 libri,
458 2873 680 2927 ἐκτήςαθ’
712 2877 737 2919 ὁ
767 2877 921 2930 γέρων
955 2894 1038 2934 ego
1070 2879 1226 2921 malim
1371 2879 1438 2920 23.
1471 2874 1821 2920 δεκατάλαντον

296 2946 357 2987 Di
