1946 3220
95 135 160 198 ?³-²
180 127 276 209 ¹⁸3]ss
432 157 467 192 n
493 151 650 193 mun
672 156 745 202 Ap
770 156 976 194 censum
1003 153 1368 196 Expost‘momz'.

66 247 417 334 ³³p1erumque
467 273 664 318 centum
714 267 894 332 pedum
940 268 991 318 in
1038 274 1246 335 utraque
1287 275 1455 336 parte,
1511 270 1644 336 quod

66 344 89 397 1v
126 352 302 403 Graeci
346 350 575 416 plethron
623 351 894 417 appellant,
946 351 1058 403 Osci
1105 359 1153 403 et
1196 352 1371 404 Umbri
1417 344 1641 404 vorsum:

56 435 74 465 “-
124 437 280 486 nostri
318 442 550 486 centenos
589 442 638 484 et
674 437 870 487 vicenos
905 437 956 486 in
981 444 1189 502 utraque
1215 445 1382 502 parte,
1421 439 1558 490 cuius
1583 454 1642 489 ex

21 527 23 530 '
62 538 65 541 ’
124 519 212 570 ΙΠΙ
238 535 389 570 unum
417 518 571 582 latus,
597 521 722 569 sicut
748 520 844 570 diei
869 520 955 570 ΧΠ
981 520 1151 578 horas,
1178 521 1264 571 Xll
1290 537 1485 574 menses
1510 524 1640 580 anni,

36 605 58 652 J
123 603 210 654 ΧΠ
249 603 571 669 decempedas
619 618 725 654 esse
771 592 1045 656 volueruni.
1121 621 1178 656 ex
1225 606 1416 657 actibus
1453 608 1643 658 conicio
1672 624 1699 664 5

125 703 328 738 acnuam
368 689 581 753 primum
621 687 915 752 appellatum
956 727 1006 738 ..
1038 727 1049 739 .
1084 688 1267 740 dictum
1307 691 1526 742 fundum.
1589 691 1642 742 hi

124 773 223 830 duo
260 772 399 823 fundi
435 773 587 822 iuncti
622 773 848 836 iugerum
888 773 1126 822 definiunt

28 993 48 1072 λ,
122 1012 298 1062 deinde
345 1012 466 1062 haec
514 1012 609 1063 duo
658 1012 825 1076 iugera
866 1013 1029 1062 iuncta
1068 1015 1119 1062 in
1158 1029 1309 1064 unum
1348 1014 1639 1081 quadratum

31 1105 49 1131 -'
122 1111 293 1161 agrum
334 1097 573 1154 efficiunt,
615 1095 745 1162 quod
785 1097 880 1145 sint
915 1097 964 1145 in
992 1112 1162 1148 omnes
1187 1105 1352 1162 partes
1378 1106 1512 1150 actus
1538 1099 1640 1149 bini

39 1179 41 1181 ’
121 1183 169 1230 in
210 1181 341 1231 hunc
380 1181 579 1231 modum
759 1225 764 1227 .
1186 1238 1189 1241 ¹
1670 1186 1725 1227 10

766 1224 1011 1356 -Ἓ

0 1544 1 1548 ,
35 1497 53 1557 ⁵,
120 1504 315 1568 quidam
354 1506 566 1568 primum
605 1508 901 1573 appellatum
941 1509 1110 1557 dicunt.
1135 1513 1340 1564 sortem,
1382 1514 1430 1556 et
1455 1508 1639 1557 centies

35 1644 39 1653 ι
120 1587 318 1638 ductum
358 1592 647 1640 centuriam.
705 1598 819 1642 sunt
853 1593 935 1659 qui
973 1592 1246 1643 centuriam
1273 1593 1507 1641 maiorem
1535 1607 1638 1641 mo-

119 1673 236 1722 dum
264 1672 532 1737 appellant,
561 1682 614 1724 ut
641 1677 910 1727 Cremonae
937 1677 1107 1742 decem
1140 1681 1186 1726 et
1212 1675 1499 1732 ducentum;
1527 1682 1641 1727 sunt

119 1758 203 1822 qui
243 1758 509 1815 minorem,
549 1765 600 1808 ut
628 1761 685 1808 in'
704 1760 840 1810 Italia
869 1759 1218 1811 triumviralem
1244 1748 1469 1823 iugerum
1497 1762 1637 1825 quin-

48 1850 58 1873 ν
119 1855 416 1906 quagenum.
1097 1874 1101 1878 ·
1543 1892 1547 1896 -
1666 1859 1722 1901 15

23 1971 47 2011 '.
120 1993 235 2046 113.
310 1994 358 2044 Ε
399 1994 559 2047 Balbi
608 1998 681 2047 ad
718 1996 922 2048 Celsum
971 1998 1296 2064 expositione
1343 2004 1392 2048 et
1435 1999 1638 2050 ratio-ne

690 2084 1063 2119 mensurarum.

636 2154 770 2205 (Vide
802 2155 916 2207 prol.
948 2156 972 2205 ξ
1006 2154 1117 2206 112.)

63 2295 65 2297 ¹
225 2234 270 2284 1.
311 2236 538 2286 Mensura
577 2244 650 2287 est
687 2238 995 2302 conplurium
1034 2246 1082 2289 et
1115 2239 1242 2288 inter
1268 2254 1320 2288 se
1357 2236 1716 2311 aequaliumpgff

52 2319 79 2355 ἶ
116 2318 484 2370 intervallorum
511 2321 765 2387 longitudo
792 2323 951 2381 finita,
991 2329 1044 2373 ut
1069 2338 1156 2387 pes
1177 2338 1272 2388 per
1299 2324 1507 2379 unciam,
1546 2338 1637 2388 per
1665 2338 1722 2379 20

231 2462 268 2503 1.
302 2465 480 2502 centum
511 2462 628 2516 libri,
672 2467 912 2504 centenum
943 2464 1013 2504 La
1185 2464 1224 2503 2.
1264 2462 1402 2503 Greci
1441 2463 1540 2504 libri
1565 2465 1637 2505 La

115 2531 156 2574 3.
190 2535 384 2571 centenos
417 2535 462 2572 et
491 2532 678 2573 uicenos
709 2533 774 2585 A,
814 2535 1003 2574 uicenos
1036 2537 1081 2574 et
1113 2536 1333 2573 centenos
1372 2532 1435 2584 E,
1481 2538 1633 2575 cente—

115 2611 220 2640 num
252 2605 298 2642 et
327 2602 541 2643 nicenum
571 2604 640 2643 La
810 2605 849 2647 6.
891 2599 1186 2657 appellatum]
1233 2602 1351 2654 cons.
1387 2615 1447 2643 vs.
1480 2606 1548 2647 11.
1580 2606 1634 2644 12

167 2677 268 2722 post
297 2671 483 2713 fundum
513 2674 621 2714 duae
648 2673 789 2725 falsae
813 2676 978 2727 figurae
1007 2678 1106 2713 sunt
1133 2674 1175 2712 in
1204 2673 1245 2712 A
1278 2670 1392 2724 (vide
1422 2675 1540 2727 apud
1565 2675 1635 2715 La

114 2740 372 2793 diagramma
411 2743 512 2795 31):
562 2756 639 2796 eqo
675 2744 895 2796 yenuinam
932 2744 1114 2795 figuram
1158 2756 1328 2796 eamque
1383 2749 1482 2795 post
1526 2743 1634 2785 defi-

101 2809 246 2851 'niunt
275 2814 443 2854 restitui
557 2815 622 2854 10.
652 2818 751 2865 post
782 2812 960 2853 modum
985 2813 1102 2863 falsa
1123 2814 1266 2864 figura
1286 2814 1414 2854 estin
1433 2814 1475 2854 Α
1498 2816 1635 2868 (apud

71 2880 74 2881 ⁷
115 2877 184 2920 La
215 2883 292 2934 32)
466 2885 533 2925 13.
579 2881 798 2923 Cremone
829 2883 965 2935 ALa,
1019 2895 1276 2924 cremonam
1315 2883 1358 2923 E
1471 2883 1632 2925 decem

113 2947 224 3002 libri,
258 2951 421 2993 denum
442 2953 511 2993 La
627 2951 871 2993 ducentam
903 2952 958 3000 A,
991 2952 1189 2995 ducenta
1220 2953 1275 3006 E,
1310 2954 1532 2995 ducenum
1563 2955 1632 2995 La
