1946 3220
0 0 185 200 ugr·
237 31 239 34 Α

16 182 47 234 2*
82 159 235 240 1¹04]

16 311 41 358 ἐ*

20 359 33 370 't

518 190 587 223 Ex
622 190 884 226 HESYCHIO
922 190 1213 226 EXCBRPTA.
1520 171 1630 226 325

98 294 234 352 ἐςτὶν
265 296 297 351 ὁ
324 297 531 363 ἀγκών,
572 298 677 354 ἕως
703 299 805 355 ἔξω
831 301 924 365 τῆς
953 300 1159 365 χειρός,
1194 299 1625 367 ἐπικεκαμμένων

97 381 208 436 τῶν
234 383 528 438 δακτύλων.
577 385 660 437 καὶ
685 386 927 450 ςπιθαμή.

13 528 35 594 21.
55 559 58 561 -

204 466 367 531 (άτα,
402 468 594 523 ςιτικὸν
620 470 830 534 μέτρον.

204 550 418 617 (άτων,
466 552 652 618 μόδιος
684 553 886 618 γέμων,
929 554 1099 620 ἤγουν
1144 555 1205 608 ἓν
1248 554 1399 619 ἥμιςυ
1435 554 1622 619 μόδιον

12 620 29 702 Ξ
94 633 360 691 Ἰταλικόν.
1652 649 1682 691 5

201 719 417 785 (ίγλον,
458 721 687 788 νόμιςμα
709 723 972 788 Περςικόν
997 724 1301 790 δυνάμενον
1330 721 1470 776 ὀκτὼ
1497 722 1624 789 ὀβο·

13 823 26 880 j
89 804 223 858 λοὺς
269 806 548 861 Ἀττικούς.
596 808 681 861 καὶ
726 808 870 861 εἶδος
919 807 1173 863 ἐνωτίων.
1246 807 1518 873 Ξενοφῶν
1563 807 1623 863 ἐν

14 917 20 922 -
93 887 247 959 Ῠὲκτῃ
292 889 626 957 Ἀναβάςεως
670 892 824 957 λέγει.
880 892 1101 948 δύναται
1143 894 1203 947 δὲ
1235 892 1266 947 ὁ
1311 892 1488 955 ςίγλος
1523 891 1623 946 δύο

92 975 333 1040 δραχμὰς
355 973 604 1030 Ἀττικάς.

201 1059 440 1126 (ιδάρεοι
478 1061 618 1129 θεοί,
652 1062 798 1128 παρὰ
837 1062 1206 1130 Ἀριστοφάνει
1241 1062 1301 1117 ἐν
1334 1061 1621 1128 Νεφέλαις·
1654 1071 1709 1112 10
1730 1128 1744 1143 ,

16 1147 18 1149 ’
92 1145 428 1210 ’ςιδαρέοιςιν
467 1146 646 1212 ὥςπερ
672 1147 732 1201 ἐν
771 1144 1076 1215 Βυζαντίῳ.’
1109 1146 1224 1202 ἐπεὶ
1254 1147 1304 1200 οἱ
1330 1147 1388 1202 ἑν
1413 1151 1491 1216 τῷ
1524 1146 1622 1200 Βυ-

92 1228 289 1299 Ζαντὶῳ
350 1232 529 1301 λεπτῷ
591 1232 911 1300 νομιςματίῳ
969 1235 1163 1303 ςιδηρῷ
1221 1232 1306 1285 καὶ
1365 1228 1623 1299 ἑλαχίςτῳ

7 1355 17 1413 ⁴}
92 1312 349 1379 ἐχρῶντο.

200 1397 467 1464 (ιδάριος,
496 1399 735 1464 χαλκεύς.

202 1482 412 1547 (ίκλος,
442 1484 759 1550 βαρβαρικὸς
787 1484 1026 1548 ςταθμός.
1652 1494 1709 1535 15

201 1566 408 1631 (ίκλος,
441 1568 841 1635 τετράδραχμον
868 1567 1120 1622 Ἀττικόν.

200 1651 443 1718 Εμιρεύς,
481 1653 676 1718 μέτρον
708 1652 910 1708 οἰνικὸν
945 1652 1018 1706 εἰς
1043 1651 1390 1706 Πεντάπολιν
1417 1648 1623 1716 Λιβύης.

89 1735 174 1788 καὶ
203 1735 438 1802 ςμηρεύς.

202 1819 558 1885 (ολοιτύπος,
620 1821 990 1886 μιδρακτύπος.
1063 1821 1147 1874 καὶ
1195 1817 1392 1885 χαλκός
1438 1833 1516 1871 τις
1563 1817 1622 1871 ἐν

7 1980 11 1987 ¹
95 1905 307 1975 Κύπρῳ.
1652 1914 1711 1956 20

202 1989 422 2053 (όςςος,
452 1989 484 2054 ἡ
510 1989 750 2055 δίοπτρα.
788 1989 872 2042 καὶ
901 1989 964 2042 τὸ
991 1989 1257 2043 ςταδιαῑον
1285 1987 1551 2052 διάςτημα.

203 2074 435 2129 (πάδιον
454 2116 467 2139 ‚
494 2074 558 2128 τὸ
585 2074 812 2129 ςτάδιον.

201 2159 462 2225 (πιθαμή,
486 2160 550 2213 τὸ
578 2159 793 2225 μέτρον,
822 2159 885 2212 τὸ
916 2156 1026 2211 ἀπὸ
1052 2159 1150 2212 τοῦ
1173 2156 1410 2223 μεγάλου
1435 2154 1622 2210 δακτύ-

92 2244 192 2298 λου
222 2243 309 2297 ἑπὶ
333 2243 430 2299 τὸν
457 2245 642 2310 μικρὸν
670 2243 921 2308 διάςτημα
946 2241 1180 2296 έκταθέν.

207 2414 248 2455 3.
280 2410 396 2455 ςάτα
426 2413 591 2467 scripsi
624 2425 679 2454 ex
701 2412 859 2454 ordine
879 2412 1161 2461 litterarum,
1194 2408 1336 2451 ςάτον
1359 2408 1471 2459 cod„
1494 2407 1620 2462 vulg.

91 2484 135 2527 4.
168 2480 311 2525 ςάτον
353 2482 517 2524 suadet
553 2483 718 2524 Albert.
866 2484 907 2527 7.
939 2480 1165 2523 Ἀττικῶς
1197 2479 1297 2522 cod.
1414 2479 1454 2519 8.
1485 2475 1619 2531 ἕκτῃ]

90 2554 152 2607 τῇ
184 2546 225 2595 α’
255 2553 434 2607 Sopiny.
551 2550 755 2605 δραγμὰς
786 2551 900 2603 cod„
932 2550 1068 2592 Schm.
1186 2551 1226 2591 9.
1259 2547 1490 2590 Ἀττικῶν
1521 2547 1622 2590 eod.

92 2624 160 2665 10.
194 2620 401 2677 (ιδάρεοι
442 2627 489 2664 et
535 2627 625 2665 cet.
667 2622 803 2666 Solem.
848 2619 1097 2662 seeundum
1139 2619 1357 2664 Cobetum‚·
1408 2615 1623 2670 (ιδαρέος

4 2687 13 2699 “
91 2690 220 2745 παρὰ
251 2690 344 2745 Ἀρ.
374 2690 426 2736 ἐν
456 2704 562 2745 νεφ.
594 2689 799 2745 (ιδαρέοι
835 2689 942 2733 θεὸς
981 2689 1047 2732 ὡς
1086 2687 1138 2731 ἐν
1179 2687 1279 2732 Βυζ.
1318 2687 1388 2730 ἔτι
1418 2685 1502 2731 elci
1534 2685 1623 2741 Βη-

5 2759 14 2772 ”
90 2759 267 2805 ζάντιοι
305 2761 357 2806 ἑν
394 2765 467 2816 τῷ
510 2763 672 2814 λεπτῷ
713 2758 957 2814 νομίςματι
997 2758 1035 2814 ᾧ
1075 2758 1154 2801 (ιδ.
1194 2757 1270 2801 καὶ
1308 2757 1370 2800 ἐλ.
1407 2756 1619 2811 ἐχρῶντο

91 2831 192 2875 eod.
311 2834 379 2877 14.
410 2833 613 2887 χαλκοῦς
635 2834 753 2875 coni.
775 2831 962 2873 Meinek.
1079 2830 1146 2875 15.
1179 2826 1359 2872 (ικλόσ
1393 2826 1621 2881 βάρβαρος

5 2906 15 2941 ἐ
91 2900 215 2945 ςικός
237 2902 351 2955 eod.;
372 2900 542 2957 ςίκλος,
566 2901 900 2957 βαρβαρικὸς...
922 2901 1039 2944 coni.
1062 2899 1218 2954 Solem„
1240 2899 1299 2941 ad
1320 2911 1438 2953 quae
1461 2896 1620 2939 addidi
1654 2929 1662 2936 .

2 2946 20 3012 ξ

2 3073 14 3133 ἐ

93 2970 295 3025 ςταθμός
327 2972 434 3015 coll.
463 2973 629 3016 Photio
744 2975 814 3018 24.
845 2970 1039 3015 ἑκταθέν
1069 2972 1203 3026 ScaL,
1233 2967 1423 3015 ἑκτεθέν
1455 2969 1554 3011 cod.
