1946 3220
311 116 417 170 248
706 131 1027 167 FRAGMENTA
1065 132 1135 164 DE
1173 131 1433 166 MENSURIS
1649 115 1740 183 [70.
1759 110 1839 180 71]

389 298 469 350 70.
517 297 650 360 Περὶ
681 297 920 359 εταθμῶν
956 294 1027 347 εἰ(
1060 295 1122 362 τὸ
1150 294 1283 347 αὐτὸ
1310 294 1366 347 ἐκ
1390 298 1488 348 τοῦ
1518 297 1767 361 Γαληνοῦ.

422 411 480 462 Ἡ
519 410 621 471 μνᾶ
649 408 680 471 ἡ
708 408 905 472 Ἀττικὴ
932 409 1015 459 καὶ
1041 408 1073 472 ἡ
1099 407 1352 470 Αἰγυπτία
1383 407 1491 473 ἔχει
1517 408 1735 472 οὐγγίαε
1761 409 1839 469 ις’.

315 495 347 557 ἡ
384 495 486 557 μνᾶ
522 492 554 555 ἡ
588 492 848 556 Ῥωμαϊκή
881 492 988 557 ἔχει
1022 491 1237 554 οὐγγίαε
1267 490 1324 544 κ’.
1373 492 1405 556 ἡ
1435 491 1584 556 λίτρα
1623 493 1841 556 οὐγγίαε

318 576 394 642 ιβ’.
440 577 473 640 ἡ
508 578 568 629 δὲ
602 576 790 640 οὐγγία
818 576 1011 629 οὐλκὰε
1046 573 1114 641 η’,
1149 576 1343 630 αἵτινες
1368 577 1451 628 καὶ
1477 576 1629 630 ὀλκαὶ
1654 578 1840 640 λέγον-

262 677 287 717 5
317 678 414 714 ται.
464 662 496 725 ἡ
536 662 594 714 δὲ
630 660 760 726 ὁλκὴ
796 662 990 726 κέρατα
1017 659 1095 726 ιη’.
1145 661 1177 725 ἡ
1205 661 1264 713 δὲ
1299 662 1502 726 δραχμὴ
1537 661 1732 726 κέρατα
1764 658 1841 727 ιη’.

317 745 471 798 ἄλλοι
507 745 566 797 δὲ
601 746 868 809 λέγουειν·
913 745 1020 811 ἔχει
1060 745 1299 811 γραμμὰ(
1333 747 1486 810 τρεῑε.
1535 745 1598 798 τὸ
1633 746 1843 812 γράμμα

318 829 551 894 ὀβολοὺς
590 825 645 895 β’.
697 830 727 882 ὁ
764 831 822 882 δὲ
857 829 1056 895 ὀβολὸς
1091 830 1285 894 κέρατα
1309 827 1369 891 γ’.
1418 830 1480 882 τὸ
1507 831 1566 882 δὲ
1599 829 1841 895 κεράτιον

319 913 426 978 ἕχει
453 913 651 978 ειτάρια
678 913 736 966 δ’.
781 913 935 966 ἄλλοι
966 915 1024 966 δὲ
1049 915 1280 979 χαλκοῦς
1313 914 1412 967 δύο
1441 914 1681 979 δίμοιρον
1707 914 1841 967 ἐετὶν

316 997 380 1050 τὸ
406 998 582 1062 παρὸν
611 999 820 1062 μέτρον.

236 1237 289 1277 10
321 1219 543 1272 71-77.
614 1222 787 1271 Tertia
820 1221 1052 1271 collectio
1079 1222 1368 1286 ponderum
1395 1228 1443 1273 et
1466 1238 1843 1273 mensurarum.
1922 1207 1931 1214 ”

858 1319 995 1374 (Vide
1027 1320 1140 1374 prol.
1173 1321 1197 1370 ἕ
1227 1321 1316 1373 84.)

641 1431 720 1482 71.
766 1431 900 1512 Περὶ
926 1431 1133 1495 μέτρων
1161 1431 1244 1483 καὶ
1269 1434 1524 1496 εταθμῶν.

429 1541 471 1591 1.
513 1530 587 1593 Τὸ
613 1542 855 1607 κεράτιον
883 1542 945 1595 τὸ
971 1542 1102 1595 αὐτὸ
1129 1547 1334 1611 εταθμῷ
1363 1543 1470 1608 ἔχει
1494 1548 1570 1613 τῷ
1598 1546 1793 1614 χαλκῷ.

425 1624 473 1677 2.
512 1626 570 1678 Ὁ
605 1627 663 1677 δ’
688 1625 884 1691 ὀβολὸς
922 1628 1153 1691 χαλκοῦ(
1190 1626 1297 1691 ἔχει
1321 1625 1385 1691 γ’,
1428 1627 1551 1681 ὅθεν
1577 1627 1640 1680 τὸ
1666 1628 1846 1692 ἡμιβό-

239 1726 291 1765 15
321 1711 439 1762 λιον
468 1709 575 1774 ἔχει
601 1710 828 1774 εταθμόν
855 1710 1109 1774 κερατίων
1138 1710 1184 1761 α’
1208 1720 1254 1762 5.

427 1792 475 1844 3.
515 1794 589 1846 Τὸ
608 1794 818 1859 γράμμα
838 1793 945 1859 ἔχει
966 1793 1198 1859 ὀβολοὺς
1221 1793 1280 1858 β’,
1301 1795 1531 1847 τουτέετι
1545 1797 1775 1860 χαλκοῦ(
1788 1795 1846 1855 ς’.

427 1876 474 1928 4.
512 1877 569 1929 Ἡ
613 1878 672 1930 δὲ
716 1880 920 1943 δραχμὴ
956 1879 1040 1930 καὶ
1072 1878 1104 1942 ἡ
1143 1877 1273 1942 ὁλκὴ
1319 1877 1433 1940 ἄγει
1471 1879 1746 1945 γράμματα
1779 1878 1846 1943 γ’,

323 1962 590 2014 τουτέετιν
617 1961 848 2027 ὀβολοὺς
881 1960 959 2025 ιη’.

428 2043 474 2095 5.
514 2045 572 2096 Ἡ
600 2046 659 2097 δὲ
686 2044 875 2108 οὐγγία
901 2046 1008 2111 ἔχει
1033 2043 1269 2111 δραχμὰς
1295 2045 1359 2110 η’,
1385 2046 1661 2111 γράμματα
1686 2045 1776 2099 κδ’.

205 2153 210 2158 ’
239 2143 294 2183 20
430 2126 477 2177 6.
515 2128 573 2179 Ἡ
605 2128 753 2193 λίτρα
779 2129 887 2193 ἔχει
913 2129 1130 2192 οὐγγίαε
1157 2128 1237 2194 ιβ’,
1265 2130 1499 2195 δραχμὰς
1525 2129 1622 2193 Qg'.

431 2211 474 2262 7.
514 2212 571 2264 Ἡ
599 2215 704 2277 μνᾶ
729 2213 859 2264 κατὰ
885 2213 978 2276 μὲν
1003 2214 1099 2277 τὴν
1127 2212 1358 2277 ἰατρικὴν
1379 2217 1559 2279 χρῆειν
1581 2213 1696 2275 ἄγει
1723 2214 1847 2276 οὐγ-

325 2293 442 2356 γίαε
467 2294 548 2358 ις’,
574 2296 839 2350 τουτέετιν
870 2296 1030 2348 ὁλκὰς
1058 2295 1241 2361 ρκη’...
1266 2298 1501 2350 τουτέετι
1527 2298 1708 2363 λίτραν
1737 2294 1844 2360 α’β,

323 2380 558 2443 δραχμὰς
597 2378 724 2444 ρμδ’.
772 2380 804 2443 ἡ
845 2382 903 2433 δὲ
937 2381 1303 2445 Ἀλεξανδρινὴ
1340 2383 1443 2446 μνᾶ
1478 2382 1592 2444 ἄγει
1628 2381 1849 2444 οὐγγίαε

323 2460 384 2524 κ’,
413 2463 678 2516 τουτέετιν
714 2462 874 2515 ὁλκὰς
900 2463 986 2527 ρξ’.

441 2688 478 2724 1.
511 2687 702 2735 γαλινοῡ
736 2689 836 2732 eod.
952 2690 990 2730 8.
1024 2683 1167 2741 (παρ’
1199 2689 1298 2730 eod.
1419 2691 1484 2732 12.
1526 2690 1712 2740 μετρῶν
1750 2689 1847 2732 cod,

329 2752 518 2805 last-sp]
561 2754 617 2795 τὸ
649 2758 745 2800 cod.
921 2761 988 2799 14.
1019 2758 1068 2799 δ’
1099 2756 1283 2810 ὀβολὸς]
1317 2756 1366 2799 δὲ
1397 2757 1533 2808 βολὸε
1565 2759 1661 2800 cod.
1778 2759 1844 2800 15.

327 2819 565 2872 ἠερατίων
597 2825 695 2865 cod.
812 2821 853 2867 α’
883 2826 930 2879 5]
965 2825 1015 2868 ἓν
1045 2827 1178 2880 ἥμιευ
1212 2827 1309 2868 cod.
1455 2830 1523 2869 21.
1555 2826 1714 2879 χρήειν
1746 2827 1844 2868 cod.

329 2891 397 2930 22.
429 2893 532 2942 post
561 2886 662 2943 ρκη’
695 2893 858 2935 desunt
887 2909 1059 2947 pauca;
1091 2897 1197 2939 vide
1231 2897 1285 2939 fr.
1318 2897 1424 2949 64‚8

1883 57 1907 77 «ᾖ

1912 90 1929 133 ,f

1893 139 1907 150 fr

1876 158 1897 182 ..ἶς’
1913 153 1917 156 ”
