1946 3220
613 39 782 73 :agam
808 39 909 70 τα,
950 42 1060 67 -2.-·

182 134 301 228 ‚233³
448 139 451 142 ⁶
589 166 924 204 SORIPTORRS
949 168 1224 206 nonanos.
1638 154 1670 206 7

100 288 126 338 ¹-
151 323 155 358 ζ
232 286 334 348 ¹'De
362 306 496 348 Balbi
522 309 791 360 empositione
824 313 868 349 et
895 309 1063 350 ratione
1092 309 1543 361 onmffimformarum.

76 385 98 409 ‘
243 393 452 440 Frontini
478 401 524 440 et
542 394 707 455 Hygini
733 394 862 441 locos
888 409 990 442 cum
1015 397 1172 457 paucis
1198 395 1492 456 absolvimuS‚
1518 402 1664 445 restat
1681 391 1768 441 112

36 510 39 514 .
88 500 97 509 -.
136 470 191 512 ut
214 464 476 512 accuratius
494 470 740 525 quaeratur
759 465 813 510 de
832 465 957 511 Balbi
986 466 1186 528 scriptis,
1215 481 1304 528 qua
1324 468 1370 512 in
1391 480 1440 513 re
1459 480 1551 531 non
1574 473 1668 515 tam

137 535 184 581 id
209 534 332 596 quod
358 535 458 595 ipse
482 535 632 580 sentio
659 534 843 581 difficile
878 550 979 582 esse
1011 536 1138 583 video
1165 536 1216 583 ad
1243 536 1666 596 demonstrandum,

69 651 73 654 Α
138 618 275 666 quam
300 604 488 650 diversis
512 605 783 651 Lachmanni
811 612 857 651 et
882 606 1145 652 Mommseni
1169 607 1408 653 sententiis
1436 607 1544 653 mihi
1570 621 1667 653 non

54 684 82 726 -ζ
139 674 347 736 probatis
374 675 707 735 quodammodo
733 675 995 736 perturbor.
1058 676 1166 722 Nam
1196 676 1273 722 ille
1301 683 1345 723 et
1373 691 1534 723 novam
1558 691 1668 738 pro-

46 740 73 797 J
138 745 297 806 posuit
331 745 455 791 Balbi
501 746 800 806 expositionis
844 746 1188 807 inscriptionem
1234 754 1280 792 et
1318 746 1461 792 eidem
1507 746 1669 792 tribuit

75 811 78 814 ⁴
138 813 304 861 librum
341 815 396 860 de
431 811 599 875 asse¹);
639 816 753 862 alter
785 823 935 862 autem
962 816 1147 862 Balbum
1184 816 1239 862 de
1276 830 1331 862 eo
1368 817 1557 862 maxime
1594 831 1666 862 ar-

128 876 356 946 'gumento
394 887 542 946 egisse
578 886 807 932 existimat
842 887 962 947 quod
1000 888 1261 933 continetur
1297 886 1427 932 libris
1467 886 1665 932 colonia·

38 972 46 983 ¹
119 951 256 1013 rum,
283 956 570 1002 recensuisse
595 957 737 1016 igitur
762 957 808 1002 in
834 955 912 1002 illa
948 957 1234 1018 expositione
1259 956 1428 1003 formas
1466 955 1561 1017 agri
1590 970 1667 1002 co·

137 1024 382 1083 loniarum‚
410 1026 455 1071 id
482 1032 554 1072 est
580 1033 716 1087 typos
742 1026 811 1071 vel
839 1026 1016 1073 tabulas
1045 1026 1179 1085 aeris,
1210 1027 1376 1088 quibus
1399 1026 1511 1072 fines
1533 1040 1667 1085 agro-

138 1107 237 1140 rum
282 1102 493 1143 accurate
531 1096 746 1157 descripti
788 1103 833 1142 et
877 1097 1130 1158 scripturae
1181 1102 1399 1143 contextu
1447 1095 1666 1142 illustrati

138 1162 326 1225 erant2).
728 1220 730 1222 v

247 1235 371 1292 Quae
398 1250 483 1295 ego
510 1236 610 1294 hic,
648 1244 700 1282 ut
725 1251 806 1297 par
830 1236 942 1295 suit,
979 1237 1352 1293 commemoravi,
1389 1248 1446 1280 ne
1470 1248 1670 1281 summo-

139 1295 241 1351 rum
275 1307 476 1351 virorum
511 1306 675 1366 placita
713 1306 872 1352 leviter
905 1306 1161 1365 neglexisse
1200 1306 1404 1361 videret-3
1443 1312 1488 1351 at
1520 1311 1669 1351 tamen

0 1431 1 1437 ἵ
51 1424 53 1426 ,
138 1377 185 1421 in
212 1376 297 1421 hac
314 1376 595 1436 praefatione
615 1376 902 1422 brevioribus
923 1375 1087 1421 finibus
1119 1377 1464 1435 circumscripta
1494 1374 1670 1421 eadem·

58 1443 62 1446 ’
141 1458 231 1506 que
254 1445 401 1491 Latini
427 1447 649 1492 sermonis
685 1448 838 1506 rigore
874 1445 1088 1506 impedita
1121 1459 1211 1491 non
1246 1445 1290 1490 id
1316 1445 1540 1504 agendum
1567 1458 1669 1490 esse

139 1515 270 1572 duxi,
306 1523 357 1561 ut
392 1515 586 1561 aliorum
623 1517 860 1561 sententiis
887 1516 1150 1561 adversarer
1176 1522 1221 1560 et
1249 1515 1379 1574 quasi
1405 1514 1576 1560 bellum
1601 1515 1671 1559 in·

140 1585 334 1642 serrem3
373 1585 451 1631 sed
486 1598 629 1630 meam
665 1587 927 1646 opinionem
964 1583 1161 1645 simplici
1196 1586 1405 1630 oratione
1438 1584 1557 1630 malo
1597 1596 1672 1628 ex-

139 1669 368 1716 promere,
396 1655 434 1701 si
461 1657 538 1715 qui
566 1657 612 1701 in
638 1657 711 1701 his
739 1656 860 1716 quod
886 1655 1124 1716 probabile
1151 1655 1357 1700 videatur
1383 1655 1629 1701 inveniant.

246 1724 493 1771 Profitetur
517 1725 681 1772 Balbus
715 1727 761 1770 in
798 1726 1080 1786 praefatione
1123 1739 1172 1770 se
1199 1724 1439 1770 scribendo
1467 1724 1507 1768 ei
1533 1722 1672 1781 libro,

142 1808 276 1855 quem
317 1802 411 1840 tum
437 1796 563 1840 misit
599 1796 654 1841 ad
692 1795 896 1851 Celsum,
942 1795 1203 1840 iamdudum
1245 1794 1472 1839 intentum
1511 1791 1672 1848 fuisse,

143 1865 225 1911 sed
253 1866 555 1911 intervenisse
582 1867 872 1927 imperatoris
899 1864 1248 1924 expeditionem.
1312 1863 1423 1908 Tum
1450 1875 1498 1907 se
1524 1860 1675 1907 studia

143 2045 293 2099 deque
324 2047 444 2086 notis
468 2045 672 2098 partium
706 2044 825 2084 assis
858 2044 1047 2096 exposui
1084 2043 1133 2082 iu
1163 2041 1471 2095 praefatione.
1530 2039 1675 2080 Deni-

28 2107 40 2123 ⁷*
72 2146 77 2150 ἡ
143 2114 230 2155 que
261 2101 382 2143 hunc
412 2100 743 2167 Ptoleqaicum
776 2099 1108 2152 Cyrenensium
1147 2097 1314 2150 pedem
1357 2099 1574 2138 accurate
1606 2094 1674 2135 di-

143 2158 283 2198 stinxi
314 2171 342 2198 a
373 2158 663 2198 Ptolemaica
704 2156 1034 2209 Aegyptiorum
1073 2166 1289 2195 mensura
1322 2165 1375 2194 eo
1406 2152 1508 2192 loco
1540 2163 1674 2204 quem

55 2225 63 2235 ‘
140 2213 233 2256 vol.
254 2213 278 2254 1
298 2228 342 2267 p.
362 2215 418 2254 24
441 2213 544 2254 adn.
568 2215 593 2252 2
618 2216 732 2253 extr.
768 2211 930 2262 citavi3
969 2214 1015 2251 et
1036 2211 1219 2251 omnino
1245 2209 1367 2250 conf.
1401 2207 1529 2248 illam
1556 2207 1581 2256 ξ
1604 2207 1674 2249 16.

259 2282 304 2336 1)
337 2283 456 2324 Vide
490 2283 692 2324 Gromat.
724 2283 747 2322 I
780 2281 935 2322 adnot.
971 2280 1028 2320 ad
1059 2294 1102 2333 p.
1134 2281 1211 2331 91,
1243 2281 1283 2319 2.
1344 2278 1390 2318 ΙΙ
1428 2290 1471 2329 p.
1507 2278 1587 2317 133
1617 2288 1669 2325 s„

142 2339 263 2380 unde
294 2339 415 2380 haec
448 2339 681 2380 exscribo:
723 2339 831 2378 Wer
861 2337 976 2377 kann
1005 2336 1197 2386 zweifeln
1229 2336 1334 2375 dass
1364 2333 1484 2373 beide
1506 2331 1673 2382 Schrif-

146 2401 216 2436 ten
257 2391 326 2447 (id
365 2399 436 2436 est
473 2395 697 2448 expositio
739 2398 785 2434 et
823 2393 941 2434 liber
981 2393 1035 2432 de
1078 2390 1201 2443 asse)
1262 2390 1403 2430 Theile
1453 2386 1674 2428 desselben

154 2450 338 2492 Werkes
366 2453 493 2492 sind?
551 2451 615 2491 Es
644 2450 803 2491 moclzte
836 2450 943 2490 nach
975 2448 1020 2488 S.
1054 2450 1132 2498 94,
1170 2450 1198 2487 3
1227 2460 1279 2486 zu
1310 2444 1539 2493 zer-meilen,
1578 2455 1674 2483 ex-

139 2509 348 2559 positio
398 2513 449 2548 et
486 2508 631 2548 ratio
670 2508 888 2547 omnium
925 2514 1288 2544 mensurarum
1326 2501 1515 2552 liei-esen,
1566 2499 1676 2539 oder

46 2599 52 2606 ,
142 2564 355 2617 unpefa‘kr
389 2577 464 2606 so.-
510 2563 588 2615 ffir
622 2563 706 2603 den
746 2562 1115 2614 aufyenommenen
1147 2557 1374 2597 Absclznm
1410 2558 1573 2595 semen
1602 2554 1674 2594 die

63 2664 65 2666 ,
145 2618 349 2660 Sammzer
381 2620 671 2672 formarum
699 2623 804 2658 state
841 2627 1216 2657 mensurarum.
1278 2612 1450 2653 Contra
1481 2622 1566 2664 ego
1597 2609 1676 2650 de·

144 2675 408 2727 monstrabo
439 2676 583 2716 verba
616 2686 732 2728 quae
764 2687 807 2726 p.
839 2674 910 2723 94,
942 2674 967 2712 3
1017 2671 1232 2723 leguntur
1270 2665 1583 2708 tantummodo
1616 2664 1676 2705 ad

145 2730 295 2784 ipsam
331 2744 646 2773 mensurarum
686 2729 892 2770 tabulam
932 2727 1006 2767 cui
1043 2724 1249 2779 praefixa
1289 2727 1394 2764 sunt
1424 2722 1672 2775 pertinere,

144 2787 330 2828 minime
368 2801 478 2829 vero
518 2787 576 2828 ad
614 2783 754 2827 totius
792 2783 944 2837 operis
985 2785 1319 2834 argumentum.
1379 2778 1498 2819 Aliis
1537 2788 1672 2830 argu-

145 2845 313 2884 mentis
359 2845 666 2884 Mommsenus
706 2841 752 2880 11
789 2854 834 2893 p.
877 2839 956 2879 149
1007 2837 1286 2890 inscriptum
1336 2834 1451 2875 illud
1499 2834 1675 2875 omnium

142 2899 377 2950 formarum
406 2904 575 2941 tuetur.

261 2953 308 3006 2)
339 2956 393 2994 V.
427 2955 631 2996 Gromat.
666 2953 712 2993 ΙΙ
744 2965 792 3004 p.
827 2950 1061 2990 148—157.
1096 2949 1176 2990 180
1206 2960 1242 2988 s.
