1946 3220
52 80 80 105 ¹5·-

25 115 27 117 .
35 103 62 121 fi»

17 4 19 7 ι
119 0 202 17 φινζ,
286 0 318 10 ⁷1

24 0 127 68 ff«-

31 59 98 92 .‚'y-

57 148 73 171 .·
151 124 252 195 [17]
553 139 847 176 romanens
883 141 952 174 m·
992 139 1312 180 QUADRATIS.
1570 122 1673 176 201

251 249 300 302 2.
338 250 396 303 Ἡ
423 249 677 314 παλαιςτὴ
706 248 815 313 ἔχει
840 248 1132 302 δακτύλους
1157 245 1218 301 δ’.

251 333 298 386 3.
335 333 396 386 ‘O
422 335 596 398 πῆχυς
625 332 733 397 ἔχει
757 332 930 385 πόδας
955 332 1003 385 α’
1028 342 1079 396 5,
1106 332 1223 397 ἤτοι
1244 332 1534 387 παλαιςτὰς
1561 332 1620 392 ς’.

250 418 297 470 4.
336 418 416 471 Τὸ
440 419 576 483 βῆμα
600 415 709 481 ἔχει
734 416 917 480 πήχεις
943 415 1003 482 β’,
1039 417 1158 482 ἤτοι
1191 417 1362 471 πόδας
1386 414 1453 482 γ’,
1486 419 1675 471 παλαι-

62 550 66 554 ,
145 503 267 556 ςτὰς
294 500 370 567 ιβ’.

250 585 297 639 5.
335 586 393 638 Ἡ
423 584 613 649 οὐργία
638 584 747 649 ἔχει
772 584 973 650 βήματα
998 581 1059 649 β’,
1093 585 1212 649 ἤτοι
1247 585 1431 650 πήχεις
1461 580 1524 650 δ’,
1558 586 1675 652 ἤτοι
1705 599 1732 639 5

143 671 315 724 πόδας
339 668 400 732 ς’,
427 669 596 733 ἤγουν
623 667 879 733 ςπιθαμὰς
905 667 950 720 θ’
972 668 1266 721 δακτύλους
1290 667 1348 720 δ’.

249 753 296 806 6.
334 755 392 807 Ἡ
435 752 626 807 ἄκαινα
666 753 774 818 ἔχει
810 751 1027 817 οὐργίας
1058 750 1107 804 α’
1130 761 1190 815 5,
1227 751 1344 817 ἤτοι
1387 753 1572 820 πήχεις
1611 754 1674 816 ς’,

142 839 258 904 ἤτοι
292 838 465 891 πόδας
490 834 552 902 θ’,
579 835 868 890 παλαιςτάς
894 832 989 894 λς’.

251 922 296 975 7.
334 922 410 976 Τὸ
446 921 682 987 πλέθρον
722 921 830 986 ἔχει
859 919 1083 974 ἀκαίνας
1112 919 1160 984 ι’,
1194 920 1312 986 ἤτοι
1345 920 1563 986 οὐργίας
1597 920 1673 984 ιε’,

26 1013 63 1062 .'‚·
141 1008 257 1073 ἤτοι
284 1006 486 1072 βήματα
510 1003 573 1068 λ’,
599 1006 785 1070 πήχεις
812 1003 870 1067 ξ’,
903 1003 1077 1058 πόδας
1101 1004 1168 1068 Q'.
1255 1026 1261 1030 ¹
1704 1017 1757 1062 10

248 1090 296 1143 8.
334 1090 410 1144 Τὸ
446 1089 658 1144 ςτάδιον
698 1089 807 1155 ἔχει
849 1089 1054 1154 πλέθρα
1089 1088 1151 1152 ς’,
1193 1089 1312 1154 ἤτοι
1358 1088 1577 1142 ἀκαίνας
1616 1089 1675 1154 ξ’,

140 1176 259 1240 ἤτοι
285 1174 502 1239 οὐργίας
529 1173 591 1239 ρ’,
620 1175 822 1239 βήματα
847 1171 903 1237 ς’,
929 1173 1116 1238 πήχεις
1146 1171 1211 1237 υ’,
1240 1172 1414 1226 πόδας
1438 1169 1497 1238 χ’.

248 1258 295 1311 9.
332 1258 408 1311 Τὸ
434 1257 607 1322 μίλιον
626 1258 758 1311 κατὰ
777 1259 870 1323 μὲν
887 1256 1264 1322 Ἐρατοςθὲνην
1288 1258 1373 1309 καὶ
1388 1257 1676 1325 (Στράβωνα

141 1344 270 1396 τοὺς
302 1341 661 1406 γεωγράφους
691 1341 800 1406 ἔχει
835 1341 1080 1395 ςταδίους
1106 1340 1154 1405 η’
1178 1341 1262 1393 καὶ
1285 1337 1363 1404 γ”,
1397 1341 1514 1406 ἤτοι
1550 1341 1675 1407 οὐρ-

139 1426 257 1490 γίας
284 1424 435 1487 ωλγ’·
477 1425 612 1478 κατὰ
645 1426 705 1478 δὲ
738 1426 801 1478 τὸ
839 1427 940 1478 νῦν
966 1427 1198 1490 κρατοῦν
1225 1424 1348 1478 ἔθος
1375 1425 1554 1477 ςτάδια
1578 1427 1673 1490 μὲν
1707 1434 1761 1474 15

142 1511 250 1577 ἔχει
272 1507 366 1574 ζ’β,
392 1509 510 1575 ἤτοι
532 1508 758 1575 οὐργίας.
774 1507 885 1575 ψν’,
909 1509 1027 1574 ἤτοι
1055 1509 1255 1587 βήματα
1279 1505 1406 1578 ,otcp'⁹
1434 1509 1552 1574 ἤτοι
1578 1510 1675 1574 πή-

140 1611 248 1660 χεις
271 1612 332 1668 ἐγ.

251 1678 329 1730 10.
369 1678 473 1731 Δεῖ
506 1678 565 1731 δὲ
591 1677 867 1741 γινώςκειν
897 1677 972 1731 ῶς
1007 1679 1070 1731 τὸ
1095 1680 1196 1732 νῦν
1221 1678 1394 1742 μίλιον
1419 1678 1539 1743 ἤτοι
1561 1680 1674 1732 τῶν

141 1762 215 1815 Z'5
254 1762 480 1815 ςταδίων
519 1761 737 1826 οὐργίας
761 1762 871 1829 Ῐμὲν
906 1761 1289 1827 γεωμετρικάς,
1339 1761 1415 1815 ὡς
1450 1762 1675 1828 ἔφημεν,

140 1845 250 1910 ἔχει
282 1840 389 1911 ψν’,
418 1845 592 1898 ἁπλᾶς
621 1846 680 1897 δὲ
707 1842 813 1909 ωμ’.
871 1845 924 1897 αἱ
950 1846 1052 1910 γὰρ
1088 1844 1132 1910 ρ’
1159 1844 1366 1910 οὐργίαι
1395 1862 1675 1912 γεωμετρι-
1706 1861 1761 1902 20

140 1930 224 1983 καὶ
256 1924 352 1995 ριβ’
380 1930 732 1982 ἀποτελοῦςιν
760 1928 932 1982 ἁπλᾶς
962 1929 1194 1994 οὐργίας.

226 2083 309 2135 17.
359 2083 408 2134 Ε
440 2083 667 2135 Tacticz's
694 2083 1025 2135 Constantini
1051 2082 1592 2151 Porphyroyennetae.

680 2167 814 2220 (Vide
845 2169 958 2223 prol.
991 2170 1016 2220 ἓ
1048 2169 1136 2222 36.)

248 2251 437 2305 Ἰςτέον
466 2249 548 2303 ὅτι
573 2252 629 2306 ἓξ
653 2251 818 2305 πόδες
844 2254 1088 2306 ποιοῦςιν
1119 2251 1343 2317 ὀργυιὰν
1369 2251 1517 2317 μίαν,
1553 2251 1605 2304 αἱ
1628 2251 1675 2304 δ’

144 2335 333 2388 ἑκατὸν
360 2334 567 2399 ὀργυιαὶ
593 2336 807 2389 ςτάδιον
836 2336 914 2400 ἕν,
942 2337 1008 2389 τὰ
1033 2338 1091 2390 δὲ
1116 2337 1249 2390 ἑπτὰ
1273 2336 1356 2389 καὶ
1380 2336 1531 2400 ἥμιςυ
1559 2335 1674 2388 ςτά-
1704 2350 1761 2390 25

141 2422 227 2471 δια
251 2418 422 2483 μίλιον
450 2418 527 2482 ἕν,
557 2418 692 2472 ὥςτε
719 2418 859 2484 ἔχειν
884 2420 947 2473 τὸ
974 2420 1145 2485 μίλιον
1168 2419 1339 2473 πόδας
1359 2435 1673 2485 τετρακιςχι-

140 2502 291 2555 λἰους
316 2501 709 2556 πεντακοςίους.
1597 2498 1602 2502 ’

254 2645 295 2684 5.
337 2642 533 2696 οὐργυιὰ
571 2644 746 2703 Mer-cer
785 2643 927 2695 (infra
964 2642 1184 2697 οὐργυίας
1224 2643 1335 2698 etc.)
1466 2646 1506 2688 6.
1545 2643 1673 2686 δακτ.

141 2707 211 2766 (ἧδ’
234 2714 350 2757 coni.
368 2714 545 2755 Mercer
660 2716 725 2755 12.
759 2707 795 2755 ς’
825 2727 941 2758 corr.
971 2714 1114 2766 idem,
1149 2707 1218 2766 (μ’
1237 2714 1344 2755 libri
1461 2716 1528 2757 15.
1562 2708 1674 2765 ωλγ’

142 2784 220 2825 alii
247 2786 367 2826 teste
402 2783 580 2835 eodem,
615 2778 727 2829 ωλς’
757 2783 865 2825 libri
983 2785 1048 2824 16.
1082 2782 1246 2836 πήχεις
1277 2794 1318 2843 ,ς
1346 2783 1478 2837 libri,
1509 2782 1673 2837 πήχεις

143 2862 183 2908 ,γ
211 2851 364 2904 ἤγουν
395 2853 622 2905 ςπιθαμὰς
654 2864 694 2911 ις
727 2853 844 2895 coni.
875 2854 1120 2896 Ileimbaclz.
