1946 3220
0 3073 15 3220 ''³42'‘
0 2853 19 3050 'sev-rnvsuqx
0 2826 5 2834 ·
0 2754 11 2808 ,ην
0 2677 14 2707 -ιι

78 130 99 195 ,”
123 146 256 218 [106]
617 168 648 201 n
689 167 846 204 sumA
882 169 1170 205 nxcssm‘m.
1236 162 1241 165 '
1546 155 1651 210 343

126 273 159 339 ἡ
187 274 409 339 ςυνωρὶς
449 275 511 328 τὸ
545 276 640 340 μὲν
677 275 822 341 εἶχεν
860 276 1092 344 ὀβολοὺς
1126 278 1183 333 ἐκ
1217 282 1444 347 χαλκοῦ,
1484 282 1547 337 τὸ
1592 284 1652 338 δὲ

44 375 79 403 ³:
126 360 384 424 ςτατῆρας
410 359 645 424 χρυςίου,
670 363 780 415 τῶν
807 361 1049 429 Εὐμήλου
1073 362 1257 420 ἵππων
1277 366 1419 419 πολὺ
1444 368 1650 432 μᾶλλον

37 459 67 502 ·,
126 441 380 508 ἀλλήλοις
409 442 655 498 ἐοικότα’

233 527 461 594 (τατήρ,
495 528 894 595 τετράδραχμον
928 531 1174 597 νόμιςμα,
1211 532 1274 587 τὸ
1306 534 1547 600 ἑξάγιον,
1585 536 1650 590 τὸ

125 611 326 675 ζύγιον,
354 612 387 678 ἢ
413 610 559 667 εἶδος
585 614 912 679 νομίςματος.
960 616 1355 683 Ἀριςτοφάνης,
1381 619 1442 673 ἐν
1467 619 1648 674 Πλού-
1679 630 1707 673 5

122 712 227 764 τῳ·
261 699 521 763 ’ςτατῆρςι
546 699 601 750 δ’
628 699 678 752 οί
703 699 1030 765 θεράποντες
1051 700 1651 767 ἀρτιάζομεν,’τουτέςτι

125 781 395 846 νομίςμαςι
428 782 683 850 παίζομεν
722 783 876 849 ἄρτια
899 785 931 849 ἢ
959 785 1188 851 περιττά.
1245 785 1425 851 εὁρᾶτε
1460 787 1554 852 μέν
1587 805 1649 854 με

121 865 387 932 δεόμενον
416 869 674 933 ςωτηρίας
700 869 1174 935 τετραςτατήρου·’
1210 871 1611 937 Ἀριςτοφάνης.

231 950 502 1017 ξύμβολα,
530 954 737 1018 ςημεῑα,
767 953 944 1019 μέτρα.

232 1035 535 1101 Εχοίνιςμα,
571 1038 766 1103 μέτρου
802 1038 991 1102 μέρος,
1024 1039 1337 1104 κληρουχία,
1373 1038 1404 1103 ἡ
1434 1041 1526 1104 τῆς
1551 1041 1650 1105 γῆς
1681 1051 1737 1092 10

122 1120 415 1173 δεςποτεία.
443 1120 581 1174 ἴδιον
603 1122 707 1187 γὰρ
732 1125 843 1176 τῶν
869 1123 1203 1187 κεκτημένων
1229 1123 1401 1193 μέτρῳ
1426 1124 1522 1191 τὴν
1547 1125 1649 1190 γῆν

120 1203 463 1270 ὑποβάλλειν.
1190 1227 1194 1233 ·

231 1289 479 1354 Εχοῑνος,
506 1290 701 1354 μέτρον
727 1291 1042 1356 γεωργικόν,
1074 1290 1149 1343 ὥς
1175 1307 1332 1357 φηςιν
1358 1291 1648 1356 Ἡρόδοτος

120 1373 183 1427 ἐν
208 1378 270 1442 τῇ
297 1374 521 1441 δευτέρᾳ
546 1377 656 1427 τῶν
687 1374 948 1439 ἱςτοριῶν.

227 1458 503 1520 Τάλαντα,
529 1459 594 1512 τὰ
619 1459 752 1521 ζυγὰ
777 1461 861 1511 καὶ
886 1460 951 1512 τὰ
977 1459 1237 1524 ἱςτάμενα.
1311 1511 1327 1526 ,
1682 1469 1736 1512 15

231 1543 510 1597 Τάλαντον
536 1543 714 1596 πολλὰ
738 1543 834 1609 μὲν
859 1542 1105 1609 ςημαίνει.
1131 1543 1163 1607 ἢ
1190 1544 1291 1608 γὰρ
1318 1531 1380 1596 τὸ
1408 1543 1650 1607 μέγιςτον

118 1627 219 1680 τοῦ
254 1626 471 1692 χρυςίου
500 1628 583 1680 καὶ
608 1627 866 1694 ἀργυρίου
900 1628 1089 1693 μέρος,
1132 1628 1254 1681 καθ’
1282 1627 1313 1680 ὃ
1342 1627 1652 1692 ςημαινόμε-

120 1727 222 1766 νον
260 1711 608 1777 Δημοςθένης
646 1712 773 1778 φηςί
808 1711 1143 1776 πεντήκοντα
1177 1711 1424 1767 τάλαντα.
1472 1712 1503 1775 ἢ
1533 1726 1651 1764 ςτα-

120 1798 257 1860 θμοῦ
279 1813 326 1848 τι
349 1793 546 1860 ὄνομα·
587 1795 766 1861 ὥςπερ
791 1795 1197 1862 Ἀριςτοφάνης·
1230 1794 1428 1860 “ἀλλ’ἦ
1457 1794 1650 1848 ταλάν-

121 1895 199 1948 τῳ
219 1881 435 1945 μουςικὴ
450 1880 775 1945 κριθήςεται.’
802 1880 885 1932 καὶ
897 1879 1198 1945 Ὁμηρικόν·
1230 1878 1648 1945 ’χρύςειαπατὴρ
1679 1889 1737 1932 20

121 1962 345 2018 ἐτίταινε
356 1964 625 2017 τάλαντα.’
646 1964 825 2029 τρίτον
837 1960 1223 2030 ςημαινόμενον
1241 1963 1272 2029 ἡ
1290 1962 1445 2030 ῥοπή.
1466 1963 1649 2027 τέταρ-

120 2063 219 2105 τον
246 2048 469 2114 ἀριθμοῦ
493 2066 540 2102 τι
561 2047 757 2113 ὄνομα·
784 2050 867 2101 καὶ
892 2049 1296 2102 πολυτάλαντος
1318 2046 1348 2100 ὁ
1369 2045 1648 2100 πλούςιος·

121 2132 206 2185 καὶ
230 2133 293 2185 τὸ
320 2133 629 2198 Ὁμηρικόν·
658 2135 818 2187 (κεῖτο
839 2133 942 2198 γὰρ
968 2133 1027 2188 ἐν
1054 2133 1278 2198 μέςςοιςι
1303 2132 1401 2185 δύο
1429 2131 1648 2196 χρυςοῑο

119 2215 388 2269 τάλαντα.’
416 2219 500 2270 καὶ
527 2218 844 2271 διτάλαντον
872 2218 931 2270 δὲ
956 2218 1040 2270 καὶ
1064 2216 1413 2283 τριτάλαντον
1433 2215 1516 2268 καὶ
1535 2214 1647 2278 ἡμι-

117 2301 389 2355 τάλαντον
411 2303 632 2365 λέγεται.
660 2301 855 2368 ἀρχαία
872 2302 931 2355 δὲ
950 2301 981 2366 ἡ
1003 2303 1179 2366 χρῆςις
1206 2301 1288 2353 καὶ
1308 2300 1340 2365 ἡ
1358 2301 1455 2353 τοῦ
1467 2296 1646 2364 τρίτον
1677 2306 1735 2350 25

234 2472 277 2515 4.
308 2458 659 2525 τετράδραχμον
690 2471 904 2524 Scaliyer‚
950 2469 1307 2523 τετράγραμμον
1344 2467 1452 2508 libri
1483 2466 1644 2507 Ber-nh.

120 2541 261 2582 Bekk.
359 2540 417 2584 τὸ
447 2541 653 2595 ἐξάγιον,
684 2540 742 2583 τὸ
773 2538 949 2592 ζύγιον]
984 2538 1041 2581 τὸ
1071 2546 1099 2580 5
1131 2552 1231 2580 cum
1262 2538 1572 2591 suprascripto
1602 2548 1647 2589 γ,

119 2609 180 2653 τὸ
210 2610 263 2654 Ζυ
296 2624 398 2654 cum
427 2624 658 2666 suprascr.
689 2622 717 2653 ν
747 2610 806 2662 Ας
849 2609 923 2651 καὶ
960 2608 1018 2651 τὸ
1050 2607 1255 2660 ἑξάγιον,
1296 2607 1370 2649 καὶ
1399 2605 1458 2648 τὸ
1487 2605 1647 2657 Ζύγιον

121 2680 261 2735 vulgo
395 2683 435 2724 5.
469 2679 806 2735 Ἀριςτοφάνης
839 2682 925 2721 etc.
964 2692 1050 2721 om.
1086 2678 1120 2719 A
1266 2679 1331 2719 13.
1363 2675 1644 2730 γεωργικόν]

116 2751 443 2805 γεωμετρικόν
481 2753 598 2795 coni.
640 2750 766 2792 Kust.
801 2763 823 2791 e
856 2749 987 2791 Phot.
1025 2750 1174 2800 Etym.
1210 2747 1316 2789 aliis
1460 2748 1528 2789 17.
1560 2746 1647 2787 τοῦ

121 2820 176 2874 A,
206 2821 345 2876 vulgo
377 2835 463 2864 om.
582 2823 650 2865 20.
681 2818 889 2871 Ὅμηρος
920 2818 1058 2861 Bekk.
1176 2819 1244 2859 22.
1279 2816 1353 2859 καὶ
1383 2817 1442 2865 Α,
1474 2814 1540 2858 ὡς
1572 2815 1646 2856 καί

122 2889 313 2945 reliqui,
345 2891 480 2946 idque
511 2891 650 2944 vulgo
690 2890 860 2933 editum
975 2890 1043 2931 23.
1074 2886 1162 2942 γὰρ
1194 2888 1287 2939 Av,
1319 2885 1368 2928 δ’
1397 2885 1479 2939 ἄρ’
1509 2885 1647 2938 vulgo

120 2971 180 3000 ex
208 2959 264 3002 11.
297 2958 330 3007 C
359 2963 442 3006 507
