1946 3220
544 152 863 188 scmp'rossns
891 152 1149 188 Gnaeos.
1538 136 1606 190 93

21 244 22 248 Ἰ
85 275 207 316 terea
231 267 444 328 Aegyptii
470 271 595 313 recte
633 265 947 327 appellantur,
986 269 1200 329 quoniam
1223 268 1271 313 in
1298 267 1507 330 Aegypto
1533 282 1608 315 ve-

82 345 156 386 tus
189 337 345 385 artaba
380 350 434 383 ex
466 336 667 383 Romano
706 337 859 383 modio
894 337 1077 385 definita
1109 343 1207 384 erat
1233 336 1282 397 (S
1304 337 1391 398 39).
1443 339 1607 385 Verum

82 411 182 470 ipsa
217 407 371 455 artaba
401 420 518 468 quae
549 407 622 453 hic
653 407 842 454 affertur
865 421 950 455 nec
979 408 1210 455 recentior
1241 415 1314 455 est
1347 409 1606 456 modiorum

80 482 217 526 trium
243 485 289 525 et
312 477 494 525 trientis
520 490 605 524 nec
630 478 854 525 vetustior
884 478 960 525 illa
994 481 1087 526 sive
1120 478 1395 527 Ptolemaica
1430 480 1607 528 modio·

80 564 182 597 rum
230 555 450 610 quattuor
496 548 713 595 semissis.
783 549 1047 596 Revocanda
1094 556 1243 596 tamen
1284 558 1392 597 sunt
1425 552 1473 596 in
1513 563 1606 598 me-

79 621 268 667 moriam
306 634 419 680 quae
451 634 590 681 supra
627 619 785 666 eodem
812 619 915 667 loco
945 619 993 679 (§
1020 620 1091 683 39)
1124 621 1178 666 de
1211 622 1446 683 Aegyptiis
1482 635 1606 668 men·

78 692 200 738 suris
225 690 309 737 sub
333 691 639 737 Romanorum
674 692 864 751 imperio
906 691 1091 737 mutatis
1123 691 1332 737 diximus.
1392 692 1607 740 Universa

77 775 389 822 mensurarum
415 763 532 807 ratio
558 775 582 806 e
607 761 760 807 cubito
795 760 940 808 solido
967 761 1302 821 Romanorum,
1343 764 1421 823 qui
1452 763 1606 810 decem

76 832 256 879 modios
291 831 518 893 capiebat,
556 831 859 878 derivabatur.
922 831 1013 879 Iam
1051 833 1089 878 si
1129 846 1286 879 omnes
1329 833 1604 880 vetustiores

77 917 314 950 mensuras
339 916 520 949 servare
545 901 824 961 voluissent,
850 901 1174 949 Ptolemaicum
1200 903 1496 961 medimnum,
1527 904 1606 965 qui

78 980 211 1020 antea
233 973 290 1020 IX
313 974 570 1020 modiorum
595 973 771 1031 fuerat,
801 973 1157 1020 decemmodium
1193 973 1343 1021 facere
1367 974 1603 1021 debebant.

77 1042 248 1100 Quodsi
273 1045 359 1091 hoc
388 1045 537 1090 minus
562 1043 794 1106 placebat,
831 1051 982 1090 tamen
1014 1044 1288 1092 Ptolemaica
1318 1044 1500 1106 artaba,
1538 1045 1605 1091 di-

76 1115 213 1162 midia
237 1115 451 1161 medimni
476 1130 599 1177 pars,
627 1117 691 1161 ita
715 1115 857 1176 recipi
882 1122 1093 1177 poterat,
1123 1122 1175 1162 ut
1202 1116 1289 1162 iam
1318 1116 1501 1164 dimidia
1527 1130 1605 1164 cu-

0 1210 9 1238 i
75 1185 161 1232 biti
185 1201 291 1247 pars
318 1187 410 1232 sive
436 1185 471 1229 V
494 1186 750 1232 modiorum
774 1186 916 1232 fieret.
970 1187 1067 1233 Hoc
1092 1188 1179 1233 etsi
1206 1187 1262 1233 ad
1288 1188 1432 1247 ipsam
1457 1189 1604 1248 Aegy-

75 1265 206 1318 ptum
243 1271 334 1302 non
360 1257 501 1303 valuit
523 1283 593 1289 —
618 1271 721 1302 nam
746 1257 809 1303 ibi
836 1259 1020 1304 omnino
1048 1258 1199 1303 minor
1223 1257 1379 1304 artaba
1402 1258 1604 1304 modium

75 1328 214 1374 trium
242 1334 288 1373 et
312 1327 492 1373 trientis
516 1329 563 1373 in
589 1342 676 1373 usu
702 1328 843 1373 fuisse
861 1328 1041 1374 videtur
1057 1354 1128 1361 —
1146 1336 1296 1374 tamen
1321 1328 1375 1374 ab
1400 1328 1477 1375 illa
1496 1342 1605 1389 pro-

0 1420 3 1459 3
74 1398 219 1444 vincia
245 1411 360 1459 quae
383 1397 491 1444 olim
509 1399 839 1460 Aegyptiorum
862 1398 1026 1457 fuerat,
1048 1399 1243 1460 Cyprum
1264 1399 1456 1445 insulam
1482 1400 1602 1458 dico,

0 1471 5 1477 ”
74 1482 333 1515 mensuram
359 1470 560 1530 quinque
584 1469 841 1515 modiorum
866 1483 958 1515 non
983 1469 1174 1515 alienam
1198 1469 1341 1515 fuisse
1364 1471 1606 1530 cognosci-

0 1544 2 1546 ’
75 1554 176 1587 mus
209 1555 262 1586 ex
295 1535 608 1601 Epiphani02).
667 1540 727 1586 Ea
765 1540 906 1600 igitur
940 1548 1010 1586 est
1034 1541 1259 1602 Aegyptia
1292 1540 1449 1588 artaba
1486 1554 1603 1602 quae

74 1610 163 1658 hoc
191 1611 293 1658 loco
318 1617 717 1658 commemoratur.

74 1764 141 1805 De
171 1765 224 1804 iis
253 1763 406 1804 tabulis
436 1777 543 1817 quae
575 1765 758 1817 primam
787 1764 1097 1816 expositionem
1121 1765 1322 1816 promime
1351 1768 1600 1818 sequuntur.

180 1852 408 1898 Hactenus
443 1852 498 1897 de
532 1852 677 1912 prima
714 1851 965 1912 ponderum
995 1857 1042 1896 et
1076 1864 1388 1898 mensurarum
1424 1851 1603 1912 exposi-
1623 1845 1688 1893 54

0 1924 2 1926 ’
77 1924 202 1968 tione
228 1936 343 1983 quae
370 1921 522 1968 Galeni
548 1924 730 1968 nomine
757 1922 1037 1969 inscribitur.
1087 1921 1224 1968 Cuius
1250 1923 1337 1967 etsi
1367 1928 1601 1968 auctorem

74 1993 246 2040 frustra
282 1994 610 2054 quaesivimus,
639 2000 788 2038 tamen
816 1999 860 2038 et
887 2007 975 2053 qua
998 1992 1095 2039 sere
1120 1999 1266 2038 aetate
1300 1994 1470 2053 scripta
1499 2006 1601 2039 esse

75 2064 332 2122 videretur,
360 2066 586 2110 coniicere
613 2065 873 2124 potuimuS,
913 2070 958 2109 et
983 2063 1039 2109 ab
1065 2077 1158 2109 uno
1186 2063 1264 2109 illa
1298 2062 1446 2110 omnia
1475 2071 1600 2110 certo

78 2134 236 2181 ordine
273 2143 318 2181 et
353 2134 545 2181 consilio
579 2136 834 2195 composita
870 2149 970 2180 esse
1008 2130 1320 2196 cognovimus.
1371 2134 1461 2180 Iam
1492 2148 1601 2181 vero

77 2206 284 2267 sequitur
318 2206 438 2266 apud
482 2201 810 2265 Charterium¹)
853 2204 1064 2252 collectio
1103 2205 1321 2266 quaedam
1359 2199 1601 2266 indigesta,

190 2398 234 2451 2)
265 2399 319 2440 V.
343 2399 467 2440 infra
497 2398 552 2441 fr.
573 2399 651 2451 82,
673 2401 713 2442 7.
756 2399 1009 2440 Nonnullos
1041 2399 1159 2440 alios
1189 2398 1315 2440 locos
1347 2397 1403 2439 de
1435 2397 1600 2438 artaba

76 2455 117 2498 V
147 2456 402 2497 modiorum
432 2455 651 2506 obscure,
689 2458 741 2496 ut
770 2455 909 2507 solet,
945 2455 1082 2496 affert
1110 2455 1372 2497 Bernardus
1403 2468 1449 2507 p.
1480 2455 1533 2495 66
1565 2466 1600 2495 s.

79 2511 169 2554 Sed
199 2516 356 2553 tamen
386 2524 503 2566 quae
535 2511 591 2552 de
611 2512 892 2565 Hieronymo
922 2511 1155 2566 significat
1185 2525 1242 2552 ea
1272 2513 1476 2565 corriges
1497 2510 1601 2552 sub-

77 2568 153 2609 tili
182 2569 436 2623 Queiponis
467 2568 778 2622 disputatione
809 2568 1019 2622 perlecta
1050 2568 1091 2619 (1
1120 2582 1164 2622 p.
1196 2569 1278 2608 212
1309 2566 1382 2621 s.).

194 2625 236 2679 1)
269 2626 422 2666 Primo
452 2625 683 2676 dubitavi,
715 2637 821 2664 num
844 2624 1113 2665 Charterius
1145 2637 1300 2666 omnes
1331 2624 1438 2666 illas
1467 2623 1602 2666 tabu-

78 2680 149 2723 las
179 2682 286 2723 inde
320 2696 348 2723 a
379 2682 533 2735 capite
564 2682 628 2722 VI
661 2681 820 2722 eodem
852 2681 1012 2722 ordine
1044 2681 1092 2721 in
1123 2681 1281 2722 codice
1313 2681 1468 2733 aliquo
1499 2694 1603 2734 per-

79 2738 278 2791 scriptas
315 2739 592 2789 invenisset3
635 2750 692 2778 ac
729 2738 830 2779 veri
874 2737 1068 2778 similius
1106 2737 1219 2778 mihi
1261 2738 1506 2780 videbatur
1546 2750 1603 2778 ea

78 2795 221 2836 variis
254 2809 278 2835 e
308 2795 440 2836 libris
474 2799 520 2835 et
548 2807 687 2835 manu
725 2794 909 2848 scriptis
942 2799 989 2834 et
1020 2794 1156 2835 editis
1193 2795 1444 2849 compilata
1483 2806 1601 2836 esse.

80 2850 171 2891 Sed
198 2855 356 2892 tamen
394 2852 443 2892 in
480 2852 536 2892 iis
576 2851 720 2904 copiis
760 2864 876 2904 quae
907 2850 1019 2891 mihi
1049 2852 1400 2905 suppeditarunt
1429 2850 1602 2892 nullum

79 2907 238 2948 inveni
268 2908 578 2961 fragmentum
611 2907 727 2960 quod
756 2907 894 2961 plane
927 2911 1201 2962 congrueret
1222 2921 1322 2949 cum
1342 2908 1437 2950 ullo
1460 2908 1603 2948 Char—

79 2963 274 3016 teriano,
306 2965 475 3005 similia
506 2969 659 3005 autem
689 2963 900 3017 plurima.
959 2964 1058 3015 Quo
1090 2965 1242 3017 facto,
1275 2966 1482 3007 siminus
1504 2977 1603 3005 cer-
