1946 3220
531 157 854 194 scnnvronns
881 157 1136 195 cameos.
1492 140 1592 194 141

21 327 23 330 Α
68 271 182 324 ταῖς
225 268 387 323 θείαις
430 268 664 333 γραφαῖς
709 267 904 321 εἰδέναι
946 266 1013 320 τὰ
1054 266 1194 332 πρὸς
1237 267 1593 332 πολυπειρίαν

68 341 227 407 μέρη,
257 339 397 402 λέγω
426 340 491 403 δὴ
519 338 641 403 περὶ
663 338 874 403 μέτρων
902 339 987 391 καὶ
1014 340 1286 409 ςταθμῶν,
1312 337 1490 406 τούτῳ
1515 342 1593 407 τῷ

17 443 26 466 ,-
67 410 439 479 ὑπομνηςτικῷ
466 408 811 474 ἐντυγχάνειν
838 410 904 474 μὴ
939 408 1275 464 κοτοκνείτω.
1334 413 1416 460 Hic
1441 415 1596 460 statim

16 479 23 533 Ῐ
69 501 93 533 e
118 486 343 548 particula
368 481 428 534 δὲ
452 483 657 530 libellum
683 490 760 530 aut
784 491 961 545 partem
993 486 1179 531 maioris
1217 484 1408 531 alicuius
1444 486 1596 545 operis

68 557 211 603 fuisse
230 563 308 602 aut
333 557 514 602 initium
538 569 631 600 non
650 555 879 614 integrum
899 562 1126 609 servatum
1149 569 1251 601 esse
1266 554 1597 602 concludimus.

66 627 159 674 Iam
195 626 407 687 longiore
437 639 644 672 sermone
674 621 803 686 μέρη
842 620 900 674 ἐν
937 623 1052 674 ταῖς
1075 620 1425 685 προφητείαις
1456 625 1597 687 expli-

12 720 22 726 ··
69 704 232 745 cantur
263 699 503 758 variaeque
538 702 701 755 notae,
741 695 907 756 quibus
939 698 987 742 in
1015 698 1158 743 sacris
1192 695 1358 742 litteris
1384 697 1453 742 uti
1480 696 1599 742 sole—

12 815 15 825 !
68 767 207 828 hant,
243 767 533 814 illustrantur
571 766 632 828 (p.
661 766 905 826 158—60).
974 767 1087 812 Tum
1131 768 1255 813 varia
1297 773 1374 812 aut
1414 766 1597 812 brevius

0 879 16 898 1.
69 844 484 886 commemorantur
515 844 594 883 aut
627 836 766 883 latius
797 845 1087 898 exponuntur
1113 837 1168 883 de
1204 839 1496 898 septuaginta
1529 838 1599 882 in-

12 942 14 945 ·
67 909 349 971 terpretibus
376 905 437 970 (p.
461 911 544 952 160
561 903 635 971 s.),
663 907 718 954 de
742 921 933 953 numero
958 907 1183 955 librorum
1211 906 1374 954 Sacrae
1402 907 1600 967 scriptu-

19 975 21 977 ’
68 993 146 1026 rae
169 977 237 1043 (p.
266 982 346 1025 161
374 978 447 1039 s.)‚
474 979 530 1025 de
555 978 933 1040 interpretatione
959 978 1188 1037 eiusdem,
1225 978 1393 1040 quIbus
1421 977 1602 1024 additur

11 1050 14 1061 ¹
67 1052 277 1111 ipsorum
314 1053 617 1111 interpretum
652 1050 850 1095 historia
881 1048 942 1110 (p.
969 1046 1216 1111 162—68).
1265 1049 1432 1096 Deinde
1468 1048 1602 1096 chro-

19 1135 21 1138 ·
67 1120 256 1182 nologia
295 1123 552 1182 perscripta
586 1127 657 1166 est
692 1135 716 1166 a
739 1119 1031 1179 Ptolemaeo,
1068 1120 1179 1181 Lagi
1204 1119 1326 1178 filio,
1355 1120 1410 1166 ad
1434 1133 1602 1166 annum

16 1201 18 1203 ’
69 1191 303 1251 cccxcll,
331 1192 409 1252 qui
448 1205 593 1238 annus
633 1205 685 1237 ex
722 1192 933 1236 extremis
966 1191 1118 1237 verbis
1154 1189 1349 1238 efficitur
1384 1189 1446 1251 (p.
1472 1188 1601 1248 177):

71 1256 151 1310 ὧν
176 1257 244 1310 τὰ
270 1256 359 1322 ἔτη
387 1258 537 1323 μέχρι
560 1260 656 1321 τῆς
679 1256 956 1321 Ἀρκαδίου
976 1256 1231 1310 ὑπατείας
1254 1256 1318 1310 τὸ
1343 1256 1600 1320 δεύτερον

67 1328 154 1379 καὶ
186 1327 481 1393 Ῥουφίνου
515 1327 860 1392 ἀριθμοῦνται
892 1325 984 1382 νζ’.
1018 1327 1119 1393 ἐφ’
1146 1326 1226 1381 ὧν
1262 1326 1601 1391 ἑτελεύτηςεν

71 1397 102 1451 ὁ
132 1397 586 1451 Οὐαλεντινιανὸς
628 1398 659 1451 ὁ
699 1398 967 1462 νεώτερος
1002 1398 1116 1450 υἱὸς
1145 1398 1601 1452 Οὐαλεντινιανοῦ

66 1471 167 1521 τοῦ
194 1469 428 1534 μεγάλου
455 1480 541 1521 cet.
600 1474 683 1520 Hic
718 1480 786 1519 est
822 1472 924 1519 finis
964 1473 1134 1534 prioris
1170 1474 1314 1535 partis
1349 1473 1519 1530 libelli,
1554 1475 1601 1518 in

70 1558 159 1605 qua
182 1545 306 1590 vides
330 1557 402 1590 res
428 1558 564 1606 quam
590 1545 739 1590 variae
766 1558 991 1606 quamque
1018 1544 1191 1590 alienae
1217 1545 1272 1591 ab
1297 1546 1400 1605 ipso
1427 1557 1602 1605 propo-

69 1614 160 1660 sito
192 1622 437 1675 congestae
464 1617 569 1661 sint.

178 1685 398 1747 Sequitur
438 1686 580 1732 altera
613 1700 750 1747 pars,
802 1699 936 1747 quam
980 1682 1164 1746 praeter
1197 1685 1428 1731 Petavium
1464 1684 1604 1730 edidit

70 1755 328 1816 Stephanus
373 1755 436 1802 Le
478 1752 713 1819 Moyne³)‚
761 1757 866 1802 inde
901 1771 926 1802 a
960 1756 1111 1802 verbis
1162 1752 1302 1804 Ἕως
1328 1748 1602 1814 ἐνταῦθα,

6 1840 14 1890 j
41 1863 44 1868 .
70 1822 479 1888 φιλοκαλώτατε
517 1834 624 1886 cet.‚
671 1840 787 1887 quae
830 1828 879 1871 in
914 1833 1075 1872 nostra
1111 1841 1296 1887 quoque
1333 1826 1603 1872 collectione

70 1899 219 1958 primo
244 1896 348 1944 loco
371 1897 590 1958 leguntur
615 1896 689 1956 (fr.
702 1896 791 1957 82).
827 1896 916 1943 Iam
938 1911 1046 1943 vero
1073 1897 1400 1944 dilucidissime
1426 1898 1603 1958 perspi-

5 2019 7 2023 *
72 1970 192 2015 citur
233 1981 330 2013 eam
364 1967 506 2014 libelli
543 1969 736 2014 formam
762 1982 877 2028 quae
904 1983 928 2014 a
952 1968 1133 2014 Petavio
1162 1969 1283 2014 edita
1313 1974 1384 2014 est
1406 1981 1499 2013 non
1526 1982 1603 2027 ge-

5 2034 19 2102 f'
70 2040 258 2085 nuinam
278 2053 394 2085 esse.
448 2037 558 2084 Nam
583 2053 686 2086 cum
716 2040 917 2100 scriptor
944 2040 1127 2084 omnino
1161 2039 1216 2084 de
1247 2040 1489 2101 proposito
1517 2051 1600 2084 suo

5 2106 18 2147 ἶ
73 2111 337 2170 exposuerit
362 2107 423 2169 (l)
452 2116 497 2155 et
520 2110 575 2155 de
604 2123 740 2167 coro,
765 2109 983 2156 Hebraica
1009 2123 1248 2170 mensura,
1281 2110 1504 2170 explicare
1533 2110 1603 2154 in·

24 2216 25 2220 ,
73 2181 247 2240 ceperit
274 2176 360 2241 (2),
387 2182 539 2241 inepte
566 2182 839 2241 interposita
864 2187 935 2227 est
963 2182 1165 2227 omnium
1193 2194 1509 2226 mensurarum
1536 2186 1604 2224 ta-

70 2249 179 2296 bula
204 2251 422 2312 quaedam
458 2252 550 2297 sive
575 2251 709 2297 index
737 2248 823 2312 (3);
865 2258 962 2296 tum
985 2264 1091 2297 vero
1120 2266 1283 2297 rursus
1315 2252 1368 2297 de
1394 2265 1503 2296 coro
1530 2263 1603 2295 ex-

72 2327 263 2381 ponitur
289 2320 369 2379 (4),
397 2323 470 2367 cui
496 2321 802 2368 subiiciuntur
828 2317 1007 2381 λεθέκ,
1034 2317 1233 2382 γόμορ,
1269 2316 1479 2381 μναςίς,
1514 2315 1601 2366 ςά-

31 2446 35 2453 ,
72 2402 191 2450 τον,
222 2386 404 2450 μόδιος
432 2391 607 2451 (5—9).
669 2392 844 2438 Modius
878 2399 1054 2451 autem,
1087 2393 1334 2438 Hebraicus
1359 2392 1534 2436 scilicet
1549 2386 1602 2450 ⁴),

30 2487 31 2491 =
74 2476 176 2507 cum
205 2462 315 2506 XXII
341 2463 563 2508 sextarios
600 2477 765 2523 capere
799 2477 942 2524 eaque
970 2477 1180 2509 mensura
1206 2477 1332 2508 sacra
1354 2475 1453 2507 esse
1483 2462 1604 2507 dica-

23 2583 26 2595 Ι
77 2538 169 2591 tur,
195 2534 403 2592 sequitur
427 2532 612 2591 longior
637 2533 874 2592 degressio
911 2533 964 2578 de
998 2533 1109 2578 XXII
1144 2533 1358 2593 operibus
1385 2547 1409 2578 a
1436 2533 1519 2578 deo
1555 2532 1602 2577 in

27 2608 33 2611 “
77 2598 304 2649 creatione
339 2603 468 2648 sactiS
508 2603 758 2664 eodemque
798 2604 852 2649 de
887 2618 1077 2649 numero
1105 2603 1202 2649 aliis
1228 2605 1273 2649 in
1298 2602 1435 2650 rebus
1462 2605 1602 2649 sacris

189 2795 232 2849 3)
271 2797 414 2838 Varia
453 2809 588 2837 sacra.
627 2809 737 2837 cura
778 2801 823 2836 et
861 2797 1010 2837 studio
1050 2796 1273 2851 Stephani
1310 2799 1377 2839 Le
1417 2799 1599 2851 Moyne.

77 2852 202 2895 Tom.
232 2854 268 2893 Ι.
308 2854 456 2905 Lugd.
495 2855 662 2894 Batav.
698 2854 820 2894 1685.
882 2853 973 2903 Qui
1010 2854 1059 2894 in
1100 2855 1272 2895 edendo
1313 2854 1473 2895 libello
1507 2855 1600 2896 edi-

76 2908 202 2949 tione
233 2909 514 2961 Petaviana,
545 2910 672 2950 nullo
705 2910 861 2950 codice
894 2923 1031 2951 manu
1061 2911 1230 2965 scripto
1261 2924 1368 2952 usus
1402 2916 1486 2952 est.

189 2964 234 3017 4)
267 2965 400 3006 Conf.
432 2979 567 3019 supra
600 2968 623 3016 ἓ
656 2967 709 3007 86
743 2966 844 3007 adn.
878 2968 918 3009 4.
