1946 3220
299 174 409 228 260
667 186 986 223 FRAGMENTA
1021 185 1090 217 DE
1126 183 1388 220 MENSURIS
1725 155 1828 240 [832]

407 300 454 353 3.
494 297 761 360 Ὀνόματα
784 294 885 359 γάρ
912 293 1004 347 εἰςι
1028 292 1238 358 μέτρων
1264 293 1416 347 τάδε·
1442 295 1611 359 λεθέκ,
1636 296 1825 362 γόμορ,

305 383 491 449 βάθος,
530 381 718 441 ςάτον,
757 378 969 443 μόδιος,
1001 378 1191 444 κάβος,
1222 381 1419 444 χοῖνιξ,
1450 378 1561 445 ὑφή
1599 379 1826 448 [ςεμιδά-

301 466 480 534 λεως],
506 465 636 530 δράξ
662 463 914 528 ἀλεύρου,
934 462 1150 529 ἀρτάβη,
1167 462 1284 528 τρία
1306 462 1473 528 μέτρα
1493 463 1825 529 ςεμιδάλεως,

299 549 416 615 τρία
439 550 576 602 κανᾶ
599 550 927 614 χονδριτῶν,
962 547 1122 612 νέβελ
1147 547 1329 612 οἴνου,
1366 548 1633 601 κόλλαθον
1652 589 1665 611 ,
1698 548 1826 601 ἀλά-

244 650 270 689 5
301 637 526 699 βαςτρον
568 632 764 698 μύρου,
803 631 1081 697 καμψάκης
1125 631 1347 696 ὕδατος,
1390 631 1585 697 κοτύλη
1625 632 1825 698 ἐλαίου,

298 717 521 782 κύαθος,
548 717 803 783 μετρητὴς
830 715 1010 780 οἴνου,
1036 716 1290 781 μετρητὴς
1321 715 1529 782 ἐλαίου,
1554 717 1825 782 τρυβλίον,

299 794 503 867 Ξὲςτής,
530 800 836 868 ἀμφορεύς,
864 800 1176 866 ἀπόρρυμα,
1203 800 1405 866 ςαβιθά,
1433 800 1503 863 ἰ’ν,
1530 803 1680 865 χοῦς,
1709 801 1825 854 ςτά-

298 902 431 951 μνος
456 888 617 950 χρυςῆ
646 885 704 939 ἐν
730 886 762 955 ᾖ
791 885 1035 939 ἀπέκειτο
1062 885 1125 938 τὸ
1149 885 1351 950 μάννα,
1378 885 1573 950 μάρης,
1604 883 1823 950 κύπρος,

296 971 620 1035 κογγιάριον.

212 1070 269 1110 10
403 1053 453 1105 4.
491 1052 739 1118 Εἴληπται
764 1054 947 1107 τοίνυν
976 1053 1006 1106 ὁ
1033 1052 1195 1118 κόρος
1219 1053 1276 1105 ἐκ
1300 1054 1393 1117 τῆς
1415 1053 1684 1119 Ἑβραῖκῆς
1712 1057 1822 1106 δια-
1886 1075 1890 1079 “

297 1137 514 1201 λέκτου,
552 1138 614 1190 ὃς
650 1139 884 1191 καλεῖται
917 1137 1049 1202 χόρ.·
1083 1136 1173 1190 εἰςὶ
1209 1137 1267 1189 δὲ
1303 1137 1477 1201 μόδιοι
1511 1132 1569 1188 λ’.
1627 1138 1727 1202 χὸρ
1765 1139 1823 1191 δὲ

295 1221 505 1283 λέγεται
530 1220 638 1274 ἀπὸ
673 1224 770 1274 τοῦ
809 1223 1010 1286 βουνοῦ
1047 1220 1366 1275 ὑποθέςειυς.
1409 1220 1566 1286 χορία
1599 1221 1700 1287 γὰρ
1734 1238 1823 1274 κα-

296 1307 462 1358 λεῖται
489 1305 699 1371 βουνός.
751 1305 1117 1371 βουνιςθέντες
1142 1306 1202 1359 δὲ
1234 1306 1317 1358 καὶ
1343 1305 1393 1359 οἱ
1416 1305 1701 1371 τριάκοντα
1730 1306 1823 1371 μό-

296 1393 400 1443 διοι
429 1393 641 1443 ποιοῦςι
665 1390 893 1455 φορτίον
922 1389 1175 1454 καμήλου.

212 1485 266 1526 15
403 1471 450 1526 5.
489 1473 651 1526 Λεθέκ
676 1475 735 1526 δὲ
762 1474 836 1526 ῶς
863 1474 920 1528 ἐν
947 1479 1023 1543 τῷ
1050 1474 1201 1539 Ὠςηὲ
1224 1479 1300 1544 τῷ
1327 1475 1578 1544 προφήτῃ
1605 1473 1821 1540 εἴρηται,

213 1580 274 1615 178
297 1557 379 1610 ὅτι
415 1557 775 1623 ἐμιςθωςάμην
809 1557 1019 1628 ἐμαυτῷ
1050 1559 1202 1612 λεθέκ
1227 1562 1438 1624 κριθῶν.
1489 1558 1548 1612 ἐν
1577 1557 1821 1624 ἀντιγρά-

296 1658 423 1709 φοις
466 1644 525 1695 δὲ
559 1642 728 1707 γόμορ
765 1644 960 1707 κριθῶν
998 1642 1059 1696 τὸ
1101 1641 1231 1695 αὐτό
1270 1643 1385 1696 ἐςτι.
1438 1642 1564 1696 δέκα
1599 1643 1701 1708 γὰρ
1738 1644 1823 1696 καὶ

295 1726 454 1780 πέντε
489 1719 663 1791 μόδιοι
693 1726 1031 1791 ςημαίνονται
1063 1726 1226 1780 οὗτοι.
1275 1729 1426 1781 λεθὲκ
1461 1727 1519 1780 δὲ
1555 1728 1687 1780 κατὰ
1722 1730 1821 1795 τὴν

295 1812 405 1864 τῶν
431 1810 686 1877 Ἑβραίων
715 1812 911 1877 φωνὴν
937 1812 1202 1877 κέκληται,
1235 1811 1266 1864 ὅ
1292 1811 1428 1865 ἐςτιν
1459 1811 1684 1878 ἔπαρμα,
1709 1813 1819 1867 ἀπὸ

210 1901 265 1942 2ο
294 1897 392 1947 τοῦ
423 1895 675 1949 δύναςθαι
707 1901 784 1966 τῷ
815 1897 1002 1965 νεανίᾳ
1033 1897 1328 1962 ἐπαρθῆναι
1353 1897 1478 1950 τοὺς
1505 1897 1632 1951 δέκα
1656 1899 1819 1954 πέντε

293 1979 510 2044 μοδίους
535 1981 619 2032 καὶ
644 1981 945 2045 ἐπιτεθῆναι
968 1986 1044 2052 τῷ
1072 1980 1203 2051 ὄνῳ.

401 2062 446 2114 6.
486 2064 561 2117 Τὸ
587 2066 646 2117 δὲ
672 2065 804 2118 αὐτὸ
831 2066 914 2117 καὶ
938 2067 1000 2119 τὸ
1026 2066 1197 2132 γόμορ
1224 2068 1468 2119 καλεῖται.
1517 2066 1615 2119 δύο
1641 2067 1701 2120 δέ
1727 2066 1817 2121 εἰςι

293 2146 493 2212 γόμορ,
518 2148 653 2211 μέγα
684 2150 768 2201 καὶ
801 2149 1009 2215 μικρόν·
1052 2149 1130 2204 ὧν
1166 2150 1229 2202 τὸ
1255 2150 1387 2214 μέγα
1412 2148 1684 2217 ἰςόμετρόν
1712 2152 1816 2206 ἐςτι

293 2236 369 2302 τῷ
395 2232 547 2285 λεθὲκ
581 2232 708 2285 δέκα
731 2234 891 2287 πέντε
926 2234 1009 2286 καὶ
1034 2233 1166 2287 αὐτὸ
1196 2234 1260 2288 ὂν
1287 2233 1517 2299 μοδίων,
1552 2234 1614 2288 τὸ
1646 2237 1704 2289 δὲ
1737 2254 1814 2301 μι-

207 2323 262 2363 25
291 2314 422 2381 κρὸν
447 2317 668 2370 δώδεκα.

400 2400 476 2453 6¹³.
527 2402 712 2454 Βάθος.
771 2403 856 2454 καὶ
897 2405 1059 2455 τοῦτο
1105 2402 1214 2454 ἀπὸ
1260 2405 1353 2467 τῆς
1396 2403 1664 2469 Ἑβραῖκῆς
1703 2407 1812 2457 δια-

288 2485 476 2539 λέκτου
527 2489 786 2551 παρῆκται
829 2487 1153 2552 ςυνωνύμως
1200 2491 1276 2555 τῷ
1320 2487 1677 2558 ἐλαιοτριβείῳ
1722 2505 1812 2541 κα-
1894 2533 1895 2536 ,
1945 2543 1946 2562 ³

375 2630 416 2667 2.
437 2627 678 2682 βάτοςΡει,
702 2627 836 2680 βάδος
847 2629 969 2670 LeM
1051 2626 1188 2680 κάβος
1202 2631 1377 2670 correxi
1389 2629 1445 2681 (v.
1459 2629 1644 2683 praefi),
1668 2629 1809 2681 κάμος

289 2696 421 2747 LeM,
454 2697 596 2748 κόμος
628 2700 709 2740 Pet
741 2696 883 2751 (conf.
908 2699 1006 2742 eo'd.
1027 2699 1225 2743 Vindob.
1255 2698 1367 2753 prol.
1398 2699 1421 2748 ἓ
1453 2699 1524 2751 89)
1642 2698 1806 2754 χοῖνιξ]
1891 2717 1906 2722 ·

289 2765 443 2816 φοῖνιξ
475 2767 558 2807 Pet
690 2771 729 2810 3.
761 2766 943 2821 ἀρτάμη
976 2770 1095 2810 LeM
1268 2770 1304 2812 7.
1338 2767 1597 2822 ἀμφορεύς]
1633 2769 1806 2822 φορεὺς

288 2835 406 2876 LeM
521 2837 560 2876 8.
594 2836 802 2890 κύμπρος
833 2839 956 2880 LeM
1097 2841 1163 2882 12.
1199 2836 1334 2891 χαρία
1370 2839 1453 2879 Pet
1569 2841 1634 2882 15.
1674 2838 1807 2881 λεδὲκ

288 2905 372 2945 Pet
488 2907 550 2946 17.
592 2903 675 2947 εἰςί
704 2907 841 2960 vulgo
977 2911 1045 2949 21.
1077 2907 1355 2951 ἐπιτεθεῑναι
1384 2907 1521 2962 vulgo
1637 2910 1704 2952 25.
1735 2910 1805 2951 26.

286 2971 471 3016 δώδεκα
501 2972 655 3026 βάθου.
687 2976 760 3017 καὶ
789 2979 934 3020 τοῦτο
967 2982 1054 3021 etc.
1087 2979 1224 3033 vulgo
