1946 3220
8 1436 30 1633 κτῶννεὴηιιιτηιι-

4 2011 24 2115 «Ἰήιε-ια
4 1837 33 2006 qngjssww
6 1640 26 1838 εκρςῃὴοςεε

4 2847 26 3037 maram-ww

0 129 2 162 ξ
140 156 271 227 [105]
596 176 627 208 E
665 175 860 210 ΡΗοΤιο
899 176 1188 212 ExcERPTA.
1560 160 1697 215 329.

243 282 542 348 Ἡμίεκτον,
569 284 632 336 τὸ
658 283 814 339 ἕκτον
836 285 998 350 μέρος
1020 287 1117 338 τοῦ
1143 285 1408 351 μεδίμνου.

240 367 511 431 Ἡμίεκτον
536 368 620 420 καὶ
643 367 999 433 ἡμιμέδιμνον.
1037 372 1135 422 τοῦ
1162 369 1412 436 μεδίμνου
1441 370 1663 436 ἔχοντος

134 450 369 515 χοίνικας
394 449 494 516 μη’,
517 452 580 504 τὸ
606 451 947 516 ἡμιμέδιμνον
967 452 1219 519 δηλονότι
1237 454 1315 507 κδ’
1327 454 1486 521 εἶχεν.
1520 455 1663 521 ἡμίε-

134 551 261 587 κτον
289 536 346 587 δὲ
381 535 444 587 τὸ
481 538 699 600 χωροῦν
727 535 773 588 δ’
800 535 1058 602 χοίνικας·
1093 539 1155 592 τὸ
1186 539 1289 604 γὰρ
1318 539 1472 595 ἕκτον
1500 539 1663 605 χοίνι-

133 633 221 671 κες
245 616 305 682 η’.
1692 633 1719 675 5

239 703 636 768 Ἡμιμέδιμνον,
691 705 885 770 μέτρον
929 708 1148 772 χωροῦν
1198 705 1347 771 ἥμιςυ
1393 706 1662 773 μεδίμνου,

132 787 367 839 τουτέςτι
390 786 625 867 χοίνιικας
651 788 741 842 κδ’.

241 871 569 939 Θιβρῲνειον
615 873 838 938 νόμιςμα
880 873 1051 928 ἐδόκει
1094 874 1202 927 ἀπὸ
1247 874 1523 940 Θίβρωνος
1565 877 1663 929 τοῦ

131 955 463 1019 χαράξαντος
492 955 735 1022 εἰρῆςθαι.

238 1040 502 1105 Ἵππειος,
530 1041 562 1093 ὁ
589 1041 647 1093 ἐκ
671 1042 940 1107 τεςςάρων
963 1042 1189 1096 ςταδίων
1216 1042 1426 1108 δρόμος.
1696 1054 1749 1094 10

241 1123 522 1191 Κάβαιςος,
561 1124 853 1190 ἄπληςτος·
896 1126 1059 1192 κάβος
1092 1127 1195 1192 γὰρ
1224 1127 1419 1192 μέτρον
1449 1126 1662 1182 ςιτικόν·

131 1206 215 1259 καὶ
241 1208 338 1263 τὸν
366 1209 595 1275 μέθυςον
622 1210 769 1274 ἡμεῖς
795 1209 968 1265 πίθον.

242 1292 494 1360 Κίκκαβος
556 1293 1024 1360 ὠνοματοποίηταί
1088 1313 1135 1348 τι
1196 1294 1536 1361 νομιςμάτιον
1603 1294 1662 1351 ἐν

128 1376 327 1430 Ἅιδου.
900 1380 904 1381 ’

241 1460 519 1527 Κίκκαβος,
549 1461 752 1535 ὀβολοῦ
784 1461 973 1526 ὄνομα.
1056 1517 1060 1522 ,
1694 1473 1747 1515 15

239 1546 444 1612 Κόγχη,
479 1546 630 1612 χήμη.
682 1545 916 1600 ςπανίως
940 1545 1148 1608 λέγεται
1174 1545 1323 1610 χήμη.

240 1631 471 1695 Κύαθος,
501 1629 880 1695 ἀντλητήριον,
909 1630 1104 1695 μέτρον
1131 1629 1299 1695 ὑγροῦ
1328 1628 1525 1693 ὀγκιῶν
1548 1630 1662 1684 δύο.

241 1714 515 1780 Κυζικηνοὶ
536 1717 805 1779 ςτατῆρες,
827 1713 878 1766 οἱ
894 1715 1047 1767 καλοὶ
1067 1714 1264 1779 μητέρα
1275 1717 1416 1769 θεῶν
1430 1714 1662 1779 ἔχοντες.

237 1797 399 1863 Λίτρα
420 1797 487 1863 ἦν
514 1798 616 1863 μἐνΔ
635 1798 719 1850 καὶ
747 1798 969 1863 νόμιςμά
992 1816 1066 1862 τι,
1095 1797 1169 1850 ὡς
1198 1797 1447 1863 Δίφιλος.
1488 1798 1574 1851 ἐπὶ
1601 1799 1660 1852 δὲ

127 1884 226 1935 τοῦ
259 1885 487 1947 ςταθμοῦ
510 1882 826 1948 Ἐπίχαρμός
861 1899 919 1935 τε
955 1882 1040 1935 καὶ
1076 1882 1321 1947 (ώφρων
1355 1882 1659 1947 ἐχρήςαντο.
1692 1891 1748 1933 20

131 1965 411 2032 (οφοκλῆς
453 1967 512 2020 δὲ
554 1966 909 2032 λιτροςκὸπον
952 1966 1078 2032 φηςὶ
1124 1966 1220 2020 τὸν
1266 1965 1662 2032 ἀργυραμοιβὸν

131 2049 239 2103 ἀπὸ
267 2054 365 2105 τοῦ
397 2049 731 2116 νομίςματος.

237 2133 430 2201 ο3·Λίτρα
452 2135 550 2201 τὴν
590 2133 964 2201 νουμμοδόκην
1000 2136 1243 2187 καλοῦςι·
1278 2133 1374 2198 τὴν
1408 2134 1466 2188 δὲ
1496 2133 1661 2200 αὐτὴν

118 2213 214 2272 ’καὶ
238 2218 553 2285 λιτροδόκην
575 2221 842 2273 καλοῦςιν.

241 2303 540 2370 Μέδιμνον,
567 2304 763 2370 μέτρον
790 2304 1041 2369 χοινίκων
1067 2299 1168 2368 μη’.γ
1692 2310 1748 2352 25

241 2386 581 2452 Μετρονόμοι
606 2387 866 2453 ἄρχοντες
893 2386 1023 2453 ἦςαν
1051 2386 1178 2440 δέκα
1203 2387 1298 2441 τὸν
1323 2383 1562 2450 ἀριθμόν,
1581 2382 1661 2438 ὧν

247 2544 286 2584 8.
322 2541 607 2595 Θιβρώνειον
637 2544 828 2585 Meinek.
860 2542 1027 2583 Philol.
1061 2542 1144 2582 XV
1175 2555 1215 2595 p.
1251 2543 1352 2592 140,
1401 2538 1661 2592 Θιβρώνιον

134 2612 234 2656 cod.
352 2614 420 2654 10.
452 2611 639 2655 ἵππειος
672 2627 757 2667 ego
790 2626 844 2654 ex
864 2611 1082 2665 Hesyeh„
1114 2609 1269 2652 ἱππεῖς
1291 2611 1333 2650 Ρ
1360 2610 1422 2662 (h.
1447 2623 1486 2651 e.
1520 2610 1662 2651 codex

131 2681 289 2724 Photii
310 2681 545 2724 Galeanus
568 2697 596 2725 a
615 2684 816 2725 Porsono
837 2682 1094 2734 descriptus
1117 2680 1357 2730 editusque
1380 2692 1408 2721 a
1427 2678 1659 2731 Dobreeo)

135 2752 203 2794 13.
237 2750 700 2806 ὸνοματοπεποίηται
730 2754 771 2792 Ρ
915 2752 980 2792 15.
1013 2748 1227 2791 κίκκαςος
1259 2750 1300 2789 Ρ
1325 2750 1470 2791 invito
1502 2749 1659 2792 ordine

131 2820 393 2863 litterarum
539 2824 606 2865 17.
639 2820 785 2873 ὑγρὸν
817 2822 858 2860 Ρ
999 2820 1067 2862 18.
1101 2817 1344 2872 Κυζηκινοί
1375 2819 1471 2862 cod.
1505 2833 1561 2860 m.
1592 2831 1660 2872 pr.

58 2933 71 2946 Ι
119 2891 203 2932 21.
246 2888 511 2945 (οφοκλῆς]
556 2904 614 2932 an
656 2889 900 2941 (ώφιλοςὶ)
941 2888 1084 2941 (conf.
1115 2888 1228 2942 prol.
1260 2902 1303 2943 p.
1338 2889 1435 2940 168)
1589 2890 1657 2930 23.

135 2958 450 3014 νομιμοδόκην
483 2961 598 3012 cod„
632 2958 974 3012 νομιςμοδόκην
1005 2960 1187 3003 Porson.
