1946 3220
290 147 363 205 44
624 142 625 145 Ἴ
702 179 704 182 ·
803 169 1190 204 PROLEGOMENA
1227 171 1283 204 m

292 284 387 330 lare
415 284 623 330 volumen
650 283 917 344 colligatas„
954 284 1157 329 Pertinet
1180 285 1322 342 igitur
1350 283 1462 330 haee
1488 298 1600 344 quae
1627 292 1800 331 servata

294 360 364 399 est
400 360 604 398 vetustae
633 353 851 399 versionis
885 368 991 414 pars
1017 352 1071 406 ab
1099 353 1227 399 initio
1254 353 1357 399 libri
1374 353 1668 414 Epiphaniani
1687 354 1747 415 (p.
1766 355 1800 401 4

293 425 361 468 ed.
381 422 595 481 Dindorf.)
615 437 756 484 paene
784 438 930 484 usque
955 424 1009 471 ad
1036 422 1186 480 finem,
1214 438 1314 468 nam
1341 430 1448 484 post
1470 423 1627 470 talenti
1654 423 1806 470 defini-

292 495 457 538 tionem
485 491 552 552 (p.·
568 493 633 539 32
662 505 726 540 vs.
751 494 814 540 16
834 493 978 553 Dind.)
1002 508 1144 554 pauca
1169 493 1407 539 admodum
1433 495 1478 539 in
1505 493 1672 540 Graeco
1699 508 1807 555 eon-

293 569 415 607 textu
446 562 675 622 leguntur.
734 563 853 624 Ergo
893 565 1044 610 differt
1081 564 1232 609 eadem
1266 564 1319 610 ab
1355 578 1406 610 ea
1432 566 1638 610 versione
1671 579 1804 625 quam

290 647 372 678 nos
407 633 625 679 edidimus
651 633 724 692 (fr.
756 634 891 694 122),
925 648 1039 695 quae
1068 641 1239 680 tantum
1263 647 1496 681 mensuras
1526 649 1580 682 ae
1603 635 1806 695 pondera

291 703 519 762 eontinet,
561 718 651 750 non
685 696 884 765 reliquas
918 720 992 751 res
1019 718 1126 750 sane
1154 704 1327 763 alienas,
1347 720 1371 751 a
1400 708 1639 766 proposito
1668 704 1803 765 (prol.

291 772 319 830 S
347 772 445 831 875.
500 774 586 820 Sed
621 775 799 821 redeam
840 776 893 821 ad
930 782 1193 836 apparatum
1228 775 1432 821 Danielis.
1485 776 1628 821 Huius
1666 777 1805 834 igitur

290 843 459 890 codicis
485 846 797 907 apographum
823 846 932 892 facit
959 847 1149 907 primam
1175 852 1350 906 partem
1379 846 1503 891 illius
1538 845 1802 891 voluminis:
1825 877 1827 879 ·

288 915 494 974 sequitur
516 914 565 959 L.
589 916 750 985 Dan-aei
784 916 985 977 epistula?
1014 917 1194 962 Genabo
1233 917 1286 962 ad
1321 916 1515 976 Ligerim
1552 917 1677 973 data,
1719 931 1808 976 qua

288 982 364 1028 ille
390 985 589 1046 ostendit
620 1000 668 1032 se
698 987 1010 1047 apographum
1036 1002 1060 1033 a
1082 986 1260 1032 Daniele
1289 988 1474 1032 missum
1502 988 1595 1032 suis
1622 986 1806 1032 adnota-

289 1053 488 1100 tionibus
514 1063 695 1102 auctum
718 1053 1009 1116 remisisse2).
1062 1058 1172 1103 Tum
1197 1057 1308 1104 haec
1337 1058 1646 1102 inveniuntur:

393 1124 442 1170 ll.
472 1125 630 1172 folium
666 1127 838 1173 formae
873 1135 1055 1174 octavae
1091 1129 1178 1173 hoe
1216 1127 1347 1173 titulo
1374 1128 1482 1173 Ἕω.
1512 1142 1554 1172 v.
1582 1127 1685 1174 eod.
1715 1127 1805 1179 Er-

288 1197 387 1239 rici
412 1195 621 1243 Memmii
653 1197 836 1244 Volusii
859 1198 1096 1245 Metiani'.

392 1266 459 1311 lll.
487 1267 577 1312 duo
604 1267 713 1314 folia
742 1269 913 1315 formae
933 1270 1137 1315 maioris:
1164 1264 1369 1315 ‘Isidori
1387 1269 1601 1313 Iunioris
1628 1268 1804 1326 Hispa—

288 1338 434 1383 lensis
462 1337 696 1397 Episcopi
726 1338 798 1384 De
832 1339 1129 1385 Ponderibus
1167 1352 1227 1384 eac
1250 1339 1370 1384 XVI
1394 1339 1518 1385 libro
1545 1339 1802 1399 Etymoloy.

290 1421 399 1466 cap.
423 1406 523 1453 24².
575 1409 801 1456 Adnotata
828 1417 898 1456 est
925 1411 1043 1456 varia
1068 1411 1220 1456 neseio
1252 1424 1443 1470 quorum
1467 1410 1671 1456 codicum
1694 1411 1806 1455 scri-

325 1485 434 1523 tura.

288 1492 316 1537 p
392 1547 463 1593 1V.
494 1547 654 1594 folium
679 1563 836 1607 unum,
862 1551 939 1596 ubi
961 1549 1093 1607 follis
1118 1558 1163 1596 et
1185 1545 1444 1609 μιλιάριον
1472 1549 1622 1608 (immo
1636 1545 1804 1624 μιλια-

290 1611 470 1679 ρίειον)
501 1618 795 1679 explicantur.

361 1843 364 1845 ’
401 1837 444 1891 2)
475 1839 576 1879 Hoc
610 1844 678 1879 est
710 1840 935 1893 epistulae
957 1842 1161 1882 initium:
1193 1842 1245 1884 P.
1267 1843 1439 1882 Danieli
1464 1842 1622 1893 Toyato
1654 1846 1697 1880 et
1723 1840 1807 1880 sibi

285 1895 464 1938 chariss,
499 1894 505 1947 Ι
537 1896 591 1938 L.
623 1897 826 1938 Danaeus
854 1899 898 1938 in
930 1897 1095 1938 Christo
1125 1911 1159 1939 s.
1188 1912 1232 1950 p.
1262 1899 1318 1938 D.
1347 1896 1352 1949 Ι
1386 1899 1564 1939 Remitto
1595 1897 1654 1936 ad
1683 1902 1721 1936 te
1751 1897 1808 1936 mi

287 1952 442 1991 Daniel
489 1964 578 1991 eam
627 1966 746 2006 qaam
785 1955 837 1997 de
876 1954 1122 2006 Epiphanio
1160 1955 1381 1995 Ancoralo
1418 1955 1616 1994 Latinam
1659 1953 1806 2003 fecisti

280 2013 449 2059 partem
487 2021 593 2061 quae
631 2011 749 2061 apud
784 2023 845 2050 me
883 2013 1048 2064 reliqua
1085 2016 1193 2050 erat.
1256 2024 1362 2064 quae
1398 2013 1438 2051 si
1466 2011 1641 2061 diutius,
1682 2021 1803 2062 quam

284 2076 510 2115 speraras,
553 2078 580 2104 a
608 2078 670 2105 me
699 2071 868 2106 retenta
898 2073 984 2115 est,
1033 2068 1081 2107 id
1108 2079 1190 2107 non
1219 2072 1303 2106 tam
1334 2068 1393 2106 tui
1428 2066 1641 2111 oblivioni,
1681 2078 1802 2117 quam

284 2132 401 2160 meae
427 2122 630 2172 pigritiae
654 2118 704 2161 'et
731 2123 889 2174 inqenii
915 2125 1097 2164 ruditati
1126 2123 1307 2173 tribuas,
1340 2124 1532 2175 quoniam
1563 2119 1641 2172 (an
1672 2119 1802 2173 quest)

286 2177 332 2216 id
369 2188 452 2216 non
497 2177 754 2230 assequebar
788 2179 920 2230 facile
971 2180 1085 2233 quod
1132 2181 1268 2219 multis
1307 2179 1350 2218 in
1391 2180 1495 2221 locis
1534 2176 1802 2219 occurrebat.

284 2231 520 2272 Emendavi
547 2234 678 2285 iyitur
706 2237 850 2281 malta,
887 2237 969 2276 sed
1004 2237 1098 2275 dum
1135 2236 1178 2275 in
1207 2237 1321 2274 ealce
1353 2241 1449 2275 tuae
1479 2234 1683 2275 versionis
1712 2245 1800 2272 ver-

284 2301 423 2340 sarer,
463 2302 559 2329 ecee
589 2302 611 2329 e
642 2292 802 2331 nostris
836 2292 1049 2332 studiosus
1093 2291 1259 2344 quidam
1288 2291 1574 2343 Epiphaniam
1610 2294 1738 2329 totam
1775 2302 1804 2328 a

285 2344 396 2385 Iano
431 2344 636 2386 Cor-nario
665 2347 821 2387 Latine
850 2348 1097 2400 iampridem
1122 2347 1280 2398 factam
1310 2349 1462 2387 attulit.
1522 2346 1579 2386 In
1610 2358 1691 2398 qua
1721 2347 1805 2398 leyi

286 2414 337 2440 ea
376 2402 473 2453 ipsa
510 2404 721 2443 translata
758 2416 864 2456 quae
903 2417 929 2443 a
959 2409 1000 2443 te
1031 2416 1233 2445 conversa
1262 2409 1371 2443 sunt.
1431 2403 1490 2443 Id
1519 2404 1631 2456 quod
1659 2407 1701 2441 te
1731 2413 1803 2440 ne-

284 2458 395 2497 scire
426 2460 557 2505 nolui,
589 2463 633 2498 ut
665 2471 715 2499 ne
737 2465 872 2499 actum
892 2473 1017 2512 ayas,
1049 2461 1132 2500 nisi
1158 2461 1197 2499 si
1226 2472 1331 2512 quas
1361 2461 1655 2500 annotationes
1683 2458 1799 2508 forte

287 2513 413 2553 edere
444 2515 487 2553 in
516 2515 651 2566 ipsam
684 2514 881 2556 Cornariz‘
907 2519 1138 2557 versionem
1167 2517 1377 2556 malueris.
1437 2514 1507 2555 Ad
1538 2527 1654 2567 quae
1684 2513 1799 2554 Use-

285 2580 420 2609 nerus
464 2570 580 2611 haec
628 2577 759 2612 acute
810 2572 1068 2613 adnotavit:
1127 2573 1319 2612 Hieraus
1361 2566 1458 2624 yelz't
1495 2572 1660 2616 hervor,
1701 2570 1802 2609 dass

284 2624 484 2666 Danaeus
523 2628 605 2667 den
634 2628 826 2680 Austray
855 2630 931 2669 des
960 2629 1012 2672 P,
1044 2629 1200 2669 Daniel
1226 2640 1333 2679 ¹qan:
1368 2628 1507 2679 falselz
1543 2626 1798 2667 verstanden

283 2679 418 2720 haben
446 2695 567 2722 mass.
626 2684 708 2723 Die
739 2685 1078 2736 vorlzeryelzende
1108 2684 1333 2736 Absclzrift
1362 2685 1438 2724 des
1468 2684 1561 2724 cod.
1591 2681 1631 2721 A
1661 2682 1713 2722 57
1743 2682 1800 2721 ist

284 2748 363 2776 von
392 2737 591 2779 Danaeus
626 2753 733 2792 ganz
772 2741 1113 2794 darehcorriyirt
1150 2738 1275 2791 (auch
1302 2738 1577 2793 yeleyentlielz
1606 2738 1678 2776 mit
1707 2737 1798 2776 An-

284 2791 535 2844 merlcunyen
574 2796 793 2848 verselaem
831 2810 867 2836 z.
898 2796 954 2839 B.
984 2798 1120 2849 yleielz
1150 2795 1229 2836 fol.
1263 2798 1285 2835 1
1318 2797 1422 2836 iiber
1460 2797 1551 2836 dem
1587 2793 1695 2833 Titel
1724 2794 1799 2833 des

284 2847 452 2887 Buclzes
480 2849 769 2902 Aneyrotus),
801 2853 997 2905 offenbar
1026 2859 1151 2893 anter
1180 2854 1258 2892 der
1294 2852 1659 2902 Voraussetzan9‚
1699 2850 1799 2889 dass

283 2904 336 2945 P.
375 2903 530 2958 Daniel
567 2908 634 2945 die
673 2906 990 2961 (vermez'ntlz'clz)
1028 2908 1165 2949 >selbsl
1207 2907 1434 2962 gefertiyte
1479 2906 1662 2947 Version
1708 2906 1800 2945 dem

280 2959 571 3014 yrieclziselzen
607 2961 745 3002 Teaete
782 2966 846 3004 als
884 2964 1177 3016 Erla'uterany
1204 2963 1443 3018 yeyenilber
1472 2965 1619 3003 stellen
1648 2962 1761 3002 woll.
