1946 3220
1711 0 1713 2 .
1726 6 1730 11 .
1783 0 1789 7 ,
1808 0 1817 6 ,,

1758 31 1763 38 ι
1810 28 1821 42 μ
1831 0 1918 130 .ἳί

1860 64 1865 73 ³

272 145 376 200 312
833 190 837 191 ⁷
867 160 1188 196 FRAGMENTA
1668 138 1821 213 [104]
1870 130 1910 232 ξ

274 272 348 327 εἰς
375 272 526 335 ἅςτυ,
563 269 715 333 εἶχον
743 270 803 323 δὲ
836 269 934 334 τὴν
969 268 1298 334 ἐπιμέλειαν,
1339 267 1491 321 ὅπως
1520 269 1692 322 δίκαια
1715 268 1797 336 εἴη
1884 260 1913 322 “rr

272 358 338 410 τὰ
373 357 538 421 μέτρα
567 355 680 408 τῶν
717 351 1086 416 πωλούντων,
1126 352 1201 406 ὡς
1226 352 1311 406 καὶ
1341 351 1700 419 Ἀριςτοτέλης
1737 353 1798 408 έν

272 445 335 508 τῇ
365 436 657 503 Ἀθηναίων
685 436 924 504 πολιτείᾳ
946 437 1114 501 δηλοῖ.

380 520 822 587 Τεταρτημόριον.
859 521 1166 587 Δείναρχος
1191 521 1251 577 ἐν
1275 525 1338 590 τῇ
1364 520 1499 576 κατὰ
1528 521 1802 576 Καλλιςθέ·

218 624 243 663 5
273 622 405 660 νους
453 604 761 674 εἰςαγγελίᾳ.
827 605 1240 671 τεταρτημόριόν
1290 606 1397 659 έςτι
1433 606 1497 660 τὸ
1545 606 1802 671 τέταρτον

276 690 435 756 μέρος
461 692 559 743 τοῦ
586 689 817 756 ὀβολοῦ,
843 690 1079 744 τουτέςτι
1104 692 1295 755 χαλκοῖ
1323 690 1380 756 β’.

381 773 746 839 Τριτημόριον.
786 774 1092 840 Δείναρχος
1117 774 1250 828 κατὰ
1277 774 1673 849 Καλλιςθένους.
1723 774 1805 827 ὅτι

275 858 613 924 τριτημόριόν
652 857 791 912 ἐςτιν
827 857 873 918 ς’
897 860 1114 924 χαλκοῖ,
1159 858 1411 925 Φιλήμων
1448 859 1507 914 ἐν
1544 859 1679 928 ἀρχῇ
1706 861 1804 911 τοῦ

277 941 503 1008 Εαρδίου
531 941 772 996 διδάςκει.

194 1043 248 1083 10
382 1026 575 1091 Τρίτον
600 1026 944 1092 ἡμίδραχμον.
997 1026 1299 1092 Δείναρχος
1323 1027 1456 1080 κατὰ
1480 1027 1807 1091 Λυκούργου.

278 1112 372 1164 τὰς
407 1110 451 1175 β’
483 1109 634 1176 ἥμιςυ
667 1111 907 1177 δραχμὰς
946 1111 1121 1164 οὕτως
1162 1110 1403 1166 εἰώθαςιν
1439 1111 1721 1176 ὀνομάζειν
1758 1111 1809 1164 οἱ

278 1194 512 1248 παλαιοί.

677 1361 793 1414 104.
866 1361 998 1413 Loci
1031 1378 1098 1413 εει)
1133 1363 1409 1431 Hesychia.

384 1474 643 1538 Ἂγκυρα,
684 1473 750 1527 τὸ
796 1473 1005 1529 αἰδοῖον
1040 1476 1187 1541 παρὰ
1225 1476 1537 1545 Ἐπιχάρμῳ.
1592 1475 1811 1541 Κύπριοι

198 1575 252 1615 15
281 1559 340 1610 δὲ
368 1558 430 1610 τὸ
456 1558 759 1623 τριόβολον.

387 1641 638 1706 Ἂδδιξις,
670 1642 866 1706 μέτρον
889 1642 1304 1708 τετραχοίνικον.

384 1725 682 1790 Αἰγιναῖον,
724 1726 950 1791 νόμιςμα
994 1726 1266 1791 ἀργυροῦν
1320 1727 1466 1791 μέγα.
1517 1726 1812 1795 [Αἰγενέοι]

279 1808 545 1871 Αἰγιναῖος
572 1809 772 1874 ὁμοίως
803 1809 1016 1876 ὀβολός.

385 1893 631 1958 Ἆκαινα,
668 1894 866 1959 μέτρον
893 1912 965 1960 τι,
1001 1895 1036 1959 ἢ
1070 1895 1322 1960 κέντρον,
1358 1895 1418 1949 ἐν
1449 1896 1493 1963 ᾧ
1520 1894 1814 1960 ἀροτριῶν-

198 1993 252 2033 20
281 1993 368 2031 τες
394 1980 649 2031 κεντοῦςι.
704 1979 789 2031 καὶ
821 1978 1042 2034 ἄκανθα.

390 2061 730 2126 Ἀκίβδηλον,
756 2063 1009 2128 καθαρόν,
1037 2063 1225 2126 ἁγνόν,
1254 2064 1476 2117 ςεπτόν·
1516 2064 1549 2128 ἢ
1576 2062 1813 2128 δόκιμον,

209 2157 214 2162 ’
285 2143 759 2210 ἀπαρεγχείρητον,
792 2146 880 2199 ἐπὶ
903 2147 1234 2212 νομίςματος.

389 2228 733 2294 Ἀκρόδρυον,
759 2232 960 2295 πλῆρες
989 2230 1186 2295 μέτρον
1219 2230 1365 2295 παρὰ
1389 2230 1749 2296 Ταραντίνοις.

386 2312 562 2378 Ἀλιρ,
588 2311 883 2379 ὀξύβαφον.

291 2509 359 2552 ed.
402 2523 425 2550 e
462 2509 594 2551 libris
613 2510 844 2552 &mnibus
884 2514 1073 2564 praeter
1111 2522 1250 2551 unum
1286 2511 1329 2551 D
1370 2510 1537 2563 (Paris.
1569 2510 1698 2565 2552)
1739 2513 1817 2564 qui

292 2581 507 2631 congruit
527 2592 627 2621 cum
650 2579 822 2621 Suidae
853 2579 1086 2634 plerisque
1119 2580 1379 2622 codicibus:
1413 2574 1465 2622 ιε’
1498 2580 1580 2632 μὲν
1613 2579 1678 2623 εἰς
1707 2579 1816 2623 Πει-

289 2647 415 2698 ραιᾶ,
446 2641 486 2686 θ’
517 2646 566 2688 δὲ
597 2646 661 2690 εἰς
692 2647 820 2691 ἄςτυ.
878 2649 1013 2691 Conf.
1048 2649 1248 2691 Suidam.

405 2717 472 2756 16.
505 2714 628 2759 ἄδδιξ
657 2719 855 2772 Kuster„
885 2719 1086 2761 Schmidt.
1203 2717 1508 2772 τετραχοίνης
1539 2720 1641 2764 eod.
1748 2722 1815 2762 17.

292 2781 554 2834 Αἰγειναῖον
586 2787 700 2840 cod„
741 2787 881 2830 Schm.
997 2786 1207 2842 Αἰγενέοι
1245 2789 1353 2831 secl.
1386 2788 1523 2831 Schm.
1642 2790 1709 2830 18.
1743 2787 1816 2830 Αἰ-

289 2851 466 2904 γεινέος
499 2854 600 2894 eod.
688 2856 863 2907 ὁμοίως
885 2858 1065 2902 Salmas,
1102 2858 1492 2912 (eonf.Phavor.),
1525 2857 1683 2909 ὅμοιος
1716 2858 1815 2900 οοᾱ.

290 2927 358 2968 21.
388 2920 623 2973 ἀκίβδιλον
654 2926 750 2965 eod.
