1946 3220
769 141 1699 179 PRAEFAT10.X1

18 254 22 267 '
84 251 135 306 ᾗ»
128 250 293 318 agum-
315 254 363 300 in
387 253 518 313 ABG,
552 268 637 300 nec
665 254 959 301 dubitandum
988 262 1083 312 est,
1134 256 1244 317 quin
1279 259 1347 303 sic
1379 258 1615 317 scripserit
1657 259 1695 303 is

107 362 141 381 „
118 324 249 385 0'qui
272 323 363 370 hoc
385 337 565 370 carmen
590 326 851 385 composuit
877 322 931 386 (v.
953 326 1142 372 indicem
1170 341 1207 372 S.
1224 326 1296 385 v..)
1347 325 1468 373 Idem
1493 333 1696 388 statuen-

93 397 134 430 ’·-·
161 393 274 440 dum
292 392 479 440 videtur
505 394 560 441 de
586 395 690 440 olce
715 409 778 440 vs.
809 396 872 442 17
900 402 947 441 et
975 399 1158 442 eminas
1184 411 1248 442 vs.
1268 397 1349 444 68.
1373 421 1444 429 -
1468 396 1550 443 21.
1578 401 1695 443 sici-

95 470 125 497 ’κ
161 465 314 510 licum
342 463 396 521 A,
424 463 502 510 ubi
531 463 761 524 vulgatum
788 466 1007 511 sicilicus
1032 480 1124 512 non
1165 466 1357 513 debebat
1394 474 1550 512 tenere
1580 465 1697 513 End-

82 527 86 531 ’
111 543 113 545 ·
167 532 367 598 licherus
397 532 534 592 (conf.
567 549 628 581 vs.
656 529 754 593 78).
797 560 855 568 —
897 536 979 582 32.
1007 537 1128 582 Grai
1149 537 1242 593 ΑΒ,
1278 537 1419 582 Graii
1441 537 1592 597 vulgo.
1629 561 1689 569 —

83 612 95 651 ,4
136 603 251 651 36.
277 617 332 648 ex
356 611 575 664 corrupt-a
600 606 644 649 in
671 603 773 650 ABC
802 607 1026 665 scriptura
1055 620 1242 651 emnam
1267 605 1401 666 vulgo
1430 607 1598 653 sactum
1624 614 1693 652 est

74 677 79 681 “
166 674 284 718 ln'nc
310 672 442 731 Mna,
474 675 596 734 quod
622 681 744 721 recte
771 676 976 735 repudiat
1003 676 1316 732 Schenkelius‚
1344 677 1440 736 ipse
1467 680 1515 722 ei
1536 691 1692 721 mnam

99 775 108 779 -
163 743 433 790 coniiciens.
490 743 577 789 Sed
602 746 756 804 potius
786 760 932 791 unam
953 760 1052 791 cum
1074 746 1234 791 Vineto
1262 746 1563 803 scribendum,
1590 760 1695 806 pro·

165 813 320 859 batum
345 813 388 858 id
416 814 596 874 quidem
622 821 667 860 et
695 814 963 861 Schenkelio
990 822 1035 861 et
1061 815 1252 862 Christio
1280 830 1323 875 p.
1351 815 1415 861 57
1445 815 1687 874 (cominen-

167 883 271 929 tarii
305 883 351 928 in
382 884 469 930 vol.
495 884 512 928 I
538 899 582 944 p.
616 885 680 931 67
707 885 806 930 adn.
836 884 865 931 5
905 885 1063 944 citati).
1094 913 1155 922 —-
1185 886 1266 932 37.
1300 886 1521 931 docuisse
1556 887 1694 930 inter-

63 987 69 993 .
114 1004 126 1006 ff
166 951 311 1014 polati
349 954 556 1012 codices,
600 955 785 1001 dixisse
810 950 888 1000 A³:
931 963 1143 1001 neutrum
1182 970 1282 1001 cum
1316 955 1564 1016 genuinum
1596 968 1693 1000 esse

166 1022 420 1081 videretur,
449 1039 502 1070 ex
528 1038 731 1081 vocare,
759 1025 945 1085 antiqua
970 1027 1193 1086 scriptura
1220 1026 1265 1071 in
1289 1027 1343 1084 A,
1369 1025 1497 1071 effeci
1521 1037 1692 1070 memo-

167 1106 285 1138 rare
325 1093 430 1139 coll.
467 1109 531 1139 vs.
568 1095 649 1141 93.
689 1120 759 1127 —
795 1095 877 1141 38.
914 1095 1129 1156 draqmis
1155 1109 1208 1140 ex
1234 1097 1294 1153 A,
1318 1110 1434 1141 mam
1464 1094 1691 1154 vulgatum

168 1163 434 1208 drachmas
467 1172 558 1210 tam
587 1165 828 1211 barbarum
857 1172 953 1222 est,
995 1173 1046 1211 ut
1073 1167 1286 1226 scriptori
1314 1166 1524 1210 carminis
1555 1164 1691 1209 tribui

168 1247 260 1279 non
286 1235 462 1293 possit,
503 1236 580 1294 qui
616 1235 796 1295 quidem
829 1235 1039 1295 draqma‘s
1072 1237 1230 1296 posuit
1263 1250 1345 1295 pro
1383 1236 1694 1294 draymarum

166 1316 384 1349 numero.
410 1328 481 1338 —
503 1303 586 1351 46.
616 1305 670 1350 de
697 1319 759 1350 ac
785 1310 829 1351 si
853 1306 972 1351 cons.
1000 1320 1064 1350 vs.
1098 1305 1213 1351 116.
1247 1330 1307 1337 —
1339 1304 1422 1352 48.
1454 1318 1544 1350 nec
1570 1317 1693 1363 quae

169 1373 464 1420 Endlicherus
491 1375 739 1420 secundum
754 1374 1050 1421 Wernsdorfii
1074 1376 1406 1421 coniecturam:
1435 1389 1521 1434 ego
1541 1386 1695 1433 neque

168 1456 294 1503 quac
329 1446 491 1504 scripsi
529 1458 630 1490 curn
668 1444 951 1491 Schenkelio.
989 1470 1052 1477 —
1091 1445 1175 1491 57.
1202 1446 1341 1490 malis
1367 1445 1578 1490 nimirum
1605 1458 1694 1490 non

168 1515 317 1559 minus
350 1521 474 1561 recte
500 1516 546 1559 in
571 1516 606 1558 A
636 1516 884 1574 scriptum⁷
920 1529 1054 1574 quam
1080 1516 1354 1560 coniunctivi
1387 1514 1604 1575 leguntur
1629 1529 1694 1558 vs.

171 1584 253 1630 75.
283 1583 364 1629 94.
394 1583 494 1630 184
520 1599 581 1638 s.;
608 1585 771 1630 salsum
794 1585 937 1644 igitur
964 1584 1194 1644 vulgatum
1214 1588 1381 1630 mavis.
1409 1609 1467 1616 —
1500 1584 1579 1630 62.
1613 1598 1694 1642 cy-

169 1654 255 1699 bus
281 1653 364 1699 liic
391 1655 488 1699 sine
513 1654 650 1700 dubio
689 1661 760 1700 est
788 1657 972 1715 antiqua
1009 1656 1261 1715 scriptura,
1300 1669 1402 1700 nam
1437 1661 1483 1699 et
1516 1655 1597 1700 liic
1626 1668 1696 1699 re-

168 1723 372 1770 ctissime
410 1731 479 1769 est
503 1725 704 1784 positum
745 1731 790 1769 et
829 1725 936 1782 cybi
968 1724 1086 1769 redit
1115 1739 1180 1769 vs.
1209 1724 1331 1770 195.
1385 1724 1582 1769 Pessime
1615 1724 1695 1768 liic

111 1791 114 1793 ’
171 1792 304 1852 vulgo
333 1794 552 1839 omissum
579 1801 864 1853 metrumque
892 1793 1136 1839 turbatum.
1177 1793 1470 1839 Schenkelius
1497 1793 1693 1838 coniecit

170 1863 348 1919 cubus;
382 1865 511 1909 hanc
547 1878 608 1908 ne
645 1868 749 1916 cui3
799 1863 1023 1909 Christius
1064 1863 1107 1907 in
1142 1863 1253 1908 Mus.
1289 1863 1430 1909 Rhen.
1455 1862 1528 1906 XX
1558 1877 1601 1921 p.
1630 1863 1691 1907 71

170 1933 321 1979 cubus
347 1935 443 1979 liic.
483 1959 543 1966 —-
586 1934 667 1980 69.
695 1934 776 1980 70.
820 1933 874 1979 de
911 1934 982 1978 his
1016 1932 1222 1978 versibus
1250 1933 1441 1978 multum
1467 1931 1696 1977 dubitave-

171 2010 280 2050 runt
303 2010 349 2049 et
373 2005 554 2064 priores
580 2004 778 2049 editores
806 2010 851 2048 et
875 2017 1022 2063 nuper
1049 2002 1342 2048 Schenkelius
1370 2003 1399 2047 l.
1429 2017 1467 2047 c.
1496 2008 1541 2046 et
1568 2001 1694 2046 Chri·

171 2075 289 2119 stius
314 2075 359 2119 in
385 2074 496 2119 Mus.
523 2074 663 2119 Rhen.
690 2088 734 2133 p.
765 2072 846 2119 72.
905 2073 1000 2132 Ego
1028 2079 1212 2119 secutus
1248 2087 1346 2118 sum
1381 2071 1695 2117 Endlicherum

171 2147 279 2203 quis
316 2143 509 2190 ablativo
546 2158 655 2190 casu
689 2143 987 2199 scribentem,
1023 2156 1136 2203 quae
1168 2143 1312 2188 forma
1344 2142 1458 2187 redit
1484 2157 1547 2186 vs.
1579 2141 1694 2187 187.

170 2215 286 2260 Tum
317 2215 522 2274 proximo
549 2228 681 2259 versu
709 2214 828 2258 duos
864 2214 1046 2258 restitui
1075 2227 1128 2258 ex
1155 2212 1281 2267 ABG
1322 2212 1398 2258 uhi
1436 2212 1557 2255 duas
1581 2210 1697 2254 End-

173 2284 372 2330 licherus
400 2284 634 2344 praetulit,
662 2298 761 2329 cum
788 2297 889 2329 eum
915 2283 1077 2328 lateret
1106 2283 1315 2327 choenix
1342 2284 1386 2326 in
1416 2280 1579 2326 tabulis
1605 2293 1695 2324 me·

171 2353 440 2400 dicinalibus
466 2353 674 2414 idemque
695 2353 812 2413 apud
835 2352 1130 2413 Epiphanium
1157 2361 1203 2398 et
1229 2354 1272 2397 in
1301 2352 1552 2409 fragmento
1578 2344 1698 2407 περὶ

171 2418 382 2484 μέτρων
412 2423 649 2470 masculini
683 2423 864 2483 generis
899 2436 1000 2468 esse
1031 2422 1145 2480 (vide
1173 2420 1393 2478 indIcein).
1453 2419 1541 2464 Nec
1570 2418 1697 2463 deest

173 2493 360 2539 Latinus
387 2501 547 2540 auctor
577 2493 813 2553 Epiphanii
840 2493 1068 2551 interpres
1093 2507 1134 2551 p.
1156 2491 1271 2548 106,
1286 2490 1333 2536 8.
1385 2488 1457 2535 Sic
1483 2487 1696 2548 scriptori

173 2563 309 2609 huius
344 2564 556 2610 carminis
584 2577 685 2608 vera
713 2570 758 2607 et
790 2576 891 2607 cuin
919 2561 1103 2621 optimis
1140 2559 1401 2606 auctoribus
1436 2570 1692 2617 congruens

173 2634 397 2694 expositio
444 2639 755 2679 mensurarum
800 2631 1018 2676 vindicata
1061 2637 1156 2687 est,
1207 2637 1258 2675 ut
1295 2628 1485 2688 congius
1532 2626 1694 2673 habeat

172 2704 413 2749 choenices
455 2711 550 2749 tres
592 2704 682 2748 sive
731 2695 951 2747 sextarios
991 2714 1068 2746 sex
1109 2702 1202 2744 sive
1234 2697 1406 2759 cotylas
1445 2697 1695 2750 duodecim7

173 2771 367 2819 choenix
394 2775 454 2819 sit
478 2774 671 2819 duorum
710 2771 1005 2817 sextariorum
1048 2770 1138 2815 sive
1174 2776 1392 2829 quattuor
1421 2767 1695 2828 cotylaruni:

152 2841 297 2888 nulla
334 2844 478 2903 igitur
514 2843 600 2887 iam
635 2841 751 2901 apud
789 2841 907 2885 hunc
932 2846 1113 2899 poetam
1141 2840 1331 2885 choenix
1358 2843 1575 2898 quattuor
1602 2849 1698 2881 sex-

177 2911 426 2971 tariorum,
466 2927 580 2973 quae
617 2910 899 2957 efficiebatur
937 2923 990 2954 ex
1017 2908 1196 2968 vulgata
1231 2909 1337 2956 olim
1366 2909 1592 2968 scriptura
1618 2909 1701 2963 qui
