1946 3220
342 182 411 235 98
854 194 1254 232 PROLEGOMENA
1282 195 1339 228 m

1894 0 1946 170 ἓ

1917 178 1939 197 ’.Ὺ

1932 207 1940 214 ,ψ

343 313 436 360 cari
461 313 618 373 nequit
656 311 743 356 nisi
776 323 828 355 ex
855 323 906 354 ea
940 309 1006 354 rei
1033 307 1308 353 nummariae
1342 308 1519 354 ratione
1557 322 1671 369 quae
1698 324 1722 356 a
1750 309 1871 356 Con·
1923 295 1946 366 ἶ

345 385 541 430 stantino
567 383 840 441 imperatore
860 378 1068 423 instituta
1090 385 1183 433 est3
1211 391 1372 423 rursus
1390 379 1533 438 igitur
1556 379 1611 425 ad
1635 379 1865 426 saeculum
1934 375 1940 411 ἕ

345 459 553 514 quartum
581 458 625 496 et
653 449 957 510 posteriorem
983 454 1176 494 aetatem
1203 447 1477 495 deducimur.
1521 449 1684 495 Omnes
1717 456 1867 496 autem
1930 449 1938 455 ²

345 523 421 583 qui
447 521 517 567 his
542 519 677 566 rebus
705 519 891 565 student
928 531 1204 580 magnopere
1240 531 1330 580 ego
1363 533 1445 564 oro
1480 525 1525 564 et
1553 519 1785 577 obtestor,
1813 527 1871 566 ut

343 599 389 638 et
419 605 531 651 quae
558 605 672 636 nova
702 604 727 635 a
754 603 825 635 me
850 590 924 636 hic
949 588 1200 635 afferuntur
1235 589 1477 649 diligenter
1503 590 1766 650 exquirant,
1801 597 1869 649 et,

342 662 379 708 si
411 662 518 722 quid
549 661 638 722 ipsi
671 662 841 707 rectius
877 659 1154 716 invenerint,
1184 659 1227 704 id
1253 659 1432 719 publice
1459 667 1742 721 proponant,
1772 675 1868 722 quo

343 733 520 779 tandem
557 731 797 791 aliquando
834 730 1046 776 tenebrae
1087 729 1175 775 illis
1206 729 1343 775 rebus
1371 730 1540 776 offusae
1565 728 1865 792 expellantur.

449 802 771 848 Constantinus
818 815 918 847 cum
966 814 1062 847 rem
1108 799 1405 846 nummariam
1451 800 1610 847 fraude
1654 808 1701 847 et
1739 802 1868 847 furto

340 873 546 935 priorum
581 873 905 933 imperatorum
947 884 1088 932 paene
1115 871 1170 916 ad
1200 871 1385 917 exitium
1418 870 1676 932 prolapsam
1707 871 1769 917 ita
1793 886 1869 918 re-

343 944 570 1000 stitueret,
599 950 650 988 ut
679 956 833 988 omnes
860 943 1061 987 rationes
1092 941 1145 987 ad
1172 941 1267 987 auri
1292 941 1395 1002 puri
1423 940 1584 988 libram
1611 948 1866 1000 revocaret,
1932 969 1946 983 ι

341 1027 626 1059 nummorum
675 1013 855 1074 pondus
898 1019 944 1058 et
988 1026 1228 1058 aureorum
1274 1019 1319 1057 et
1363 1018 1680 1071 argenteorum
1719 1011 1866 1058 voluit

343 1084 461 1130 idem
498 1096 598 1130 esse
636 1090 771 1144 atque
800 1083 906 1129 olim
938 1083 1242 1143 antiquissimi
1269 1082 1454 1128 denarii.
1502 1082 1610 1129 Nam
1644 1090 1689 1129 et
1712 1082 1866 1129 Lxxu

343 1168 507 1200 aureos
539 1154 633 1199 sive
663 1153 836 1200 solidos
864 1160 909 1199 et
935 1154 1125 1199 totidem
1153 1159 1395 1214 argenteos
1422 1153 1513 1199 sive
1540 1153 1813 1205 miliarensia
1839 1167 1865 1200 e

341 1214 536 1284 singulis
561 1224 690 1270 libris
715 1223 811 1269 fieri
838 1219 1031 1282 iussit¹).
1090 1223 1233 1269 Huius
1261 1224 1402 1284 igitur
1426 1224 1642 1284 ponderis
1666 1230 1717 1270 ut
1743 1238 1866 1270 sum-

272 1342 274 1344 ,
340 1309 462 1340 mum
490 1294 544 1340 ad
580 1308 757 1339 omnem
792 1308 883 1339 rem
922 1294 1218 1340 nummariam
1255 1294 1343 1340 fuit
1376 1301 1679 1353 momentum,
1721 1296 1783 1340 ita
1817 1294 1865 1340 id

339 1367 487 1426 ipsum
516 1379 598 1410 suo
625 1367 805 1411 nomine
831 1379 921 1411 non
947 1366 1109 1411 caruit.
1160 1364 1335 1410 Etenim
1364 1365 1532 1411 dictum
1559 1371 1629 1411 est
1657 1366 1864 1425 exagium

341 1437 435 1481 sive
461 1430 698 1492 ἑξάγιον,
727 1437 769 1481 h.
798 1449 836 1480 e.
861 1436 1041 1495 pondus
1079 1441 1310 1492 exactum,
1349 1435 1484 1495 idque
1517 1435 1655 1494 vulgo
1683 1434 1865 1481 mutila·

339 1512 434 1551 tum
468 1511 537 1550 est
575 1506 620 1550 in
652 1500 926 1564 erT10v2).
981 1506 1102 1551 Idem
1137 1511 1286 1551 autem
1327 1507 1460 1551 etiam
1496 1501 1751 1566 δηνάριον
1785 1520 1866 1566 ap-

337 1575 555 1636 pellatum
587 1589 687 1621 esse
716 1590 815 1621 cum
843 1575 942 1621 aliis
967 1590 1019 1621 ex
1045 1576 1158 1622 locis
1185 1575 1258 1635 (fr.
1289 1578 1371 1634 58,
1393 1578 1463 1622 20.
1497 1580 1567 1634 77,
1595 1580 1635 1622 7.
1667 1575 1738 1636 15)
1769 1582 1862 1622 tum

340 1659 391 1691 ex
420 1646 504 1691 hac
532 1645 685 1691 tabula
720 1646 1038 1707 perspicimus.
1091 1646 1171 1692 Hic
1197 1648 1392 1707 primum
1420 1647 1862 1693 commemorandum

339 1722 409 1777 est
435 1716 670 1774 denarios,
699 1731 907 1763 nummos
935 1723 1204 1776 argenteos,
1244 1715 1321 1762 illo
1352 1723 1558 1778 tempore
1583 1731 1675 1763 non
1702 1719 1748 1762 in
1773 1732 1862 1764 usu

339 1787 496 1844 fuisse.
549 1786 656 1832 Nam
694 1789 841 1848 ipsum
879 1787 1051 1833 denarii
1086 1801 1278 1845 nomen,
1321 1788 1540 1848 siquidem
1578 1794 1760 1833 moneta
1795 1788 1864 1833 in-

338 1856 667 1917 tellegebatur,
706 1857 877 1903 abierat
913 1859 957 1903 in
988 1857 1280 1904 minutissimi
1311 1851 1531 1904 nummuli
1569 1857 1862 1918 significatio-

336 1942 463 1984 nem3
491 1928 670 1988 pondus
695 1934 845 1974 autem
871 1929 991 1989 quod
1018 1929 1125 1974 olim
1151 1929 1323 1975 denarii
1348 1929 1499 1974 suerat
1522 1929 1759 1985 drachmae
1783 1943 1863 1975 vo-

339 1998 498 2044 cabulo
526 1999 863 2057 designabatur.
916 1999 1073 2060 Itaque
1099 1998 1230 2046 facile
1257 1998 1354 2044 fieri
1381 1999 1559 2060 potuit⁷
1597 2006 1649 2045 ut
1679 1999 1862 2060 pondus

338 2069 462 2114 aurei
488 2074 533 2113 et
558 2068 761 2129 argentei
789 2070 983 2127 nummi⁷
1016 2071 1229 2129 quoniam
1255 2070 1521 2115 restitutum
1547 2076 1669 2116 esset
1699 2070 1752 2115 ad
1784 2083 1861 2116 an·
1889 2108 1898 2110 -

339 2138 581 2199 tiquissimi
626 2139 796 2185 denarii
839 2144 1068 2198 normam}
1119 2140 1268 2200 ipsum
1308 2135 1560 2199 δηνάριον
1605 2146 1858 2187 vocaretur.

337 2208 467 2254 Certe
496 2214 541 2254 et
571 2210 617 2254 in
647 2210 727 2254 hac
753 2209 906 2255 tabula
932 2216 976 2255 et
1003 2211 1048 2255 in
1084 2209 1419 2271 posterioribus
1458 2211 1520 2256 ita
1554 2217 1858 2271 nuncupatur,

336 2293 484 2339 neque
523 2280 730 2340 equidem
767 2281 960 2340 despero
1002 2280 1115 2326 alios
1151 2280 1286 2325 etiam
1314 2280 1441 2326 locos
1467 2281 1584 2341 apud
1611 2283 1859 2342 scriptores

336 2348 459 2394 illius
486 2350 647 2396 aetatis
676 2350 904 2396 inventum
932 2350 1015 2408 iri,
1047 2350 1123 2396 ubi
1150 2351 1265 2396 idem
1296 2351 1466 2396 denarii
1494 2351 1673 2412 pondus
1701 2351 1861 2412 depre-

335 2418 571 2466 hendatur.
599 2417 606 2419 ξ
1163 2427 1166 2430 ’

381 2596 492 2692 „491)
524 2599 576 2641 V.
607 2599 872 2644 Mommsen.
904 2613 949 2654 p·
983 2602 1078 2642 779.
1112 2601 1207 2643 787.
1242 2602 1345 2651 790,
1386 2600 1461 2642 vel
1490 2599 1669 2644 Metrol.
1700 2614 1744 2654 p.
1776 2602 1859 2642 245

334 2773 412 2812 για
443 2757 495 2807 ς’.
553 2762 611 2804 τὸ
641 2764 827 2816 (τάγιον
857 2767 950 2820 ἔχει
981 2768 1162 2820 ἐξάγιον
1193 2763 1247 2810 α’.
1308 2768 1439 2810 conf.
1461 2767 1789 2823 Du-Cangium
1819 2780 1855 2815 s,

336 2816 517 2869 ἐξάγιον
550 2823 596 2859 et
626 2821 672 2860 in
705 2822 851 2866 Gloss.
873 2826 989 2867 med.
1021 2827 1125 2866 Lat.
1148 2838 1184 2867 s.
1209 2827 1418 2878 eoeayima,
1454 2838 1620 2878 eosque
1653 2825 1730 2878 qui
1757 2824 1855 2866 illic

336 2875 551 2915 citantur.
594 2874 852 2928 optandum
886 2885 1038 2921 autem
1072 2886 1165 2935 est,
1195 2885 1248 2922 ut
1278 2885 1376 2922 tota
1406 2881 1524 2922 haec
1556 2881 1763 2933 quaestio
1797 2881 1853 2922 ab

337 2930 488 3026 aliguo
530 2932 736 2973 omnibus
775 2933 888 2976 locis
929 2937 1139 2979 collectis
1174 2942 1219 2979 et
1248 2937 1493 2978 illustratis
1530 2938 1666 2991 plane
1708 2937 1858 2978 absol-

335 2999 393 3027 va
417 2999 482 3030 ur,

448 2681 496 2754 ὲ)
526 2708 580 2749 v.
613 2710 708 2754 tab.
740 2711 921 2753 Oribas.
957 2713 1029 2765 (fr.
1060 2715 1128 2765 67,
1155 2714 1220 2756 14.
1246 2712 1339 2764 15):
1371 2711 1400 2762 ή
1434 2710 1600 2763 οῡγγία
1629 2710 1723 2764 ἔχει
1753 2710 1858 2754 (τά-
1916 2694 1926 2700 ”
