1946 3220
214 2109 221 2117 ·
292 2092 487 2138 Heronis
514 2096 808 2153 geometriam
835 2110 980 2156 nuper
1001 2111 1024 2141 a
1044 2096 1175 2142 nobis
1203 2096 1392 2142 editam:
1432 2095 1616 2141 habebis
1645 2089 1817 2138 sontem

767 157 1166 193 PROLEGOMENA
1189 159 1247 192 IN

286 282 373 321 tur.
425 273 480 318 Ut
505 272 560 316 M.
586 271 879 328 Trebellium,
907 270 1175 317 familiarem
1202 250 1352 329 suum,
1379 271 1435 318 de
1462 273 1581 330 agris
1609 285 1803 318 comme·

287 342 448 390 tiendis
485 341 706 386 rationem
743 355 767 385 a
804 354 853 386 se
890 339 1196 401 requisivisse.
1271 339 1402 396 Quod
1435 355 1536 387 cum
1578 342 1678 402 ipse
1713 356 1806 388 non
1870 343 1882 367 ’·

284 411 528 473 agricolae,
557 411 635 456 sed
661 410 885 456 mensoris
914 410 1114 457 officium
1142 424 1243 457 esse
1269 417 1477 469 censeat,
1504 417 1656 457 tamen
1683 425 1731 458 se
1759 418 1806 458 et

284 479 511 527 Trebellio
553 486 598 525 et
624 478 821 538 Silvino,
862 481 917 527 ad
955 490 1086 541 quem
1122 481 1228 527 libri
1265 481 1320 527 de
1355 495 1404 528 re
1439 481 1612 527 rustica
1647 482 1808 542 scripti

285 556 417 608 sunt,
455 549 816 596 desiderantibus
856 558 1095 612 praecepta
1130 565 1446 598 mensurarum
1480 551 1806 597 obsecuturum
1875 558 1941 605 ”·,

284 634 409 676 esse3
451 619 529 665 sed
566 620 756 666 dandam
793 634 892 667 esse
920 621 1116 679 veniam,
1155 621 1193 666 si
1220 622 1329 682 quid
1354 622 1399 667 in
1426 636 1478 668 ea
1502 635 1551 667 re
1577 621 1714 667 fuerit
1739 633 1809 666 er-

284 696 449 750 ratum,
477 691 608 736 cuius
636 691 895 750 scientiam,
923 698 1260 751 geometrarum
1286 694 1430 753 magis
1456 698 1589 754 q‘uam
1616 692 1809 737 rustico-

288 774 390 806 rum
414 761 668 822 propriam,
695 764 793 821 ipse
820 760 906 807 sibi
931 775 1022 808 non
1047 762 1256 808 vindicet.

390 830 467 877 His
487 832 748 891 praemissis
767 833 963 892 primum
982 834 1125 878 varias
1150 847 1365 893 agrorum
1377 845 1613 878 mensuras
1628 844 1810 876 enume-

285 907 383 960 rat,
421 907 517 947 tum
554 901 732 947 easdem
766 901 965 947 breviter
999 902 1228 950 describit.
1280 902 1345 950 Ita
1383 917 1484 949 cum
1524 902 1578 948 ad
1603 902 1811 961 iugerum

285 973 556 1032 pervenerit,
584 972 733 1033 iugeri
757 978 912 1032 partes
939 986 1014 1018 eas
1041 974 1259 1034 persequi
1284 974 1486 1018 instituit
1512 986 1626 1033 quae
1652 971 1811 1017 cadant

285 1043 332 1087 in
377 1042 735 1088 aestimationem
780 1043 885 1088 facti
928 1045 1095 1103 operis.
1170 1044 1332 1104 Incipit
1376 1050 1524 1089 autem
1569 1059 1591 1088 a
1631 1043 1813 1087 minima

285 1118 438 1172 parte,
476 1112 522 1157 id
558 1118 629 1158 est
663 1127 687 1157 a
722 1112 905 1158 dimidio
943 1113 1171 1174 scripulo,
1207 1114 1342 1174 idque
1379 1120 1423 1159 et
1450 1120 1590 1173 quota
1621 1125 1725 1171 pars
1753 1112 1813 1159 sit

287 1182 437 1242 iugeri
465 1188 509 1226 et
535 1189 648 1242 quot
673 1183 823 1242 ipsum
848 1182 987 1243 pedes
1013 1184 1176 1230 habeat
1203 1191 1410 1230 accurate
1437 1181 1645 1243 exponit,
1683 1183 1814 1226 item-

288 1265 377 1311 que
404 1251 615 1312 deinceps
642 1252 687 1296 in
715 1252 903 1313 reliquis
922 1255 1143 1314 partibus.
1196 1255 1308 1299 Tum
1328 1260 1571 1314 praecepta
1597 1251 1813 1312 quaedam

288 1321 412 1366 addit
439 1322 493 1366 de
519 1322 575 1367 iis
603 1324 724 1382 agris
753 1324 1013 1382 metiendis,
1050 1325 1096 1370 in
1124 1338 1316 1386 quorum
1344 1324 1513 1370 formas
1540 1323 1639 1383 ipse
1665 1319 1812 1382 iugeri

287 1392 449 1438 modus
476 1407 567 1438 non
595 1392 863 1453 quadraret,
902 1408 1016 1454 quos
1043 1391 1121 1442 aut
1146 1395 1396 1455 quadratos
1424 1407 1524 1439 esse
1551 1391 1708 1439 scribit
1737 1397 1814 1438 aut

289 1462 455 1522 longos
482 1470 560 1508 aut
586 1470 804 1508 cuneatos
832 1470 909 1510 aut
938 1465 1186 1526 triquetros
1214 1471 1292 1510 aut
1318 1464 1541 1510 rotundos
1569 1469 1646 1508 aut
1674 1464 1811 1508 etiam

290 1533 599 1579 semicirculos
625 1534 695 1578 vel
721 1547 879 1592 arcus,
916 1548 1242 1596 nonnunquam
1270 1535 1404 1580 etiam
1434 1534 1634 1595 plurium
1669 1546 1816 1592 angu-

290 1601 438 1648 lorum
476 1602 666 1648 formam
705 1603 929 1649 exhibere.
992 1604 1112 1660 Quae
1146 1605 1318 1651 formae
1356 1604 1584 1664 quomodo
1621 1615 1814 1648 comme-

289 1672 470 1718 tiendae
490 1672 887 1733 sint,‘singillatim
913 1674 1207 1721 demonstrat.
1248 1675 1384 1720 .Unde
1405 1681 1555 1720 autem
1572 1672 1817 1719 Columella

290 1742 407 1788 hanc
445 1756 687 1788 mensurae
732 1743 954 1789 ineundae
998 1746 1250 1791 doctrinam
1294 1746 1560 1805 repetivisse
1609 1742 1815 1789 videtur?

289 1811 525 1870 Nimirum,
553 1818 605 1858 ut
629 1815 726 1873 ipse
755 1814 878 1872 dicit,
906 1829 929 1859 a
956 1817 1233 1875 geometris,
1260 1815 1408 1875 iisque
1435 1815 1672 1870 Romanis,
1701 1827 1815 1873 quos

292 1883 567 1942 gromaticos
596 1898 755 1929 vocare
782 1892 1132 1931 consueverunt.
1184 1885 1270 1931 Sed
1292 1901 1315 1932 a
1342 1884 1507 1946 quibus
1527 1883 1593 1931 illi
1613 1883 1699 1944 ipsi
1719 1897 1816 1928 eam

293 1959 434 1998 artem
460 1953 582 1998 docti
611 1954 747 1999 sunt?
798 1955 912 2000 Sane
940 1970 964 2000 a
992 1956 1188 2001 Graecis.
1247 1957 1305 2001 At
1331 1969 1415 2015 ego
1444 1957 1488 2000 in
1515 1955 1602 2001 hoc
1627 1968 1719 1999 non
1746 1963 1843 1999 ac-·³

293 2022 559 2082 quiescens,
598 2038 794 2084 quonam
831 2025 885 2071 ab
922 2032 1110 2072 auctore
1149 2025 1348 2084 Graeco,
1395 2039 1608 2086 quaero.·
1655 2022 1815 2068 Evolve

294 2163 690 2223 copiosissimum,
717 2165 836 2210 unde
863 2168 1196 2226 agrimensores
1223 2166 1410 2212 Romani
1436 2170 1678 2226 praecepta
1705 2162 1816 2210 artis

296 2246 404 2278 suae
449 2233 714 2279 hauserunt.
782 2235 873 2281 Nec
918 2236 1049 2281 omisi
1087 2250 1170 2296 ego
1210 2236 1417 2296 singulos
1453 2235 1647 2280 Heronis
1688 2233 1816 2279 locos

294 2304 589 2364 conquirere,
619 2318 813 2363 quorum
845 2298 1264 2351 ad'similitudinem
1292 2305 1493 2366 exempla
1521 2319 1545 2350 a
1571 2302 1819 2350 Columella

295 2374 536 2434 proposita
562 2375 733 2435 scripta
761 2389 860 2421 esse
887 2372 1205 2435 viderentur¹).
1260 2376 1307 2421 In
1344 2376 1508 2436 quibus
1547 2387 1818 2435 quamquam

297 2449 341 2487 et
367 2456 633 2501 mensurae,
660 2451 712 2490 ut
735 2448 984 2506 Aegyptiae
1012 2462 1034 2492 a
1062 2447 1301 2506 Romanis,
1337 2447 1619 2506 discrepant,
1665 2450 1709 2489 et
1734 2457 1818 2489 nu·

413 2607 454 2658 1)
486 2608 555 2649 Ad
585 2607 870 2651 columellae
902 2624 1004 2664 cap.
1037 2613 1062 2652 2
1093 2612 1117 2661 ἕ
1151 2613 1173 2652 1
1207 2614 1253 2652 et
1282 2613 1307 2652 2
1340 2610 1500 2652 confer
1528 2611 1639 2652 Her.
1671 2621 1816 2661 geom.

299 2675 402 2715 cap.
434 2666 474 2716 5,
508 2667 530 2705 1
562 2687 617 2693 —
650 2666 707 2706 ad
737 2667 761 2715 ξ
794 2669 819 2708 3
856 2668 966 2708 Her.
999 2680 1100 2720 cap.
1133 2669 1158 2708 6
1197 2690 1253 2696 —
1292 2667 1349 2708 ad
1380 2669 1403 2718 ἓ
1434 2668 1462 2706 4
1492 2667 1601 2706 Her.
1634 2678 1734 2717 cap.
1766 2669 1819 2708 62

301 2739 352 2746 —-
387 2719 498 2769 ad§
530 2722 554 2761 5
585 2721 696 2762 Her.
730 2735 830 2775 cap.
863 2724 1090 2764 14—-ad
1121 2724 1144 2773 ξ
1176 2725 1344 2764 6Her.
1379 2725 1529 2775 cap.7
1564 2743 1616 2750 —-
1649 2721 1761 2769 ad§
1794 2726 1818 2764 7

299 2773 409 2814 Her.
444 2788 542 2828 cap.
576 2778 652 2835 87,
684 2779 725 2818 4.
758 2780 827 2832 88,
860 2780 885 2819 6
922 2801 979 2810 —
1019 2779 1076 2820 ad
1106 2782 1130 2829 ξ
1161 2780 1187 2819 8
1218 2780 1327 2834 Her.
1362 2792 1464 2831 cap.
1495 2781 1569 2828 93,
1603 2779 1628 2817 8
1668 2799 1718 2805 -
1763 2779 1819 2820 ad

301 2829 325 2878 §
357 2830 382 2893 9
413 2829 522 2870 Her.
558 2845 656 2885 cap.
691 2835 759 2887 94,
784 2837 805 2874 1
836 2857 893 2865 ·-
924 2836 1119 2888 denique
1150 2835 1209 2876 ad
1238 2837 1262 2885 ἓ
1295 2837 1347 2876 10
1377 2835 1486 2874 Her.
1522 2846 1621 2886 cap.
1657 2835 1752 2887 102,
1774 2838 1817 2887 4,

301 2884 381 2938 ubi
413 2891 607 2938 apparet
639 2888 940 2931 Columellam
981 2892 1139 2932 eodem
1179 2892 1377 2932 Heronis
1409 2890 1525 2931 libro
1556 2901 1685 2930 usum
1718 2904 1818 2933 esse

303 2953 434 2993 quem
466 2942 740 2995 epitomator
770 2944 884 2988 ἄλλο
916 2945 1087 2998 βιβλίον
1119 2947 1338 3002 appellat.

1888 2711 1940 3220 {ww-‚emm
