1946 3220
563 130 883 166 SCRIPTORES
910 130 1167 166 cameos.
1523 111 1626 166 129

4 203 18 241 ν’
98 240 425 307 Ἀμφορεύε,
465 239 750 306 μετρητής,
794 239 1043 304 μέδιμνος
1076 243 1236 291 eodem
1273 243 1410 290 modo
1459 245 1508 290 in
1552 257 1625 290 se-

0 803 2 819 ν
3 750 6 751 ¹
0 589 19 714 ,gv-‚u
0 524 22 563 41
0 363 13 409 ψ,

99 317 246 364 cunda
277 329 592 363 mensurarum
622 314 774 360 tabula
802 315 1100 376 explicantur.

200 385 265 432 En
293 387 451 432 miram
475 385 615 432 hahes
639 399 955 431 mensurarum
984 385 1232 443 rationem,
1268 385 1324 431 ad
1358 399 1491 446 quam
1522 383 1625 439 illu-

97 458 327 504 strandam
361 458 472 503 haec
503 457 551 501 in
583 457 842 516 praesentia
874 456 1028 502 afferri
1067 470 1204 517 posse
1244 455 1456 503 arbitror.
1514 451 1623 505 Με-

41 537 45 539 ‘
95 523 287 588 τρητήε
311 535 383 574 est
406 525 631 588 Aegyptia
656 526 811 572 artaba
835 528 1089 586 vetustior,
1126 526 1327 587 aequalis
1351 527 1504 574 Attico
1530 541 1626 573 me-

97 606 242 644 tretae
268 597 314 657 (5
342 599 413 642 39.
440 597 533 657 73),
566 591 843 657 ἀμφορεύε
869 604 1019 644 autem
1043 598 1121 658 qui
1148 597 1313 644 dicitur
1342 604 1414 643 est
1438 597 1626 643 dimidia

96 667 220 714 illius
244 683 366 729 pars.
416 669 527 714 Tum
556 665 688 728 χοῦς
725 668 913 728 perinde
947 675 1082 728 atque
1105 667 1284 714 Atticus
1313 674 1360 714 et
1384 667 1623 714 Ptolemai-

95 753 176 785 cus
202 739 277 784 XII
300 739 474 800 cotylas
499 738 651 797 habet,
675 738 753 784 sed
777 753 880 785 cum
906 739 989 784 hae
1013 737 1255 798 georgicae
1282 738 1460 799 cotylae
1484 740 1626 784 maio-

94 822 168 855 res
204 810 326 867 sint3‘
362 810 461 870 ipse
506 809 642 854 etiam
679 811 869 869 congius
911 806 1146 869 vulgarem
1190 808 1404 868 congium
1443 808 1624 856 dimidia

93 886 224 940 parte
253 886 510 940 exsuperat.
566 879 764 940 Denique
789 879 1002 925 medimni
1026 893 1266 938 mensura,
1292 879 1383 924 nisi
1409 878 1545 924 fallor
1569 879 1625 924 ad

93 951 303 1010 iugerum
329 950 579 996 Romanum
605 949 668 996 ita
694 950 1032 997 accommodata
1058 956 1154 1009 est,
1188 956 1268 1009 ut,
1295 963 1399 996 cum
1425 947 1624 1007 sexfffere

92 1021 232 1066 modii
258 1021 352 1067 sive
378 1020 548 1081 singuli
571 1020 712 1066 Attici
737 1020 949 1067 medimni
975 1022 1022 1066 in
1047 1020 1208 1080 iugero
1240 1021 1333 1066 seri
1354 1016 1621 1081 solerent²)‚

92 1091 166 1137 hic
192 1090 495 1151 agricolarum
532 1091 785 1138 medimnus
823 1091 1144 1138 sex2sextariis
1170 1091 1348 1137 Atticae
1384 1104 1624 1137 mensurae

91 1162 275 1207 modum
299 1167 608 1223 exsuperaret.

298 1350 303 1352 a
346 1314 412 1353 De
443 1315 582 1353 altera
611 1313 755 1361 tabula
787 1312 1079 1366 Cleopatram
1108 1310 1224 1367 (cap.
1257 1311 1365 1365 XI).

194 1398 410 1460 Sequitur
446 1400 563 1447 hanc
608 1415 744 1460 quam
791 1401 928 1447 modo
978 1400 1314 1461 explanavimus
1357 1399 1622 1460 Cleopatrae
1644 1393 1705 1444 78

92 1469 292 1517 tabulam
323 1469 467 1517 altera
500 1470 756 1530 simillima,
803 1469 1069 1536 quae-nihil
1102 1471 1191 1516 nisi
1226 1470 1419 1531 primam
1451 1469 1621 1530 prioris

91 1541 271 1587 tabulae
311 1549 488 1602 partem
531 1538 716 1603 (1—19)
765 1542 838 1588 hic
883 1542 976 1588 illic
1021 1542 1068 1586 in
1113 1541 1296 1588 brevius
1340 1545 1623 1588 contractam

86 1612 322 1671 continet,
358 1612 627 1672 ceteroquin
665 1611 790 1658 nulla
817 1613 862 1657 in
889 1627 940 1658 re
965 1611 1019 1658 ab
1052 1626 1103 1658 ea
1138 1612 1300 1658 differt.
1352 1610 1463 1658 Nam
1500 1611 1623 1672 quod

89 1681 227 1743 vulgo
257 1682 466 1729 nonnulli
501 1683 591 1729 loci
617 1683 765 1728 minus
791 1691 916 1729 recte
941 1682 1235 1743 legebantur,
1270 1696 1369 1728 eam
1401 1695 1495 1728 non
1528 1688 1622 1728 tam

90 1755 332 1814 scriptoris
372 1767 506 1813 quam
550 1752 842 1800 librariorum
885 1754 1064 1814 culpam
1109 1767 1211 1799 esse
1250 1748 1508 1798 iamdudum
1545 1752 1621 1798 de-

2 1845 6 1849 ·
89 1830 423 1869 monstraverat
456 1823 687 1882 Neander‚
726 1825 804 1885 qui
843 1823 1064 1870 nonnulla
1097 1823 1269 1870 rectius
1312 1823 1452 1870 edidit
1487 1837 1622 1884 quam

88 1890 428 1955 posteriores3).
479 1894 624 1939 Unum
660 1901 811 1940 autem
847 1894 1022 1956 excipio
1061 1895 1110 1939 in
1147 1908 1238 1955 quo
1275 1895 1376 1955 ipse
1421 1894 1621 1955 scriptor

89 1966 311 2010 erravisse
359 1965 564 2023 videtur,
620 1965 742 2025 quod
788 1964 980 2026 siliquae
1025 1965 1139 2011 duos
1189 1963 1370 2011 chalcos
1419 1970 1466 2011 et
1507 1964 1619 2010 duas

90 2035 273 2094 quintas
317 2033 427 2094 (non
462 2035 641 2091 tertias)
676 2043 831 2095 partes
871 2036 1055 2092 tribuit3
1103 2035 1182 2081 sed
1219 2035 1339 2081 idem
1376 2034 1620 2097 adscripsit

88 2104 229 2151 altera
252 2120 412 2152 manus
438 2107 484 2151 in
509 2106 664 2167 priore
688 2106 841 2152 tabula
865 2106 1176 2167 Cleopatrana.

426 2259 493 2298 De
523 2257 667 2298 tabula
696 2258 958 2311 hippiatrz'ca
988 2255 1106 2311 (cap.
1139 2257 1277 2311 XII).

195 2344 364 2390 Tabula
398 2340 534 2405 Περὶ
570 2340 779 2404 μέτρων
823 2341 909 2393 καὶ
953 2335 1196 2405 σταθμῶν
1246 2340 1615 2403 ἱππιατρικῶν,
1638 2337 1701 2387 79

90 2414 292 2474 quamvis
327 2415 475 2460 brevis
511 2417 598 2474 sit,
633 2423 781 2461 tamen
809 2429 832 2462 e
859 2416 1007 2463 tribus
1039 2417 1232 2462 diversis
1262 2415 1469 2476 partibus
1496 2428 1615 2461 eom-

87 2594 214 2647 liqua
246 2593 406 2634 tabula
439 2607 495 2634 ea
526 2595 646 2634 ratio
677 2594 831 2645 valet,
870 2600 921 2635 ut
958 2595 1080 2635 terni
1111 2594 1302 2635 sextarii
1332 2594 1511 2635 faciant
1542 2607 1615 2636 co—

87 2651 210 2702 tylas
243 2654 506 2703 quaternas.
548 2651 756 2717 Apparet
776 2651 918 2703 igitur
947 2651 1186 2704 vulgatam
1218 2652 1490 2705 scripturam
1521 2664 1615 2693 cor·

87 2711 269 2760 ruptam
303 2719 403 2748 esse
436 2720 492 2747 ex
522 2701 563 2757 “s'
594 2701 659 2759 δ’,
693 2707 737 2747 11.
772 2721 811 2747 6.
844 2704 951 2759 τρία
980 2706 1198 2760 τέταρτα.

200 2761 244 2871 23
275 2763 329 2803 V.
363 2776 503 2816 supra
531 2765 556 2813 ἓ
587 2765 641 2805 25
674 2764 776 2804 adn.
807 2764 849 2804 4.

201 2821 226 2860 3
278 2819 416 2859 Initio
447 2827 489 2871 5,
526 2821 644 2873 quod
675 2833 820 2873 nuper
851 2820 1077 2860 Clu-istius
1110 2820 1306 2874 addidit,
1347 2822 1440 2861 iam
1471 2820 1614 2861 habet

86 2874 316 2917 Neander.
376 2877 584 2916 Eundem
625 2879 772 2917 secuti
813 2889 963 2917 sumus
1002 2877 1050 2916 in
1091 2878 1278 2918 edendis
1316 2878 1340 2928 ἓ
1385 2880 1408 2919 7
1449 2875 1545 2927 (ubi
1577 2870 1612 2918 ε’

89 2930 270 2972 brevior
300 2944 516 2973 numerus
551 2937 619 2974 est
650 2947 731 2986 pro
764 2932 835 2986 53)
871 2938 916 2974 et
949 2935 1015 2975 14.

147 3014 323 3043 SCRIPT.
356 3016 556 3045 METROL.
591 3017 623 3046 Ι.
1325 3002 1357 3053 9
