1946 3220
761 166 1240 204 rnAerr10.·
1323 139 1327 154 ‘
1576 168 1683 208 xm

105 279 231 350 jx?
257 283 304 329 si
322 279 440 326 edidi
467 292 519 325 ex
543 280 603 333 A:
642 279 780 342 vulgo
806 283 979 341 quodsi
1007 282 1175 343 legitur
1208 286 1490 344 posteriore,
1527 292 1613 332 aut
1642 291 1687 333 si

133 353 322 418 xpi-iore
347 349 468 396 loco,
507 374 567 383 -
608 349 722 397 120.
745 357 800 396 nt
831 352 1035 413 draqma
1060 362 1255 412 superet
1278 359 1482 415 qravior
1514 356 1683 402 editum

95 486 100 490 -
117 424 242 485 ³J-est
269 434 322 468 ex
348 415 404 466 Α8
429 425 475 466 et
501 421 704 482 vestigiis
726 422 895 482 primae
922 437 1079 470 manus
1106 425 1151 469 in
1179 424 1335 471 eodem
1364 426 1533 473 codice.
1598 425 1685 472 Sed

86 534 121 544 ,,
122 487 303 547 altius
333 491 491 536 vitium
525 491 613 537 hoc
646 491 749 538 loco
792 492 932 540 latere
968 494 1155 540 videtur.
1219 495 1404 541 Accedit
1441 497 1507 542 rei
1541 496 1684 557 ipsius

87 557 125 617 “s
120 560 435 621 difficultaS,
470 575 603 622 quam
639 575 730 608 non
767 563 899 623 plane
937 564 1116 624 expedit
1149 564 1409 625 Klfigelius;
1447 566 1523 612 sed
1551 566 1605 612 de
1634 581 1686 612 ea

82 645 216 690 ,fre
240 645 331 678 non
358 637 430 678 est
459 632 532 677 hic
556 631 807 679 disserendi
842 634 987 680 locus.
1022 660 1079 667 ——
1110 633 1225 681 126.
1257 635 1347 681 hoc
1381 637 1481 682 ABG
1520 636 1685 682 Schen-

154 701 338 760 kelius,
365 702 418 748 id
444 701 593 760 vulgo.
612 728 683 737 —
711 702 829 749 127.
859 705 1095 763 Syracusa·
1117 701 1203 750 A¹ss
1229 713 1459 752 contracta
1486 707 1683 767 genetivi

72 819 83 831 ,,
135 791 139 794 ·
166 773 512 829 terminatione,
549 779 598 817 ut
636 787 770 833 supra
797 788 860 819 vs.
891 775 969 820 71.
998 775 1077 822 80.
1109 780 1313 821 sea-tari.
1363 775 1505 835 Vulgo
1537 777 1683 836 Syra-

99 871 112 886 .-
159 845 299 890 cosiu‘.
325 868 397 876 —
423 842 538 890 130.
575 852 805 901 conperto
836 846 887 890 A.
924 869 984 878 —
1026 843 1141 890 144.
1169 853 1339 904 quotve
1371 860 1453 905 pro
1481 847 1687 905 quotque

165 911 450 960 scribendum
476 927 577 958 esse
603 913 778 958 videtur
802 913 997 960 Christio
1024 916 1068 960 in
1094 915 1205 961 Mus.
1232 916 1373 961 Rben.
1399 916 1470 960 XX
1496 932 1540 976 p.
1568 916 1631 962 72
1647 932 1683 962 S.

67 967 80 978 „.
167 1007 229 1017 -
262 982 376 1029 151.
407 983 491 1028 sub
518 987 660 1043 aquis
690 985 774 1041 fiet
807 985 908 1030 ABG
938 984 1261 1043 Schenkelius‚
1302 985 1424 1046 quod
1461 1000 1550 1045 quo
1588 988 1684 1031 iure

75 1060 97 1085 ⁴⁷-
163 1053 432 1100 Endlichero
460 1053 749 1114 glossematis
775 1054 878 1100 loco
906 1056 1049 1101 visum
1082 1056 1166 1114 sit,
1197 1056 1404 1116 equidem
1436 1070 1526 1101 nou
1555 1056 1687 1101 intel-

61 1118 84 1177 ἶ
164 1123 293 1184 lego;
321 1124 457 1169 immo
484 1124 714 1184 vulgatum
740 1125 962 1170 subsistet
989 1129 1114 1170 enim
1146 1127 1343 1187 pessime
1377 1132 1448 1171 est
1482 1128 1686 1186 interpo-

163 1193 322 1239 latum.
349 1219 420 1229 --
448 1192 562 1240 157.
594 1198 818 1253 corrupti
841 1196 1043 1241 codicum
1072 1197 1314 1256 scriptura,
1345 1197 1429 1241 etsi
1458 1196 1687 1241 difficilior

0 1297 1 1304 1
75 1276 82 1290 ²
169 1270 255 1321 est,
282 1270 429 1310 tamen
456 1277 541 1309 nec
565 1279 587 1310 a
616 1267 680 1311 rei
707 1267 882 1311 ratione
907 1280 990 1311 nec
1016 1279 1039 1310 a
1058 1266 1171 1311 >stilo
1198 1265 1333 1311 huius
1357 1273 1518 1326 poetae
1544 1267 1684 1311 aliena

166 1334 358 1379 videtur.
421 1333 660 1392 vulgatum
692 1345 918 1394 corrupto
947 1343 1127 1382 revocat
1153 1335 1376 1381 Christius
1403 1336 1430 1381 l.
1457 1351 1494 1382 c.
1527 1351 1569 1396 p.
1603 1336 1685 1382 71.

167 1428 227 1436 —
260 1404 376 1450 161.
404 1408 602 1464 quaevis
629 1406 783 1451 librae
805 1406 908 1451 ABC
934 1405 1244 1450 Schenkelius.
1274 1430 1334 1438 -—
1367 1406 1482 1452 179.
1512 1420 1686 1451 causa-

169 1487 258 1534 que
294 1487 408 1534 ego,
449 1488 600 1520 causa
636 1482 681 1520 et
717 1475 1033 1533 SchenkeliuS‚
1069 1489 1220 1520 causa
1258 1482 1416 1521 contra
1450 1490 1687 1522 numerum

163 1544 458 1591 Endlicherus
486 1559 536 1590 ex
563 1547 612 1590 A.
644 1571 704 1579 —
749 1546 846 1592 187
876 1561 910 1591 s.
949 1545 1033 1590 hos
1063 1560 1219 1590 versus
1255 1552 1378 1590 recte
1414 1546 1616 1591 distinxit
1644 1553 1689 1591 et

0 1642 1 1672 2
80 1610 92 1622 '
167 1615 383 1676 explicuit
402 1615 625 1661 Christius
654 1616 683 1662 l.
704 1631 740 1662 c.
763 1631 806 1676 p.
826 1616 905 1663 73.
928 1641 988 1648 —
1014 1615 1127 1662 195.
1156 1616 1263 1674 cybi
1288 1629 1341 1660 ex
1362 1618 1412 1674 A,
1440 1623 1491 1662 ut
1517 1631 1579 1660 vs.
1596 1615 1686 1670 623

167 1686 279 1731 cubi
301 1685 610 1732 Eudlicberus.

276 1825 391 1871 121.
419 1825 536 1871 Idem
566 1838 742 1871 carmon
771 1825 823 1870 de
845 1825 1120 1885 ponderibus
1140 1825 1278 1870 codex
1299 1825 1529 1870 Parisinus
1552 1823 1684 1871 7461

168 1895 355 1942 membr.
381 1910 498 1941 saec.
516 1896 606 1940 xm
632 1895 719 1942 alio
748 1896 903 1941 ordine
931 1896 1200 1955 dispositum
1230 1894 1477 1942 et.duobus
1506 1893 1689 1954 supple·

169 1968 358 2024 mentis,
385 1967 464 2012 sed
491 1966 545 2010 iis
574 1966 729 2012 alienis
757 1980 779 2010 a
807 1966 1004 2025 genuino
1032 1972 1264 2022 contextu,
1291 1972 1469 2010 auctum
1497 1964 1687 2009 exbibet.

168 2037 279 2083 Hinc
313 2043 358 2082 et
394 2038 541 2097 ipsum
577 2050 755 2082 carmen
794 2042 837 2081 et
875 2049 923 2081 ca
958 2049 1071 2095 quae
1096 2035 1183 2080 dixi
1217 2034 1527 2095 supplementa
1553 2034 1691 2079 edidit

167 2107 216 2153 L.
239 2107 461 2168 Angeloni
489 2107 532 2151 in
560 2106 677 2152 libro
706 2107 780 2166 qui
811 2106 1070 2152 inscribitur
1095 2106 1246 2164 Sopra
1275 2105 1428 2150 Guido
1456 2101 1689 2148 d'Arezzo

171 2179 522 2224 dissertazione
549 2176 706 2236 (Paris.
737 2175 888 2235 1811)
916 2191 958 2236 p.
988 2175 1088 2221 227
1118 2191 1177 2221 ss.
1205 2174 1533 2236 (supplementa
1563 2189 1690 2235 repc-

170 2247 271 2294 tivit
295 2247 491 2294 Orellius
530 2249 573 2292 in
611 2247 858 2307 appendice
894 2247 945 2291 ad
979 2246 1165 2291 Phaedri
1209 2245 1379 2291 subulas
1414 2260 1455 2305 p.
1485 2244 1587 2291 240
1612 2259 1690 2300 ss„

169 2318 248 2365 sed
287 2317 448 2364 falsum
484 2318 651 2364 codicis
683 2331 919 2362 numerum
951 2317 1083 2362 7211
1114 2316 1265 2362 attulit
1292 2316 1506 2375 deceptus
1536 2327 1691 2358 errore

70 2444 73 2449 Δ
169 2387 410 2448 Angelouii
439 2404 484 2450 p.
515 2388 650 2448 225).
710 2387 772 2432 Ex
803 2388 872 2432 bis
899 2386 1226 2446 supplementis
1261 2385 1477 2439 alterum,
1519 2399 1609 2445 quo
1637 2383 1691 2428 de

67 2471 84 2505 ί
170 2458 312 2505 librae
341 2459 547 2520 partibus
574 2460 752 2518 agitur,
791 2471 876 2515 ego
902 2457 1084 2501 Parisiis
1113 2470 1165 2500 cx
1190 2455 1345 2500 eodem
1375 2454 1529 2500 codice
1555 2453 1684 2500 7461

71 2533 82 2542 ⁴
174 2529 420 2590 descripsi,
468 2542 581 2590 quae
626 2541 760 2588 opera
806 2533 995 2587 propter
1031 2526 1198 2570 multos
1237 2524 1473 2583 Angelonii
1512 2537 1691 2569 errores

173 2600 356 2646 minime
390 2599 563 2646 inutilis
600 2598 699 2643 suit.
750 2598 988 2642 Praeterea
1021 2596 1128 2640 baec
1159 2608 1207 2638 cx
1235 2608 1287 2639 eo
1314 2593 1466 2639 codice
1496 2594 1689 2639 enotavi.

170 2669 386 2716 Continet
411 2670 488 2716 sol.
519 2668 689 2714 1—16
717 2666 932 2711 Guidonis
959 2665 1273 2724 micrologium
1304 2665 1347 2709 in
1380 2666 1574 2720 musica,
1615 2662 1691 2708 iol.

52 2717 92 2779 ἶ.
179 2739 383 2786 19--27
413 2740 610 2785 (idonem
645 2737 701 2783 de
737 2738 920 2782 musica.
975 2734 1096 2780 Folia
1134 2741 1279 2804 autem
1312 2748 1425 2795 quae
1456 2736 1693 2780 interserta

52 2811 103 2860 ἠ
174 2816 308 2868 suut,
346 2810 411 2856 17
437 2817 483 2856 et
512 2809 602 2865 18,
633 2807 862 2854 contrario
890 2806 1047 2851 ordine
1075 2805 1283 2865 colligata
1313 2811 1418 2850 sunt
1442 2818 1493 2850 ac
1518 2818 1599 2865 per
1624 2818 1694 2849 ar·

177 2886 442 2940 gumentum
469 2879 721 2939 scripturae
747 2877 966 2937 oportuit.
1019 2874 1123 2920 Nam
1151 2875 1195 2919 in
1223 2875 1298 2920 soi.
1323 2874 1386 2922 18
1414 2875 1573 2934 incipit
1597 2875 1692 2917 sine

68 2938 83 2958 ²
139 2992 141 2994 .
177 2949 475 3012 inscriptione
508 2961 687 2996 carmen
716 2948 769 2993 de
799 2945 1075 3008 ponderibus
1106 2945 1323 2990 Pondere
1349 2948 1536 3003 poenin‘s
1562 2949 1694 2987 uete-
