1946 3220
583 122 918 158 SCRIPTORES
956 122 1219 157 GRAECOS.
1568 119 1674 158 XXI

145 237 245 285 Non
270 244 340 284 est
366 237 487 298 quod
514 232 622 295 ἐγὼ
648 232 750 297 γάρ
778 244 1038 298 suspectum
1067 236 1284 282 videatur.
1319 237 1430 283 Post
1454 237 1565 284 haec
1589 238 1674 298 igi-

146 316 225 356 tur
251 308 413 355 excidit
437 308 623 354 verbum
651 307 902 368 quoddam,
930 308 1052 368 quod
1076 307 1253 368 quidem
1279 307 1379 368 ipsa
1405 308 1491 354 ista
1518 307 1675 367 glossa

148 393 231 426 suo
265 379 369 426 loco
405 378 593 440 expulit.
643 378 749 424 Inde
775 385 1129 425 consentaneum
1156 385 1227 424 est
1252 393 1502 439 suspensos
1531 379 1675 425 fuisse

146 451 428 497 accusativos
467 463 756 496 nummorum
800 463 917 508 quos
967 449 1043 494 illa
1085 448 1339 510 Epicharmi
1383 462 1580 510 persona
1626 451 1675 495 in

146 520 326 567 sacculo
354 534 403 567 se
433 520 598 566 habere
621 519 863 579 significat,
892 526 937 565 et
963 519 1243 581 relinquitur
1266 522 1365 566 voci
1389 514 1675 580 λιτροδόκα

144 591 299 637 nullus
334 592 422 636 nisi
458 591 595 637 dativi
629 589 771 638 locus.
819 591 1020 651 Denique
1045 603 1102 640 τε
1129 590 1250 651 quod
1283 590 1414 637 facile
1437 605 1522 651 per
1547 605 1674 637 erro·

144 675 241 708 rem
282 661 383 708 addi
423 662 577 722 potuit
617 660 958 723 expellendum,
1004 676 1094 721 quo
1140 662 1262 708 facto
1303 661 1370 707 sic
1412 661 1676 708 emendatus

144 732 300 793 prodit
337 732 488 779 locus:
541 727 648 790 ἐγὼ
675 727 778 792 γὰρ
805 768 815 779 .
841 768 852 778 .
880 769 890 778 .
920 726 1190 794 (ἐμβαλὼν
1216 730 1286 777 vel
1314 731 1460 777 simile
1490 728 1620 795 quid)
1650 725 1671 795 ΙΙ

141 797 430 866 -λιτροδόκᾳ
473 797 655 863 λίτραν
703 797 920 863 ετατῆρ’
956 797 1198 851 ἑξάντιον
1240 797 1576 859 πεντόγκιον.
1605 828 1676 835 —

146 873 176 932 5
202 876 257 918 83
283 872 344 935 (p.
363 875 464 931 293,
491 873 562 933 17)
585 867 883 934 Ἀθηναίοις
908 875 1062 934 inepte
1089 874 1311 934 scriptum
1338 880 1409 919 est
1435 873 1489 920 ad
1516 873 1677 919 simili-

141 944 348 991 tudinem
384 944 518 990 dativi
552 939 696 1007 Μίδᾳ
727 944 803 1009 τῷ
839 938 1032 1004 Φρυγί;
1081 944 1266 990 minime
1312 946 1431 990 enim
1465 946 1675 1002 interest,

145 1029 341 1076 quorum
369 1017 415 1061 in
441 1029 574 1061 usum
609 1014 930 1061 Erichthonius
966 1022 1013 1061 et
1046 1015 1193 1077 Lycus
1227 1029 1436 1061 nummos
1471 1015 1677 1075 signave-

143 1087 262 1142 rint,
309 1086 387 1132 sed
431 1085 536 1132 illos
581 1086 707 1146 ipsos
750 1087 1050 1132 Athenienses
1095 1086 1264 1143 fuisse,
1312 1086 1449 1146 idque
1491 1085 1678 1146 scripsit

142 1155 324 1202 Pollux:
369 1150 474 1205 εἴτε
505 1152 771 1217 Ἀθηναῖοι
797 1164 884 1203 etc.
914 1181 974 1189 -
1006 1155 1036 1215 S
1062 1159 1119 1201 84
1143 1153 1204 1218 (p.
1233 1158 1343 1214 294,
1373 1155 1415 1215 1)
1441 1157 1677 1216 vulgatum

145 1221 432 1286 ὀνομάτων
467 1223 749 1290 καταλόγῳ
795 1227 909 1273 ferri
950 1241 1044 1287 non
1078 1227 1248 1287 potuit.
1314 1226 1480 1273 Confer
1519 1225 1674 1287 paullo

143 1305 252 1358 post
279 1296 308 1355 S
335 1300 389 1342 87
414 1298 491 1362 τῷ
518 1293 639 1358 περὶ
666 1292 1002 1358 νομιεμάτων
1030 1292 1204 1362 λόγῳ,
1243 1304 1382 1357 atque
1411 1299 1595 1343 omnino
1629 1299 1678 1342 in

142 1369 233 1414 hoc
278 1368 424 1428 capite
467 1364 587 1429 περὶ
635 1363 971 1428 νομιεμάτων
1009 1368 1176 1428 agitur.
1237 1368 1437 1413 Eundem
1473 1381 1678 1413 errorem

145 1438 371 1485 commisit
404 1440 443 1485 is
479 1439 557 1500 qui
595 1439 941 1499 inscriptionem
966 1434 1103 1498 Περὶ
1129 1432 1288 1486 εἰδῶν
1316 1444 1400 1484 etc.
1442 1439 1550 1484 huic
1574 1436 1678 1484 Pol·

143 1508 259 1556 lucis
286 1510 422 1570 capiti
447 1508 669 1571 praefixit.
712 1508 809 1570 Ego
830 1517 1029 1570 utroque
1053 1509 1155 1556 loco
1182 1503 1519 1569 νομιεμάτων
1545 1510 1678 1555 resti·

147 1582 226 1626 tui.
254 1606 323 1612 —
350 1580 379 1639 S
405 1583 461 1625 88
497 1580 558 1642 (p.
590 1584 694 1639 295,
719 1579 764 1639 9)
799 1579 1068 1642 Philippidis
1102 1579 1239 1626 verba
1265 1578 1461 1627 Cohetus
1498 1578 1679 1638 (Mnem.

143 1650 199 1696 lV
224 1665 270 1712 p.
298 1650 398 1711 128)
428 1652 493 1698 sic
517 1650 688 1698 mavult
712 1651 872 1697 dividi:
900 1644 1061 1699 οὗτος
1092 1644 1258 1699 οἴεται
1288 1646 1628 1711 περιεπάεειν
1652 1643 1675 1713 ΙΙ

142 1716 423 1782 κερμάτιον
451 1716 631 1770 αὐτοῦ.
659 1746 720 1756 ——
748 1721 916 1768 Ibidem
944 1720 1024 1781 (vs.
1051 1721 1123 1780 13)
1149 1722 1472 1783 Aristophanis
1500 1733 1679 1767 versum

143 1792 366 1853 Bergkius
394 1789 482 1853 (Fr.
506 1806 621 1840 com.
638 1793 674 1838 11
700 1796 787 1854 p.2
810 1807 855 1852 p.
870 1791 1001 1851 1043)
1029 1792 1095 1839 sic
1120 1792 1282 1838 edidit:
1315 1786 1440 1840 οὐδ’
1465 1786 1680 1851 ἀργύρι’

145 1857 252 1910 &cri
278 1858 860 1924 κατακεκερματιεμένα.
897 1864 962 1908 Ac
986 1870 1110 1909 recte
1130 1863 1312 1923 quidem
1339 1862 1499 1908 scribit
1521 1872 1679 1910 κατα-

146 1928 498 1993 κερματίζειν,
552 1947 644 1979 non
685 1927 1034 1993 κερματίζειν,
1083 1933 1304 1979 illustrari
1343 1947 1369 1978 a
1402 1932 1590 1979 Polluce
1635 1939 1680 1978 et

148 2004 338 2051 eundem
371 2017 548 2050 versum
581 2003 670 2064 legi
705 2003 782 2050 lib.
809 2008 853 2062 7,
881 2006 978 2048 170.
1029 2005 1178 2064 Atque
1214 2003 1277 2049 ibi
1306 1997 1679 2063 κατακερματί-

145 2086 313 2134 (ματα
341 2089 394 2121 ex
417 2077 454 2119 A
485 2074 615 2121 affert
641 2074 896 2133 Bekkerus‚
942 2087 1058 2134 quae
1087 2074 1315 2134 scriptura
1352 2075 1535 2135 egregie
1573 2087 1679 2120 con·

146 2145 325 2192 firmare
351 2145 529 2192 videtur
552 2145 731 2205 Bergkii
757 2146 1081 2192 coniecturam.
1122 2144 1442 2190 Verumtamen
1464 2158 1565 2190 cum
1591 2144 1680 2191 hoc

145 2215 248 2263 loco
286 2215 365 2275 (vs.
395 2216 468 2275 20)
505 2215 666 2264 Pollux
697 2215 918 2277 pluralem
956 2210 1180 2276 ἀργύρια
1215 2229 1317 2261 raro
1353 2215 1471 2276 apud
1499 2216 1678 2261 Atticos

146 2287 365 2347 reperiri,
396 2287 585 2347 eiusque
609 2301 721 2333 usus
748 2284 923 2333 nullum
951 2286 1404 2346 certumexemplum
1431 2286 1551 2347 apud
1578 2286 1679 2330 Ari·

149 2356 418 2417 stophanem
447 2363 624 2403 exstare
648 2364 994 2414 commemoret,
1033 2363 1222 2417 apparet
1261 2356 1452 2402 eundem
1483 2357 1678 2416 scripto·

148 2440 244 2472 rem
287 2441 378 2473 non
414 2429 621 2487 potuisse
662 2430 816 2474 statim
855 2434 987 2473 antea
1021 2421 1245 2487 ἀργύρια
1285 2440 1337 2472 ex
1370 2426 1678 2486 Aristophane

150 2498 304 2545 citare.
383 2496 504 2558 Ergo
551 2491 806 2558 ἀργύριον
862 2497 1094 2558 singulare
1136 2497 1305 2542 servari
1353 2509 1539 2543 necesse
1584 2503 1677 2551 est;

148 2581 233 2614 nec
263 2575 414 2614 tamen
447 2563 1048 2629 κατακεκερματῑεμένον
1087 2567 1419 2627 spernendum,
1453 2567 1679 2627 siquidem

150 2639 215 2685 sic
239 2653 398 2685 versus
426 2639 683 2685 trochaicus
718 2645 840 2685 recte
877 2638 1050 2698 legitur
1085 2638 1232 2697 primo
1268 2637 1382 2698 pede
1413 2644 1676 2684 truncatus:

152 2707 223 2767 (——
242 2708 292 2768 ῦ)
313 2703 437 2758 οὐδ’
455 2703 710 2770 ἀργύριον
736 2702 842 2756 {cn
866 2703 1467 2767 κατακεκερματιεμένον
1490 2705 1678 2769 (similes

146 2788 366 2826 ‘numeros
408 2779 549 2826 hahes
583 2780 629 2825 in
662 2779 773 2840 Equ.
811 2793 876 2824 vs.
903 2780 988 2823 280
1016 2777 1088 2837 s.).
1128 2803 1191 2811 —-
1233 2778 1263 2836 S
1289 2780 1345 2822 89
1381 2778 1442 2838 (p.
1474 2780 1582 2835 295,
1605 2777 1677 2837 23)

153 2863 252 2896 cum
286 2844 352 2898 οὐ
389 2859 491 2896 ante
516 2845 735 2910 γνήειον
765 2849 884 2895 absit
919 2863 943 2894 a
975 2848 1131 2905 libris,
1170 2863 1262 2895 non
1301 2850 1529 2895 immerito
1567 2848 1679 2894 haec

150 2927 311 2966 cuncta
347 2915 430 2967 ὡς
477 2915 891 2980 Ἀριετοφάνου(
938 2914 1158 2978 γνήειον
1202 2920 1342 2979 inepti
1388 2918 1679 2978 glossematis
