1946 3220
302 155 446 192 XXIV
540 157 835 191 PRAEFATIO
875 157 930 189 IN
968 151 1292 188 SCRIPTORES
1331 151 1592 186 GRAECOS.

302 271 432 317 libris
460 273 522 317 ita
547 271 649 317 duci
680 269 823 327 solet⁷
859 273 910 313 ut
936 266 989 312 ab
1016 278 1047 312 υ
1071 267 1142 311 vix
1165 265 1359 313 differat.
1411 265 1531 311 Nihil
1562 266 1706 327 igitur
1734 269 1824 314 nisi

303 335 345 391 Z'
370 349 477 403 post
502 337 561 388 δὲ
597 347 641 385 et
667 334 724 400 φ’
750 340 794 384 in
818 337 905 383 fine
935 335 1135 382 ldelerus
1161 336 1345 382 addidit.
1388 333 1518 391 Quae
1543 336 1665 397 quod
1695 335 1825 398 fuge-

302 412 394 457 rint
428 411 748 467 Schmidtium‚
788 421 881 453 non
915 406 1199 467 reprehendo
1229 407 1436 467 equidem
1461 433 1530 440 —
1557 413 1652 453 tum
1687 407 1823 466 enim,

303 497 404 529 cum
438 481 515 527 illa
550 480 687 526 edidit
720 479 788 523 vir
823 478 878 523 de
913 476 1138 539 Hesychio
1174 477 1372 524 omnium
1409 479 1578 538 optime
1614 480 1821 536 meritus,

301 552 500 598 nondum
541 557 637 595 erat
670 548 851 609 vulgata
887 562 1041 594 earum
1079 562 1231 595 rerum
1264 548 1431 594 notitia
1453 574 1524 582 —-
1552 547 1632 595 sed
1657 554 1824 607 tamen,

303 629 353 667 ut
379 622 423 665 in
457 634 504 665 re
533 622 728 678 incerta,
764 619 993 665 abstinere
1027 618 1220 664 debebat
1252 619 1306 665 iis
1343 618 1620 665 coniecturis
1656 618 1825 680 quibus

301 692 621 752 depravaretur
659 692 852 750 genuina
889 690 1139 749 scriptura,
1184 703 1275 735 non
1311 688 1641 736 emendaretur.
1697 688 1824 745 Quod

301 762 489 807 maxime
525 762 694 808 factum
720 767 789 806 est
814 761 859 805 in
888 759 1053 819 glossis
1080 754 1299 819 ἀεάριον
1335 766 1381 805 et
1413 754 1734 819 κοδράντης,
1772 760 1826 807 de

302 833 467 892 quihus
493 833 538 877 in
563 831 680 892 prol.
710 831 739 889 S
768 833 850 875 103
878 830 1133 877 accuratius
1159 830 1369 876 disserui.
1861 842 1866 847 ·

408 903 652 962 Postquam
682 902 891 962 Hesychii
927 901 1054 947 locos
1082 900 1239 947 sedulo
1268 902 1551 961 conquisitos
1580 907 1626 947 et
1654 900 1826 948 electos

301 974 348 1019 in
384 986 531 1019 meum
559 972 724 1018 librum
759 972 1017 1018 iamdudum
1054 971 1363 1029 contuleram,
1392 972 1663 1032 prodierunt
1690 971 1828 1019 huius

303 1044 408 1090 anni
442 1044 571 1089 initio
610 1042 938 1089 Schmidtianae
972 1042 1184 1088 editionis
1219 1041 1424 1088 fasciculi
1454 1042 1628 1100 ultimi,
1661 1041 1827 1103 quibus

302 1114 473 1160 indices
503 1114 806 1174 copiosissimi
830 1113 1137 1159 continentur.
1195 1113 1277 1159 Hic
1306 1125 1620 1159 mensurarum
1656 1113 1829 1174 ponde-

302 1198 402 1229 rum
441 1198 728 1230 nummorum
770 1183 1097 1244 appellationes
1127 1183 1346 1230 collectae
1389 1190 1497 1229 sunt
1530 1197 1577 1244 p.
1611 1186 1827 1229 56—58.

303 1253 425 1309 Quae
454 1269 554 1301 cum
579 1255 802 1317 viderem,
838 1255 1033 1314 primum
1060 1267 1198 1315 aegre
1229 1254 1348 1300 ferre
1379 1255 1539 1314 coepi,
1575 1254 1697 1315 quod
1730 1256 1829 1315 ipse

303 1332 479 1370 tantum
514 1324 717 1370 laborem
759 1325 980 1371 inutiliter
1014 1326 1274 1385 suscepisse
1314 1324 1516 1380 viderer;
1563 1325 1642 1371 sed
1679 1331 1830 1371 tamen

301 1410 406 1441 mox
432 1394 630 1442 intellexi
654 1395 872 1442 nonnulla
900 1410 923 1441 a
950 1408 1020 1440 me
1047 1395 1236 1441 collecta
1266 1409 1368 1441 esse
1395 1409 1508 1455 quae
1533 1403 1613 1441 aut
1636 1395 1829 1442 consilio

304 1473 383 1512 aut
415 1480 522 1512 casu
555 1465 832 1512 Schmidtius
866 1466 1197 1527 praeteriisset.
1252 1464 1325 1511 Sic
1359 1464 1474 1526 legis
1506 1466 1552 1511 in
1583 1480 1685 1513 meo
1711 1466 1828 1512 libro

302 1537 414 1583 haec
439 1537 606 1582 omissa
631 1538 678 1582 in
704 1537 913 1596 catalogo
939 1535 1271 1582 Schmidtiano:
1313 1531 1541 1596 ἀεαρθά,
1576 1531 1830 1597 δαρχμάε,

302 1601 523 1667 ἴβανον,
552 1602 742 1666 κάδος,
768 1604 1102 1667 μεδιμναῑον,
1135 1601 1291 1666 ὁλκή,
1320 1602 1673 1665 (ζολοιτύποε,
1709 1620 1830 1667 τρυ-

304 1672 482 1737 βλίον,
509 1672 707 1736 χρυεία.
757 1678 836 1723 His
863 1678 1084 1724 accedunt
1112 1676 1309 1738 plurima
1340 1691 1456 1738 quae
1485 1677 1718 1725 vocabulis
1743 1691 1829 1725 κυ-

302 1743 430 1806 τύλη
456 1748 525 1793 vel
550 1743 796 1808 τρυβλίον
829 1748 898 1794 vel
932 1743 1211 1809 ὀξύβαφον
1255 1748 1326 1794 vel
1367 1748 1591 1795 similibus
1638 1747 1832 1809 explicat

303 1817 580 1878 Hesychius,
610 1825 659 1864 ut
690 1813 834 1878 ἄλιρ,
862 1813 1130 1879 ἄφυεεαν,
1161 1813 1397 1879 ἀφύετα,
1427 1813 1643 1879 βάφιον,
1669 1818 1832 1879 γαβα-

304 1883 429 1946 θόν,
455 1883 671 1948 γάβενα,
697 1884 973 1950 γάμβριον,
1000 1884 1283 1950 ἐμβάφιον,
1309 1885 1581 1950 Ζαμάτιον,
1609 1884 1831 1950 λιδρίον,

305 1954 569 2017 παντάνα,
595 1954 835 2019 πάτανα,
861 1954 1134 2020 πελάχνιν.
1168 1958 1290 2014 Quae
1317 1959 1596 2006 Schmidtius
1621 1975 1706 2007 suo
1733 1960 1831 2006 iure

304 2027 405 2074 aliis
431 2029 516 2074 sub
547 2029 692 2075 titulis
720 2030 927 2090 collegit:
964 2043 1050 2090 ego
1080 2036 1231 2076 tamen
1255 2030 1410 2076 eadem
1436 2030 1542 2076 hinc
1568 2030 1725 2076 abesse
1751 2045 1834 2077 no-

307 2098 398 2156 lui,
427 2100 532 2159 quia
561 2099 691 2146 facile
717 2101 763 2145 in
789 2102 843 2146 iis
867 2114 1210 2158 mensurarum,
1244 2114 1337 2147 non
1366 2115 1603 2160 vasorum,
1633 2101 1832 2162 appella-

307 2170 456 2214 tiones
491 2168 632 2216 latere
657 2177 861 2230 possent.
909 2171 974 2217 Ac
998 2167 1219 2216 similibus
1245 2171 1300 2217 de
1328 2171 1475 2218 causis
1502 2171 1719 2218 nonnulla
1745 2171 1833 2218 alia

305 2239 459 2299 recepi
493 2248 675 2299 praeter
700 2240 1028 2299 Schmidtiana.,
1065 2241 1151 2287 alia
1186 2249 1346 2288 contra
1375 2256 1490 2303 quae
1521 2242 1633 2288 nihil
1669 2242 1722 2288 ad
1757 2255 1831 2287 res

305 2309 428 2370 ipsas
455 2310 779 2371 metrologicas
817 2313 1047 2371 pertinere
1086 2312 1345 2358 viderentur
1383 2314 1541 2373 omisi,
1585 2327 1699 2373 quae
1732 2312 1832 2359 vide

305 2380 425 2439 apud
446 2379 756 2427 Schmidtium.

414 2451 612 2511 Denique
639 2453 772 2498 exiis
808 2466 922 2514 quae
956 2453 1074 2513 apud
1110 2452 1335 2499 Suidam
1374 2456 1551 2500 correxi
1587 2467 1725 2500 unum
1760 2454 1833 2500 hic

309 2518 447 2565 affero
482 2516 793 2579 τρικότυλον
822 2538 867 2584 p.
895 2525 994 2582 337,
1021 2525 1049 2566 9
1075 2537 1127 2570 ex
1157 2520 1483 2603 τριώβολον,
1529 2525 1651 2586 quod
1685 2526 1834 2571 neuti-

311 2602 446 2648 quam
483 2589 591 2635 serri
624 2595 799 2652 potuit,
840 2594 1140 2640 emendatum.
1201 2595 1424 2642 Nimirum
1463 2596 1502 2641 is
1541 2601 1703 2642 auctor
1742 2608 1832 2655 quo

312 2656 473 2703 Suidas
499 2673 607 2705 usus
636 2671 705 2707 est
729 2666 995 2726 Aegyptiam
1020 2665 1285 2712 choenicem
1311 2664 1594 2726 significavit,
1624 2679 1738 2727 quae
1765 2672 1834 2711 est

313 2728 566 2787 cotylarum
591 2730 644 2775 111
671 2731 726 2789 (v.
749 2734 864 2792 prol.
892 2734 921 2793 S
945 2738 1015 2781 73.
1042 2735 1137 2795 76);
1167 2736 1285 2782 idem
1314 2743 1466 2783 autem
1493 2738 1539 2782 in
1567 2750 1621 2783 eo
1650 2737 1832 2793 erravit,

314 2797 435 2856 quod
459 2811 554 2846 eam
583 2800 841 2850 choenicem
866 2819 966 2851 cum
991 2806 1141 2853 Attico
1168 2806 1320 2854 modio
1347 2808 1635 2868 comparavit.

905 2970 1160 2979 --—.-.....-....
