1946 3220
558 140 885 174 SCRIPTORES
919 139 1185 175 GRAECOS.
1527 137 1663 174 XVII·

121 262 331 316 excerpta
360 266 429 300 me
463 254 662 312 induxit,
695 260 748 300 ut
780 254 896 314 apud
926 254 1226 316 Epiphanium
1253 249 1650 314 εταθμούμενον

122 327 329 378 ederem:
357 325 436 372 sed
460 339 581 372 nunc
608 319 983 384 εταθμώμενον
1011 326 1222 371 restituo.
1243 350 1303 358 —
1326 329 1366 370 2.
1389 321 1654 384 λιτριεμὸν

122 396 298 459 primus
325 395 520 444 coniecit
545 394 759 455 Scaliger.
790 421 853 428 —-
881 400 921 440 7.
943 390 1249 459 Ἀεευρίων]
1277 389 1540 456 ἀεεαρίων
1565 394 1650 452 Di,

122 474 176 515 ut
199 467 363 528 vulgo;
399 468 507 513 item
539 469 603 511 10.
630 463 740 514 τῶν
769 460 891 525 ρκε’,
919 473 964 512 et
991 469 1057 513 11.
1088 461 1309 524 οὐγγίαι.
1335 492 1404 500 --
1430 469 1500 511 13.
1528 461 1652 529 δύο]

121 534 183 588 δὲ
215 533 314 586 δύο
350 536 416 582 Di
451 537 698 584 secundum
735 536 1029 597 Scaligerum.
1059 562 1127 572 —·
1152 540 1219 583 15.
1259 532 1442 585 Είκλοε
1476 536 1565 593 Di,
1605 543 1658 582 ut

121 607 277 669 vulgo.
307 634 370 641 —
400 611 467 653 17.
494 602 557 668 η”
585 621 673 653 om.
695 607 784 665 Di,
811 614 862 654 ut
888 607 1041 668 vulgo.
1071 631 1132 641 —-
1160 610 1228 653 21.
1258 602 1475 671 ἔχουςα]
1502 602 1657 667 ἔχου-

123 689 218 727 (αν
245 679 323 725 Di.
350 703 421 713 —-
445 671 571 742 ρκε’]
606 672 679 726 κε’
703 678 771 725 Da·
804 679 1051 725 secundum
1078 677 1381 737 Scaligerum3
1425 686 1468 724 at
1503 692 1659 724 verum

123 763 224 796 esse
258 744 363 809 ρκε’
389 750 489 811 ipsa
511 749 747 810 Epiphanii
774 751 890 795 ratio
918 748 1081 806 efficit,
1120 749 1197 809 qui
1226 750 1384 794 unciae
1411 748 1570 794 tribuit
1596 751 1657 794 si-

121 818 191 867 cla
213 821 281 866 IV.
337 820 411 866 Sic
437 819 582 866 CXXV
609 820 718 866 sicla
752 819 958 866 efficiunt
982 819 1018 865 11
1042 823 1074 867 5
1102 819 1241 865 libras
1278 826 1323 864 et
1348 819 1527 866 unciam
1554 833 1657 865 cum

120 904 214 937 uno
242 889 370 937 siclo.
421 892 572 951 Atque
597 890 684 937 hoc
710 896 960 937 extremum
993 897 1063 936 est
1088 885 1266 937 (ίκλου
1294 884 1418 937 ἑνὸς
1457 900 1658 948 προ(-

120 956 513 1020 γινομὲνου,
539 968 591 1006 ut
616 963 795 1008 correxi
822 960 1051 1020 vulgatam
1078 961 1366 1022 scripturam.
1394 986 1463 995 -
1488 960 1535 1005 P.
1558 962 1658 1017 266,

121 1036 148 1075 2
184 1026 347 1092 μέρος
383 1027 597 1092 (μέτρον
634 1031 724 1090 Di,
760 1037 812 1077 ut
845 1028 998 1094 vulgo)
1041 1033 1219 1079 correxi
1250 1030 1417 1078 collata
1451 1032 1659 1077 versione

120 1102 296 1150 Latina.
345 1102 513 1149 Ibidem
547 1096 611 1162 η”
639 1100 746 1165 (non
775 1109 1010 1164 receptum
1038 1117 1066 1163 a
1100 1101 1183 1162 Di)
1220 1102 1387 1148 addidit
1412 1101 1660 1148 Salmasius

121 1171 179 1233 (v.
214 1173 336 1234 prol.
374 1173 404 1231 S
432 1177 488 1219 88
513 1174 614 1220 adn.
645 1173 717 1233 2),
758 1174 882 1234 quod
920 1172 1189 1234 comprobat
1225 1175 1453 1233 scriptura
1491 1171 1660 1219 codicis

119 1245 235 1288 2665
266 1238 470 1301 ὄγδοον
498 1240 555 1291 δ’
579 1238 647 1302 ἦν
674 1240 782 1306 (pro
813 1239 1008 1304 μέτρον
1035 1239 1095 1292 δὲ
1125 1237 1274 1306 εἶχε).
1299 1269 1369 1276 -
1395 1246 1435 1290 5.
1466 1238 1530 1292 ὂν
1556 1249 1662 1303 post

122 1309 486 1374 ὀγδοηκοετὸν
506 1329 560 1361 ex
591 1315 608 1360 Ι
634 1315 732 1362 add.
759 1314 839 1361 Di.
872 1340 933 1348 —
959 1317 1000 1360 9.
1028 1309 1335 1376 ἐφηύροντο
1364 1322 1411 1361 et
1436 1329 1481 1375 p.
1507 1316 1608 1371 267,
1638 1315 1657 1355 1

121 1379 317 1446 ηὑρέθη
354 1385 420 1431 Da·
448 1386 599 1431 invitis
634 1385 780 1431 libris.
814 1411 869 1417 -
902 1388 969 1430 13.
1000 1389 1068 1431 14.
1098 1381 1252 1432 Μνᾶε
1277 1384 1365 1442 Di,
1410 1391 1461 1430 ut
1497 1384 1662 1444 vulgo;

123 1455 231 1502 item
273 1459 341 1502 13.
382 1452 569 1516 μνήμη.
635 1455 757 1512 Quae
793 1469 879 1516 ego
915 1456 1035 1502 edidi
1069 1455 1261 1516 repetivi
1295 1457 1462 1516 partim
1500 1469 1524 1500 e
1560 1454 1660 1501 cod.

123 1529 262 1583 2665,
297 1528 465 1588 partim
499 1542 524 1573 e
557 1527 720 1588 fragm.
747 1529 830 1585 83,
863 1530 941 1586 14,
987 1528 1061 1574 cui
1094 1525 1256 1573 similis
1290 1533 1361 1573 est
1398 1526 1529 1573 locus
1564 1525 1663 1571 Sal-

123 1597 351 1644 masianus
388 1600 642 1659 exscriptus
682 1612 707 1644 a
743 1611 814 1644 me
842 1597 961 1659 prol.
988 1597 1019 1657 S
1055 1600 1111 1642 88
1148 1593 1302 1643 adn.·'2
1338 1604 1453 1644 extr.
1496 1622 1558 1630 -—
1592 1598 1661 1640 21.

124 1662 379 1728 ἀγρύρου.
403 1665 466 1717 τὸ
496 1665 556 1717 δὲ
580 1663 819 1729 ἄργυρον
849 1668 916 1715 Di
923 1703 936 1727 ,
962 1675 1016 1715 ut
1039 1668 1192 1730 vulgo.
1246 1668 1342 1728 Ego
1369 1668 1664 1729 gravissimos

125 1752 306 1785 errores
349 1740 526 1786 correxi
565 1747 610 1785 et
647 1754 700 1786 ex
741 1740 901 1786 eodem
935 1739 1090 1786 codice
1129 1745 1175 1785 et
1212 1739 1461 1787 secundum
1495 1738 1666 1784 Salma-

125 1811 260 1857 sium.
312 1810 355 1856 Is
388 1812 508 1856 enim
544 1810 632 1856 hos
665 1809 793 1857 locos
827 1810 974 1857 multo
1002 1810 1283 1856 emendatius
1319 1809 1460 1856 edidit
1486 1822 1510 1853 e
1536 1808 1664 1855 libris

126 1879 393 1940 quibusdam
420 1895 557 1927 manu
592 1882 800 1943 scriptis,
839 1895 929 1942 qua
962 1881 1018 1926 de
1042 1894 1093 1926 re
1124 1880 1223 1927 vide
1255 1879 1285 1939 S
1311 1883 1367 1926 88
1393 1879 1493 1926 adn.
1522 1884 1563 1926 4.
1596 1905 1663 1912 -

123 1950 174 1997 P.
199 1954 307 2010 267,
335 1955 363 1994 4
391 1946 566 2012 φόληε
593 1946 623 1999 ὃ
650 1947 735 2000 καὶ
758 1946 1044 2000 ταλάντιον
1073 1950 1167 2010 Di,
1192 1958 1245 1997 ut
1275 1950 1443 2012 vulg03
1481 1951 1591 1996 item
1622 1952 1665 1993 6.

126 2015 317 2082 φόληε.
348 2047 406 2055 —
435 2025 476 2067 6.
504 2018 694 2086 λεπτὰ]
722 2018 908 2071 λεπτοὶ
931 2021 1010 2068 Di.
1043 2048 1102 2054 —
1135 2021 1279 2068 Notae
1317 2021 1484 2083 quibus
1510 2021 1557 2066 in
1590 2020 1667 2066 ad-

127 2093 365 2139 notatione
401 2093 560 2140 critica
585 2106 698 2139 usus
730 2107 831 2140 sum
861 2091 1121 2154 significant
1145 2092 1315 2139 Petavii
1345 2099 1391 2139 et
1414 2090 1668 2153 Le·Moynii

128 2162 350 2209 editiones
389 2163 445 2222 (v,
483 2163 602 2225 prol.
634 2164 664 2224 S
689 2167 743 2209 87
780 2164 881 2210 adn.
909 2166 949 2208 1.
976 2163 1046 2223 3),
1084 2170 1322 2224 praeterea
1358 2167 1424 2213 Sa
1460 2160 1665 2209 Salmasii

128 2232 496 2281 Confutationem
525 2241 570 2280 et
595 2234 928 2282 Refutationem
957 2231 1010 2296 (v.
1039 2235 1069 2294 S
1097 2236 1152 2279 13
1183 2248 1286 2280 cum
1310 2234 1411 2280 adn.
1439 2232 1500 2292 3).

236 2307 307 2349 83.
343 2308 414 2350 84.
456 2304 535 2351 Est
568 2305 710 2351 codex
739 2306 881 2352 Paris.
916 2307 1024 2350 2361
1055 2300 1250 2366 (pv-qui
1281 2305 1487 2352 continet
1526 2302 1669 2349 Hero·

130 2375 309 2420 nianam
348 2374 667 2422 collectionem
700 2371 835 2435 Περὶ
869 2371 1097 2436 μέτρων.
1167 2375 1246 2421 His
1285 2374 1556 2421 Heronianis
1591 2373 1670 2419 ad-

131 2445 301 2505 scripta
326 2452 434 2491 sunt
460 2446 550 2492 duo
578 2447 744 2507 capita,
776 2447 970 2493 alterum
993 2441 1128 2505 Περὶ
1152 2440 1453 2502 ταλάντων,
1475 2443 1668 2490 alterum

130 2510 267 2575 Περὶ
295 2510 504 2575 μέτρων
533 2515 649 2575 (cod.
677 2532 780 2578 pag.
808 2513 1064 2579 466-69),
1097 2529 1212 2577 quae
1242 2530 1326 2562 nos
1353 2516 1473 2561 inter
1501 2521 1669 2561 tracta·

132 2592 209 2632 tus
234 2585 569 2647 Epiphanianos
596 2588 862 2648 recepimus.
917 2586 1006 2634 Nec
1030 2600 1134 2632 vero
1165 2584 1259 2632 ulla
1286 2593 1356 2632 est
1381 2599 1540 2632 eorum
1566 2599 1668 2633 cum

130 2655 402 2703 Heronianis
430 2658 670 2718 cognatio,
710 2671 795 2704 nec
825 2657 1014 2718 probari
1050 2663 1232 2717 potest,
1272 2657 1394 2717 quod
1421 2655 1670 2703 Salmasius

134 2727 306 2773 Heroni
343 2741 394 2774 ea
434 2727 593 2774 tribuit
621 2725 754 2791 (prol.
782 2728 812 2786 S
838 2727 927 2788 90).
979 2727 1188 2774 Eiusdem
1226 2726 1511 2775 collectionis
1548 2726 1671 2786 frag·

136 2805 338 2845 mentum
382 2799 607 2859 quoddam
655 2799 903 2845 abscissum
953 2799 1183 2845 invenitur
1225 2800 1272 2844 in
1317 2798 1485 2845 codicis
1526 2797 1668 2844 Paris.

136 2869 251 2914 2013
279 2863 358 2927 (ΡΙ)
386 2869 497 2916 folio
529 2872 624 2915 158.
679 2869 742 2916 lbi
772 2870 974 2930 reliquae
1008 2868 1219 2930 plagulae
1259 2871 1496 2916 continent
1529 2868 1669 2914 Isaaci

136 2939 304 3000 Argyri
338 2941 548 2987 monachi
588 2947 832 2988 tractatum
867 2940 1090 3003 quendam
1128 2940 1486 3001 geometricum3
1530 2940 1671 2986 inter-

193 3031 368 3065 scnu‘r.
399 3034 600 3065 naraon.
634 3035 667 3066 1.
1301 3025 1330 3071 b
