1946 3220
1703 167 1886 243 [1171‘2'5

428 301 543 368 [59]
580 305 798 349 Centenas
841 302 992 363 pondo
1033 298 1242 348 dicebant
1284 303 1459 363 antiqui
1497 302 1747 350 referentes
1785 303 1840 350 ad
1890 315 1891 318 ’

319 376 475 421 libras.

426 438 542 505 [53]
576 442 784 488 Centuria
811 442 855 487 in
882 442 1003 502 agris
1031 440 1255 502 significat
1281 441 1474 488 ducenta
1499 440 1685 501 iugera.⁴

425 509 540 575 [53]
567 512 853 558 Centuriatus
880 526 989 571 ager
1015 513 1061 556 in
1089 511 1259 557 ducena
1285 513 1441 570 iugera
1470 511 1707 569 definitus,
1737 514 1840 572 quia
1883 543 1886 546 Δ
1914 523 1915 526 ’

264 583 288 621 5
318 583 535 629 Romulus
564 582 769 629 centenis
795 581 965 627 civibus
993 581 1164 627 ducena
1190 583 1347 641 iugera
1379 581 1553 628 tribuit.

425 648 541 714 [52]
567 652 818 709 Choenica,
845 665 1080 697 mensurae
1106 665 1263 711 genus.

424 717 540 784 [64]
567 721 853 767 Contrarium
878 736 981 779 aeS‚
1008 735 1142 781 grave
1171 734 1258 766 aes.

425 787 541 853 [73]
572 793 760 837 Dextans
793 790 984 849 dicitur,
1024 792 1131 851 quia
1156 791 1246 836 assi
1278 791 1406 836 deest
1439 799 1643 848 sextans,
1686 805 1842 851 quem-

321 861 559 908 admodum
586 861 893 920 duodeviginti
920 867 964 905 et
992 861 1151 906 d.eunx
1942 901 1946 906 .

234 931 286 971 10
425 927 540 993 [72]
580 931 921 991 Dispensatores
962 931 1069 977 dicti
1116 932 1193 990 qui
1231 944 1307 976 aes
1342 937 1585 990 pensantes
1623 931 1842 991 expende·
1904 919 1907 921 ’

314 1002 448 1058 hant,
490 1015 581 1046 non
618 1001 982 1047 adnumerabant.
1057 1002 1161 1046 hinc
1196 1000 1483 1046 deducuntur
1517 1014 1711 1060 expensa
1748 1001 1841 1046 sive

315 1073 574 1132 dispensata
599 1070 667 1116 vel
693 1076 994 1131 conpensata;
1035 1071 1142 1115 item
1169 1070 1508 1130 compendium,
1538 1070 1840 1130 dispendium,

315 1141 650 1202 assipondium
681 1140 973 1200 dupondium.

424 1206 539 1273 [78]
574 1209 822 1256 Euboicum
859 1209 1076 1255 talentum
1111 1223 1294 1255 nummo
1323 1209 1491 1255 Graeco
1520 1203 1724 1270 †septem
1753 1211 1842 1257 mi·

231 1284 283 1323 15
313 1281 425 1326 lium
460 1286 506 1326 et
544 1280 899 1340 quingentorum
933 1280 1248 1340 cistophorum
1287 1286 1383 1336 est,
1426 1285 1587 1325 nostro
1625 1287 1846 1340 quattuor

315 1351 488 1396 milium
521 1350 825 1396 denariorum.

420 1415 535 1482 [98]
563 1419 702 1466 Grave
727 1434 803 1465 aes
829 1420 996 1466 dictum
1023 1433 1046 1464 a
1072 1419 1290 1479 pondere,
1321 1420 1426 1479 quia
1450 1419 1554 1464 deni
1582 1432 1724 1476 asses,
1752 1422 1844 1465 sin-

314 1489 409 1549 guli
444 1490 594 1550 pondo
634 1489 801 1548 libraS,
843 1488 1098 1535 efficiebant
1134 1489 1395 1545 denarium,
1435 1488 1489 1533 ab
1516 1489 1604 1535 hoc
1633 1491 1731 1549 ipso
1759 1503 1841 1534 nu-

313 1573 438 1605 mero
477 1560 659 1604 dictum.
712 1559 790 1604 sed
825 1559 947 1604 bello
976 1559 1146 1604 Punico
1181 1557 1379 1618 populus
1404 1558 1628 1604 Romanus
1653 1572 1843 1619 pressus

229 1639 282 1679 20
314 1643 415 1675 aere
453 1629 600 1674 alieno
636 1641 686 1673 ex
728 1627 921 1688 singulis
956 1627 1134 1674 assibus
1174 1628 1371 1673 librariis
1412 1642 1547 1673 senos
1591 1628 1721 1686 fecit,
1762 1628 1840 1688 qui

319 1699 580 1744 tantundem
616 1706 668 1743 ut
703 1698 769 1743 illi
805 1697 1019 1743 valerent
1075 1700 1183 1743 item
1220 1700 1388 1743 nummi
1423 1698 1678 1758 quadrigati
1705 1704 1750 1744 et
1774 1698 1844 1744 bi·
1913 1708 1946 1741 ‚32

314 1770 406 1829 gati
434 1783 457 1813 a
487 1764 633 1826 figura
659 1768 914 1814 caelaturae
941 1768 1063 1814 dicti.
1916 1759 1944 1826 ,ζῗ

421 1833 570 1900 [100]
601 1837 789 1884 Hemina
825 1851 876 1883 ex
911 1838 1079 1884 Graeco
1123 1833 1306 1886 ξέετου
1342 1832 1561 1897 ἡμίσεια,
1606 1838 1729 1898 quod
1772 1845 1845 1883 est
1912 1844 1942 1895 ζ’

315 1908 497 1954 dimidia
524 1922 631 1967 pars
659 1909 857 1954 sextarii.
1913 1907 1942 1965 3

228 1988 281 2028 -25
423 1973 573 2040 [108]
614 1978 867 2038 Impensa'm
908 1979 1096 2038 stipem,
1134 1991 1210 2023 aes
1247 1992 1450 2034 sacrum,
1488 1978 1610 2038 quod
1642 1978 1842 2023 nondum
1912 1968 1942 2048 441

316 2055 412 2092 erat
438 2060 643 2107 pensum.
1916 2058 1933 2065 ’·

321 177 388 229 76
729 191 854 226 LOOI
891 191 922 223 E
958 189 1126 225 missso
1163 190 1230 223 m*
1266 190 1454 225 PAULO.

1870 1206 1890 1227 0

1919 1683 1926 1690 ¹
1902 1406 1946 1635 ..ζ-κε’..ῑςΐνὲτ
1909 1092 1946 1379 ηφιῲεῑῂηςᾱίμ

426 2112 578 2178 [116]
614 2116 782 2162 Libella
811 2106 1134 2162 deminutivum
1165 2124 1234 2162 est
1261 2131 1284 2162 a
1312 2116 1440 2162 libra.
1911 2129 1940 2189 Ξ

422 2182 571 2249 [120]
608 2182 789 2248 Lues].
857 2181 1044 2246 ,λίτρα
1071 2188 1188 2231 enim
1214 2186 1325 2232 libra
1355 2194 1437 2232 est.
1919 2205 1938 2227 ⁴

426 2327 463 2376 1'.
497 2335 648 2389 pando
683 2335 732 2386 G,
763 2337 845 2376 sed
873 2336 926 2376 ab
957 2339 1030 2378 alt.
1061 2349 1113 2394 ng.
1146 2349 1171 2376 o
1201 2349 1331 2388 super
1362 2349 1389 2376 a
1540 2337 1584 2376 8.
1615 2339 1772 2377 sextas
1806 2336 1843 2377 G
1904 2314 1935 2366 ’ξ’

314 2407 379 2444 14.
411 2401 529 2447 Eub.
563 2405 643 2445 tal.
676 2418 859 2446 nummo
882 2404 1061 2446 Graeco
1093 2418 1174 2446 sex
1204 2406 1378 2446 milium
1411 2405 1723 2458 cistophorum
1755 2409 1856 2456 est,·
1903 2398 1937 2451 Ϊ

311 2479 467 2515 nostro
501 2479 715 2527 quattuor
745 2475 920 2515 milium
954 2479 999 2516 et
1031 2476 1378 2529 quingentorum
1409 2474 1698 2517 denariorum
1729 2476 1837 2515 coni.

312 2544 554 2584 Mommsen.
591 2545 639 2585 G.
662 2545 715 2588 R.
738 2545 800 2585 M.
825 2559 870 2598 p.
898 2547 950 2584 72
983 2543 1115 2596 (conf.
1147 2545 1271 2585 eund.
1301 2558 1345 2596 p.
1369 2547 1424 2584 29
1455 2545 1555 2585 adn.
1580 2543 1654 2597 95)
1771 2546 1837 2584 15.
1919 2549 1932 2599 j

312 2616 358 2651 et
396 2615 591 2654 corr-emit
629 2617 767 2654 altera
804 2626 950 2654 manus
987 2616 1030 2654 in
1071 2614 1130 2661 G‚·
1173 2615 1315 2667 prima
1361 2627 1505 2654 manus
1546 2627 1601 2654 ex
1638 2615 1705 2653 vel
1741 2625 1835 2653 e-e
1899 2598 1935 2688 ’ἲ

307 2684 530 2733 scripsisse
562 2685 728 2724 videtur
843 2683 1110 2724 eistoforum
1144 2683 1179 2724 G
1267 2686 1459 2736 quatuor
1478 2683 1513 2724 G
1534 2682 1670 2734 (recte
1700 2695 1834 2735 supra
1895 2678 1934 2737 {g

308 2763 352 2801 p.
377 2753 430 2789 97
460 2765 517 2795 vs,
543 2753 587 2806 1)
706 2755 773 2795 17.
806 2765 853 2793 es
889 2751 954 2803 G¹‚
993 2765 1041 2806 es
1077 2751 1130 2794 G²
1245 2754 1313 2794 22.
1349 2752 1585 2793 caelatum
1619 2751 1655 2792 G
1769 2753 1839 2793 23.

309 2831 447 2871 groco
482 2821 516 2860 G
631 2819 792 2863 ξὲετου
823 2819 1004 2872 ἡμίεεια
1033 2824 1210 2863 correxi
1240 2835 1261 2862 e
1291 2824 1508 2874 scriptura
1532 2821 1567 2861 G
1586 2821 1838 2871 xestosimi,
1910 2826 1918 2859 ἶ

309 2894 513 2941 corrupta
543 2891 614 2929 illa
645 2893 808 2943 quidem
840 2905 861 2931 e
897 2891 1061 2933 Graeco
1093 2883 1450 2932 ΞΕΕΤΟΥΗΜΓ
1575 2890 1642 2933 28.
1677 2887 1831 2943 λίτρα]

307 2957 416 2998 litra
450 2957 484 2997 G
1896 2962 1912 2974 '⁸
