1946 3220
557 117 917 181 'semproni-:s
946 144 1218 180 nonnos.
1403 138 1408 143 “
1591 108 1681 181 33'

25 272 66 323 25-
103 308 106 310 .
139 261 182 308 ei
209 259 386 320 quidem
423 261 637 307 tractatui
673 273 806 321 quem
831 261 978 321 primo
1014 259 1117 307 loco
1153 260 1390 321 posuimus
1416 258 1450 318 (1
1474 274 1518 320 p.
1540 258 1661 318 259)

24 321 70 394 2³,
138 328 414 377 simillimam
441 335 542 377 esse
570 332 684 377 hanc
708 330 909 376 Latinam
944 325 1438 392 interpretationem³)‚
1479 330 1559 376 sed
1595 336 1662 375 ta·
1740 365 1745 369 .

139 414 241 446 meu
278 396 492 454 Graecum
529 399 805 460 exemplum,
851 401 971 461 quod
1010 401 1235 461 interpres
1267 402 1311 446 in
1346 399 1552 447 manibus
1582 399 1661 446 ha-

20 508 38 535 ).
138 470 316 527 buerit,
364 470 594 516 nonnullis
637 470 749 516 locis
801 473 991 531 propius
1045 470 1099 516 ad
1153 473 1382 531 integrum
1423 470 1659 532 Epiphanii

24 537 26 541 ’
53 536 64 563 ”’
137 541 294 602 operis
314 547 573 587 contextum
594 541 838 587 accessisse
866 555 997 601 quam
1026 555 1120 587 eam
1148 540 1358 587 Graecam
1386 543 1657 606 scripturam

17 614 19 623 ’
140 624 255 672 quae
277 624 396 658 nunc
421 610 603 671 vulgata
628 617 712 657 est.
760 610 867 656 Nam
894 618 938 656 et
965 611 1126 657 stamni
1152 625 1381 671 mensura,
1408 625 1522 672 quae
1546 611 1660 672 legi-

138 687 216 727 tur
242 681 288 726 in
316 681 462 728 indice
489 681 785 743 Epiphaniani
811 681 977 739 libelli,
1015 682 1178 728 omissa
1206 688 1356 727 autem
1384 688 1454 728 est
1481 683 1526 727 in
1557 682 1658 743 ipso

137 758 379 810 contextu,
417 760 589 798 servata
614 752 702 798 suit
727 753 773 797 in
805 752 971 798 Graeco
999 752 1144 798 Latini
1183 753 1447 812 interpretis
1475 751 1593 798 libro
1605 747 1658 814 ⁴¹),

138 828 183 868 et
209 821 336 868 locus
364 822 418 868 de
444 822 616 868 talento
644 822 809 868 ibidem
835 823 1011 882 integre
1040 823 1236 882 scriptus
1270 822 1469 880 exstitit,
1510 825 1586 882 qui
1614 824 1659 867 in

136 891 310 938 nostris
345 891 473 939 libris
510 894 690 954 gravius
716 900 963 953 corruptus
997 888 1125 951 est5).
1177 891 1454 953 Quamquam
1481 890 1564 938 alia
1592 892 1660 937 in·

136 975 272 1023 super
315 963 472 1009 menda
512 964 599 1010 hoc
641 962 741 1009 loco
785 962 1038 1009 intulerunt
1073 963 1103 1008 ii
1141 962 1315 1009 librarii
1346 964 1423 1024 qui
1456 962 1657 1010 Latinam

135 1033 406 1093 scripturam
442 1048 467 1080 a
500 1034 632 1080 nobis
669 1033 834 1079 editam
875 1040 1267 1094 propagaverunt;
1318 1034 1500 1079 minime
1540 1035 1657 1079 enim

134 1103 242 1148 mihi
269 1105 544 1164 persuadere
576 1119 763 1165 possum
797 1111 875 1149 aut
909 1113 1171 1151 sexcentae
1204 1105 1486 1150 millesimae
1517 1105 1661 1165 impe-

127 1174 350 1219 ritissime
385 1189 470 1235 pro
508 1187 556 1241 ,ς
590 1176 619 1221 i.
655 1189 694 1221 e.
731 1178 891 1220 sea-ies
925 1176 1230 1233 millesimae,
1268 1182 1346 1220 aut
1384 1175 1434 1220 X
1465 1177 1658 1220 assaria

133 1258 218 1305 pro
250 1244 335 1288 LX
358 1246 586 1292 incuriose
612 1245 851 1306 scripsisse
875 1246 1025 1306 ipsum
1051 1246 1374 1306 interpretem,
1413 1245 1491 1306 qui
1516 1245 1562 1291 in
1587 1259 1658 1290 re·

133 1314 270 1375 liquis
302 1310 618 1362 convertendis
654 1323 699 1362 et
724 1315 991 1376 religiosum
1019 1323 1063 1362 et
1087 1315 1203 1362 bene
1234 1316 1288 1361 de
1321 1316 1391 1362 his
1422 1315 1558 1361 rebus
1590 1316 1657 1360 in·

134 1391 358 1431 structum
390 1400 438 1431 se
464 1387 762 1446 praestiterit.
827 1385 889 1432 Ex
914 1387 984 1432 his
1011 1388 1154 1447 igitur
1181 1386 1354 1432 mendis
1386 1386 1579 1432 alterum
1611 1387 1656 1431 in

133 1456 235 1515 ipso
272 1462 512 1513 contextu,
550 1456 739 1503 alterum
778 1463 902 1503 certe
937 1458 982 1501 in
1011 1457 1305 1503 adnotatione
1337 1456 1656 1518 corrigendum

133 1539 234 1571 esse
261 1525 484 1574 duximus,

56 1671 63 1683 ”
130 1663 196 1703 De
217 1662 381 1704 Isidori
400 1677 686 1704 mensurarum
706 1671 748 1704 et
763 1665 998 1717 ponderum
1019 1666 1323 1718 descriptione.
1383 1665 1448 1705 De
1478 1665 1655 1718 reliquis

387 1728 641 1780 fragmentis
670 1728 713 1767 in
743 1727 850 1768 hanc
880 1728 1162 1768 collectionem
1192 1729 1391 1780 receptis.

238 1813 360 1869 Quae
392 1815 592 1862 Isidorus
623 1815 900 1876 Hispalensis
933 1815 977 1860 in
1002 1814 1236 1861 uberrimo
1273 1815 1654 1876 etymologiarum
1676 1819 1762 1868 121

135 1899 274 1947 opere
310 1886 363 1931 de
401 1885 626 1932 mensuris
654 1900 703 1932 ac
728 1885 1009 1947 ponderibus
1035 1885 1205 1946 scripta
1231 1885 1417 1946 reliquit
1444 1899 1494 1930 ea
1522 1884 1655 1931 nobis

132 1957 178 2002 in
206 1956 289 2002 hac
313 1956 595 2016 praefatione
627 1957 689 2001 ita
716 1958 843 2017 quasi
872 1955 1049 2002 termini
1073 1955 1175 2002 loco
1207 1956 1410 2012 suerunt,
1442 1962 1510 2014 ut,
1543 1969 1655 2016 quo·

130 2027 248 2072 niam
275 2027 362 2072 iam
387 2027 441 2072 ad
467 2025 698 2073 saeculum
721 2033 895 2072 sextum
921 2033 1170 2072 extremum
1197 2041 1247 2073 ac
1266 2024 1523 2087 posteriora
1542 2032 1655 2072 tem·

241 2219 285 2272 3)
318 2221 489 2274 Incipit
527 2222 751 2275 interpres
792 2220 849 2261 ab
888 2220 1142 2274 Epiphanii
1183 2233 1210 2261 a
1248 2219 1380 2261 nobis
1413 2219 1526 2260 editi
1556 2220 1581 2270 ξ
1610 2220 1653 2269 4,

130 2289 186 2317 ae
217 2275 436 2330 deinceps
467 2277 648 2330 singula
681 2277 839 2319 eodem
863 2277 1020 2318 ordine
1043 2276 1341 2330 persequitur.
1382 2276 1452 2317 De
1474 2280 1654 2316 stamno

131 2332 251 2385 apud
286 2333 594 2386 Epiphaniam
634 2335 800 2375 omisso
841 2334 943 2375 vide
985 2333 1088 2375 adn.
1119 2335 1165 2373 4.
1220 2332 1386 2386 Congii
1425 2330 1655 2372 definitio·

130 2401 234 2428 nem
273 2389 320 2428 in
357 2390 737 2443 interpretatione
777 2390 967 2443 perinde
1010 2393 1144 2441 atque
1185 2389 1306 2442 apud
1343 2388 1653 2441 Epiphaniam

129 2445 334 2498 sequitur
370 2446 616 2499 ponderum
648 2446 896 2500 explicatio
938 2444 1043 2498 (vol.
1075 2446 1097 2485 I
1127 2458 1171 2498 p.
1204 2445 1326 2496 142),
1368 2444 1443 2484 cui
1482 2443 1652 2485 utrobi-

129 2513 215 2554 que
249 2501 468 2542 adiuncta
500 2506 570 2543 est
601 2507 802 2543 extrema
834 2514 941 2555 pars
972 2502 1028 2542 de
1060 2502 1294 2543 mensuris.

44 2603 47 2606 ‚
239 2557 284 2610 4)
317 2558 368 2599 V.
398 2558 489 2599 vol.
521 2559 543 2599 Ι
573 2572 616 2612 p.
649 2561 746 2610 260,
779 2561 819 2607 7,
859 2558 938 2598 ubi
974 2555 1174 2607 ετάμνο(
1213 2557 1355 2608 χρυεῆ
1395 2557 1516 2598 inter
1546 2569 1651 2598 con·

119 2613 251 2666 -gium
285 2618 330 2654 et
359 2615 518 2656 marim
548 2617 702 2668 posita
735 2619 825 2664 est,
869 2618 915 2654 et
946 2613 1066 2654 conf.
1106 2612 1217 2666 prol.
1251 2627 1294 2666 p.
1327 2614 1421 2654 142.
1480 2614 1534 2654 In
1563 2614 1653 2654 La-

127 2670 227 2709 tina
275 2671 659 2725 interpretatione
710 2675 912 2711 stamnus
963 2670 1112 2710 locum
1152 2669 1328 2710 obtinet
1366 2669 1390 2719 §
1430 2671 1480 2711 19
1531 2670 1652 2711 inter

131 2726 363 2779 capsacim
395 2731 441 2768 et
471 2728 683 2780 cotylam.

239 2782 283 2833 5)
316 2784 598 2837 scripturam
619 2784 924 2825 Petavianam
946 2795 973 2822 a
994 2781 1125 2822 nobis
1158 2781 1327 2823 editam
1357 2795 1448 2824 non
1467 2784 1651 2824 variant

130 2835 192 2880 G.·
214 2838 442 2880 Dindorfii
472 2840 593 2884 libri.
644 2841 703 2880 At
732 2840 1025 2892 interpretem
1058 2843 1252 2891 apparet
1282 2851 1371 2880 non
1401 2839 1518 2881 haec
1551 2853 1648 2881 cor-

128 2898 278 2946 rupta,
309 2896 391 2936 sed
420 2896 502 2937 illa
533 2897 629 2938 fere
662 2897 709 2936 in
741 2907 821 2936 suo
852 2894 969 2935 libro
999 2894 1168 2948 legisse
1201 2908 1317 2948 quae
1340 2908 1422 2937 nos
1445 2908 1468 2937 e
1493 2896 1648 2938 codiee

127 2949 337 2992 Parisino
367 2954 478 2995 2665
510 2952 744 2993 attulimus
775 2950 867 2994 vol.
899 2951 921 2991 Ι
952 2964 993 3005 p.
1029 2953 1108 2992 143
1142 2957 1253 2996 extr.

186 3034 362 3065 sempr.
396 3036 598 3065 METROL.
632 3036 686 3067 11.
1405 3021 1438 3073 3
