1946 3220
306 152 406 205 156
823 164 1222 201 PROLEGOMENA
1247 165 1305 199 m

300 282 574 329 Aristoteles
613 287 839 340 tamquam
873 284 1034 325 auctor
1069 278 1260 330 citatur;
1301 291 1454 324 verum
1490 284 1667 324 exstant
1691 279 1825 325 etiam
1900 325 1902 327 .
1931 342 1933 347 ἲ

303 353 393 398 duo
419 351 642 397 Eustathii
668 349 758 395 loci
785 348 886 406 (94,
914 351 954 392 5.
981 348 1053 411 6),
1087 347 1164 394 ubi
1190 348 1306 393 idem
1333 347 1388 393 de
1415 346 1583 394 talento
1609 347 1826 394 iudicium
1902 344 1922 359 ²

303 423 356 467 ad
374 419 676 480 Porphyrium
703 417 927 464 refertur:
954 420 1000 464 in
1027 417 1194 479 quibus
1219 420 1305 463 iam
1331 418 1444 463 nihil
1469 419 1618 464 inesse
1639 423 1827 479 apparet
1903 432 1921 489 J-;
1945 453 1946 481 Ξ

304 491 422 551 quod
449 490 576 535 alteri
606 488 868 534 testimonio
900 495 1140 550 repugnet.

406 559 643 610 Praeterea
675 559 730 604 de
766 558 948 605 talentis
987 558 1227 604 tradidisse
1263 559 1418 604 ferunt
1444 559 1825 619 Theophrastum,
1910 546 1937 568 ⁷⁴

299 629 660 687 Polemarchum,
685 629 913 675 Timaeum
939 624 1028 688 (94,
1051 631 1093 674 3.
1114 625 1173 691 4).
1223 628 1306 675 Hic
1331 642 1416 688 ego
1437 629 1493 674 de
1512 628 1826 688 Theophrasto

302 706 348 745 et
373 699 554 744 Timaeo
579 698 746 759 ambigi
770 713 863 745 non
885 713 1026 760 posse
1054 712 1237 758 censeo,
1265 699 1375 760 quin
1396 698 1510 745 alter
1534 698 1830 758 inteliegatur

299 768 561 814 Aristotelis
587 768 839 830 discipulus
869 776 916 816 et
940 771 1138 828 amicus,
1164 769 1470 830 philosophus
1495 768 1827 827 nobilissimus,

302 839 415 884 alter
434 839 867 898 Tauromenitanus,
893 854 1044 886 rerum
1074 839 1325 887 Sicularum
1347 840 1693 900 copiosissimus
1719 840 1828 885 scri·

300 905 471 970 ptor2).
519 909 843 956 Polemarchus
885 917 1034 956 autem
1072 911 1173 971 quis
1203 911 1344 957 fuisse
1375 910 1603 968 videatur,
1647 911 1829 955 nonita

301 986 497 1026 constat.
552 979 678 1026 Licet
703 980 865 1027 afferre
894 981 1238 1028 Polemarchum
1265 981 1550 1042 Cyzicenum,
1578 993 1711 1040 quem
1737 993 1829 1026 me·

302 1049 377 1094 dio
404 1049 501 1094 fere
528 1050 710 1097 saeculo
738 1058 899 1111 quarto
928 1051 1139 1098 floruisse
1159 1052 1262 1097 inde
1283 1050 1535 1111 colligitur,
1563 1050 1687 1111 quod
1710 1050 1828 1096 idem

303 1125 347 1164 et
370 1119 604 1166 Eudoxum
628 1120 860 1167 audiverat
884 1128 930 1168 et
956 1121 1146 1182 Callippi
1171 1128 1443 1182 praeceptor
1468 1121 1571 1179 fuit,
1598 1120 1828 1180 Callippus

302 1196 452 1235 autem
471 1204 508 1235 a.
527 1190 738 1236 CCCXXX
757 1191 924 1252 phases
946 1193 1244 1238 inerrantium
1266 1183 1500 1237 stellarum
1522 1190 1830 1237 observavisse

303 1259 471 1306 dicitur
504 1275 529 1306 a
553 1257 872 1321 Ptolemae03).
944 1260 1074 1316 Quod
1110 1268 1341 1322 utcunque
1374 1275 1422 1307 se
1457 1261 1619 1318 hahet,
1670 1262 1830 1321 utique

299 1328 645 1377 Polemarchum
672 1345 775 1378 eum
811 1334 890 1393 qui
929 1334 972 1378 in
1006 1333 1192 1378 scholiis
1230 1332 1481 1379 Homericis
1516 1331 1705 1377 affertur
1737 1344 1830 1376 non

304 1401 606 1460 spernendum
652 1408 882 1448 auctorem
936 1416 1038 1449 esse
1089 1404 1363 1463 perspicitur
1414 1401 1580 1448 collato
1630 1401 1828 1447 eiusdem

306 1471 567 1516 testimonio
610 1471 665 1517 de
699 1485 836 1518 aureo
865 1474 1122 1519 Atticorum
1156 1479 1325 1519 statere
1364 1473 1555 1532 eiusque
1586 1472 1641 1517 ad
1672 1483 1832 1531 argen-

274 1581 280 1588 .
302 1545 399 1586 tum
425 1541 604 1588 ratione
629 1541 744 1600 (vide
771 1542 826 1588 fr.
859 1545 943 1587 100
966 1549 1013 1588 et
1037 1542 1228 1604 Hesych.
1255 1558 1294 1588 v.
1320 1539 1580 1602 χρυεοῦε).
1659 1568 1664 1572 -

375 1720 592 1760 Diodorus
623 1726 664 1760 et
693 1721 948 1774 Dardanus,
981 1727 1178 1763 auctores
1208 1723 1260 1762 de
1292 1723 1471 1770 talento,
1505 1735 1587 1774 qua
1618 1726 1760 1761 aetate

965 1779 1167 1819 vixerint.

218 1868 283 1918 98
408 1862 610 1924 Denique
641 1878 665 1910 e
692 1864 878 1911 scholiis
906 1865 1158 1912 Homericis
1190 1865 1409 1926 exscripsi
1436 1866 1568 1911 etiam
1595 1863 1747 1911 locum
1776 1865 1831 1910 de

306 1933 477 1979 talento
515 1935 706 1995 eiusque
741 1935 975 1995 partibus,
1013 1937 1234 1998 scriptum
1271 1950 1295 1981 a
1324 1935 1520 1982 Diodoro
1557 1935 1750 1996 quodam
1784 1937 1830 1980 in

304 2002 422 2049 libro
441 1999 563 2064 περὶ
586 2003 846 2063 σταθμῶν.
898 2005 981 2061 Qui
1005 2021 1093 2067 qua
1113 2012 1261 2053 aetate
1278 2007 1444 2051 vixisse
1469 2006 1673 2051 videatur
1693 2019 1833 2064 quae·

305 2072 514 2119 rentibus
550 2074 728 2120 initium
768 2075 1028 2136 disputandi
1060 2076 1313 2123 faciendum
1342 2082 1412 2122 est
1442 2090 1467 2121 a
1491 2075 1662 2122 verbis:
1706 2069 1737 2122 ὁ
1771 2071 1832 2122 δὲ

304 2139 537 2202 χαλκοῦ(
574 2140 786 2194 λεπτῶν
823 2139 877 2195 ζ’.
938 2147 986 2192 In
1022 2147 1184 2206 vulgus
1217 2153 1377 2192 notum
1418 2152 1512 2203 est,
1559 2160 1693 2205 quam
1731 2144 1833 2190 vilis

304 2227 517 2259 nummus
536 2214 720 2261 chalcus
742 2216 899 2275 fuerit,
926 2223 1082 2263 octava
1103 2215 1228 2262 oboli
1254 2231 1385 2277 pars:
1409 2216 1532 2262 hunc
1549 2229 1656 2261 vero
1682 2217 1830 2276 ipsum

304 2283 656 2330 minutissimum
691 2299 923 2332 nummum
947 2287 1171 2333 Diodorus
1207 2287 1362 2347 prodit
1397 2289 1442 2332 in
1480 2292 1652 2346 septem
1676 2291 1831 2346 partes

306 2352 498 2399 divisum
527 2367 645 2413 esse,
675 2369 789 2415 quae
819 2351 987 2404 λεπτά
1012 2364 1298 2404 vocarentur.
1349 2357 1406 2401 At
1435 2357 1478 2401 id
1506 2369 1589 2402 nec
1613 2355 1668 2402 ab
1693 2355 1831 2401 Athe-

305 2423 539 2469 niensibus
566 2438 764 2485 unquam
792 2426 955 2472 sactum
994 2440 1095 2473 esse
1122 2419 1345 2473 contendo
1380 2452 1440 2460 —
1471 2439 1742 2487 quamquam
1766 2426 1832 2471 sic

421 2626 465 2679 2)
506 2628 708 2671 Siculum
749 2644 850 2674 esse
890 2633 1114 2674 talentum
1153 2632 1269 2673 illud
1308 2632 1427 2685 quod
1467 2646 1495 2672 a
1533 2632 1724 2672 Timaeo
1761 2632 1829 2672 vi-

309 2682 426 2735 giuti
458 2688 674 2735 quattuor
712 2687 944 2730 drachmis
985 2691 1256 2731 aestimatur
1286 2688 1381 2739 (94,
1413 2686 1461 2738 4)
1499 2688 1727 2728 neminem
1759 2686 1829 2726 fu-

308 2750 418 2790 gere
450 2743 602 2790 potest
633 2741 793 2783 harum
824 2758 973 2786 rerum
1006 2747 1219 2799 peritum.
1271 2744 1401 2788 Conf.
1423 2744 1688 2787 Mommsen.
1708 2756 1737 2796 p
1760 2744 1828 2784 79-

305 2792 512 2834 Alterum
543 2794 692 2836 locum
724 2795 818 2850 (94,
852 2799 920 2852 3),
971 2803 1051 2843 ubi
1095 2802 1216 2843 idem
1245 2801 1462 2841 Timaeus
1494 2800 1663 2840 dicitur
1691 2811 1829 2839 unam

307 2849 572 2946 dralchmam
602 2851 779 2894 talento
809 2857 1037 2910 tribuere,
1077 2859 1125 2898 in
1163 2857 1431 2911 praesentia
1460 2868 1550 2896 non
1580 2854 1718 2908 plane
1751 2866 1829 2895 ex-

305 2918 364 2958 pe
399 2918 458 2946 10.

421 2960 464 3013 3)
498 2960 630 3005 Conf.
661 2964 931 3008 Fabricium
961 2970 1008 3009 in
1038 2970 1160 3012 Bibl.
1194 2970 1271 3013 Gr.
1302 2967 1390 3011 vol.
1422 2968 1468 3009 II
1499 2981 1543 3021 p.
1575 2968 1645 3009 87.
