1946 3220
261 141 301 178 x
664 123 675 133 ⁸
814 136 1108 171 PRAEFATIO
1148 137 1201 169 m

368 259 437 301 12.
469 255 788 314 Fragmentum
808 252 862 297 de
888 249 1118 310 quadratis
1142 257 1188 295 et
1214 249 1382 295 cubicis
1409 249 1635 294 mensuris
1660 249 1780 295 edidi

261 342 286 375 e
311 326 452 373 Paris.
473 327 586 368 2475
612 323 691 369 sol.
722 316 799 366 28¹²
829 315 919 382 (Pb)
947 326 991 364 et
1016 321 1128 364 2438
1159 318 1238 365 fol.
1266 314 1371 364 100b
1399 318 1499 378 (1³⁶).

370 398 435 442 13.
474 394 581 441 Tab.
617 391 913 438 Heronianam
951 388 1043 436 VIII
1078 389 1352 436 Letronnius
1387 388 1448 450 (p.
1479 389 1551 449 63)
1583 389 1723 435 edidit
1755 403 1780 435 e

258 467 401 514 Paris.
427 467 541 510 2013
563 463 641 510 fol.
670 456 789 519 1542
827 474 962 521 quem
995 474 1079 507 nos
1117 472 1217 507 cum
1253 461 1402 507 denuo
1435 460 1779 521 inspiceremus,

261 535 535 598 gravissimis
566 534 611 578 in
638 532 773 578 rebus
804 530 859 577 ab
896 531 976 577 illo
1013 538 1211 577 erratum
1241 545 1340 577 esse
1366 531 1572 577 vidimus.
1635 530 1780 592 Expo-

259 609 429 653 suimus
455 605 509 650 de
533 603 604 648 his
630 604 676 648 in
703 601 820 663 prol.
848 601 879 660 S
905 604 974 648 31.

365 678 432 719 14.
471 674 686 720 Tabulam
706 668 819 733 q‘uae
845 667 1128 720 Εὐκλείδου
1149 665 1489 732 εὐθυμετρικά
1517 670 1781 717 inscribitur

258 745 376 792 edidi
400 758 426 791 e
450 744 592 791 Paris.
617 746 730 789 2438
754 742 834 789 sol.
863 743 964 787 109³
989 743 1091 802 (PC).
1135 767 1194 775 —
1234 743 1263 802 g
1302 745 1354 787 13
1391 740 1608 788 nonnulla
1645 754 1781 801 prave

259 816 429 877 scripta
455 815 604 876 reperi
630 815 719 874 (ter
741 808 917 875 τούτῳ
944 828 1029 874 pro
1054 809 1249 861 τούτου
1268 812 1336 858 vel
1355 810 1521 860 ταῦτα
1546 814 1780 871 corrigen-

256 887 364 932 dum
397 885 520 945 fuit),
557 893 603 931 et
636 885 681 930 in
715 884 862 932 cubici
895 883 1022 944 pedis
1053 883 1313 930 definitione
1342 878 1503 943 βάθος
1530 878 1700 930 ποδὸς
1730 872 1783 929 α’

261 951 381 1018 (coll.
406 955 590 1018 Didymo
618 956 672 1002 de
698 969 835 1001 mens
863 969 1019 1001 marm.
1049 954 1091 1014 1)
1123 954 1285 1000 addidi.

364 1026 522 1071 15.1n
556 1025 672 1071 libro
705 1027 783 1085 qui
821 1025 1086 1071 inscribitur
1110 1024 1240 1071 Varia
1266 1038 1392 1071 sacia
1411 1020 1550 1084 (tom.
1578 1024 1596 1070 1
1626 1038 1671 1084 p.
1697 1024 1781 1066 499

263 1095 425 1155 -503)
461 1095 715 1156 Stephanus
750 1096 809 1140 Le
842 1095 1003 1156 Moyne
1040 1096 1343 1156 fragmentum
1387 1095 1612 1155 quoddam
1647 1089 1799 1153 Περὶν

256 1161 603 1226 πηλικότητοε
645 1162 851 1225 μέτρων
889 1166 1028 1212 edidit
1064 1181 1088 1212 e
1122 1166 1275 1213 codice
1313 1180 1446 1226 quem
1476 1166 1587 1212 dicit
1624 1163 1782 1211 Sarra-

253 1237 404 1283 viano.
454 1237 513 1282 De
539 1251 628 1296 quo
654 1252 691 1282 v,
721 1237 818 1282 eius
846 1235 962 1297 prol.
992 1251 1038 1297 p.
1064 1239 1140 1282 17:
1188 1237 1244 1282 1η
1274 1238 1437 1282 eodem
1462 1250 1578 1282 vero
1609 1235 1781 1282 codice

259 1307 563 1353 Sarraviano
588 1331 659 1341 —-
679 1316 913 1367 excerpta
938 1309 1177 1367 quaedam
1202 1308 1483 1368 leyebantur
1511 1308 1570 1352 de
1591 1306 1781 1365 ponde-

257 1378 391 1423 ribus
431 1391 493 1424 ac
526 1382 776 1424 mensuris.
845 1377 1013 1424 Ibidem
1056 1384 1205 1425 autem
1242 1377 1302 1439 (p.
1332 1381 1387 1423 10
1412 1377 1542 1437 extr.)
1586 1377 1780 1439 legimus
1818 1418 1829 1427 .
1869 1386 1875 1387 ’
1906 1386 1909 1387 ’

253 1448 368 1494 haec
401 1446 697 1508 descripsisse
741 1447 974 1494 Claudium
1017 1448 1273 1495 Sarravium
1313 1463 1366 1495 ex
1402 1448 1557 1495 codice
1595 1447 1780 1494 Antonii

256 1517 472 1578 EparcM,
503 1520 580 1578 qui
611 1525 755 1564 exstet
781 1518 827 1563 in
853 1518 990 1578 Regia
1015 1519 1290 1566 Bibliotheca
1323 1534 1443 1566 num.
1473 1520 1602 1565 2216.
1643 1518 1779 1564 Cuius

253 1588 563 1648 copiosissimi
595 1589 765 1635 codicis
800 1589 898 1649 ipse
933 1589 1220 1650 Le-Moynius
1254 1592 1299 1636 in
1334 1603 1417 1636 suo
1454 1589 1572 1636 libro
1610 1586 1668 1651 (p.
1696 1591 1779 1632 517

263 1658 426 1717 —529)
462 1658 654 1705 indicem
687 1659 840 1705 edidit.
908 1659 1033 1706 Nunc
1077 1660 1123 1705 in
1163 1660 1460 1721 Imperatoria
1501 1660 1779 1707 Francorum

254 1726 467 1774 Biblioth.
495 1736 565 1775 est
584 1729 704 1775 inter
732 1730 832 1776 cod.
851 1729 925 1775 Gr.
951 1744 1071 1776 num.
1100 1734 1210 1775 1630
1238 1730 1482 1792 (bombyc.,
1506 1745 1621 1778 saec.
1651 1727 1776 1787 XIV),

255 1797 334 1843 ubi
360 1798 439 1845 fol.
469 1801 569 1842 114⁸
601 1801 715 1847 hanc
750 1800 804 1845 de
838 1801 1065 1847 mensuris
1091 1800 1291 1848 tabulam
1325 1802 1577 1848 invenimus
1605 1801 1781 1847 denuo-

255 1881 345 1927 que
371 1868 659 1916 contulimus,

362 1941 429 1984 16.
467 1939 681 1986 Tabulam
705 1940 865 1986 Iuliani
893 1939 1179 1987 Ascalonitae
1207 1942 1397 2002 repetivi
1422 1955 1475 1988 ex
1502 1941 1779 1988 Heimbachii

257 2007 457 2054 editione
479 2007 534 2067 (v.
554 2009 673 2069 prol.
697 2010 725 2068 S
748 2011 804 2054 35
826 2009 924 2057 adn.
947 2010 1007 2070 2).
1044 2010 1324 2072 Scripturam
1352 2006 1541 2072 οὐργία
1567 2014 1779 2058 intactam

257 2076 446 2137 reliqui,
474 2093 742 2139 quamquam
768 2073 1017 2139 οὐργυιά,
1053 2083 1174 2141 quod
1197 2082 1337 2129 Paris.
1368 2085 1479 2127 2013
1507 2084 1552 2127 in
1579 2083 1667 2128 tab.
1693 2083 1778 2127 He·

211 2141 216 2146 ’
246 2161 355 2193 ron.
382 2147 418 2191 V
443 2148 637 2207 exhibet,
665 2150 1009 2209 praeferendum
1035 2152 1224 2198 videtur.
1253 2151 1339 2198 Sed
1366 2153 1395 2211 S
1419 2156 1446 2197 8
1472 2149 1674 2213 βήματα
1700 2145 1778 2211 (μ’

256 2230 356 2263 cum
382 2217 580 2264 Mercero
608 2219 774 2265 mutavi
800 2220 844 2265 in
871 2217 1073 2281 βήματα
1100 2217 1156 2280 ε’,
1185 2237 1285 2269 cum
1311 2226 1424 2269 tanti
1449 2223 1620 2269 erroris
1646 2222 1779 2283 eulpa

256 2290 431 2333 auctori
458 2288 636 2335 tabulae
665 2289 892 2351 adsignari
919 2305 1009 2336 non
1035 2294 1196 2352 possit.
1230 2293 1288 2339 De
1317 2293 1506 2354 reliquis
1533 2294 1631 2339 vide
1657 2292 1775 2355 prol.

256 2357 286 2413 S
319 2359 388 2403 35.

364 2430 430 2473 17.
468 2429 575 2474 Vide
599 2444 654 2490 pi
659 2431 717 2475 ol
748 2431 777 2489 S
803 2407 869 2476 30.

365 2500 558 2543 18-27,
605 2499 780 2560 Fragm.
811 2504 864 2546 18
900 2502 1018 2548 edidi
1048 2517 1071 2548 e
1101 2503 1241 2550 Paris.
1269 2509 1379 2549 2475
1408 2514 1452 2550 et
1480 2505 1648 2551 Monac.
1679 2505 1774 2561 165,

257 2572 353 2611 tum
374 2565 532 2625 fragm.
559 2572 734 2615 19-21
763 2585 816 2618 ex
834 2571 995 2618 iisdem
1021 2580 1067 2619 et
1083 2573 1224 2620 Paris.
1247 2577 1375 2633 2438,
1398 2575 1593 2635 denique
1617 2573 1773 2634 fragm.

258 2637 437 2680 22-25
463 2650 486 2681 e
510 2637 722 2685 Parisinis
750 2644 873 2686 1642.
898 2645 1023 2687 2361.
1057 2647 1183 2689 2438.
1242 2645 1301 2691 De
1333 2645 1538 2691 fontibus
1565 2645 1623 2690 fr.
1651 2646 1705 2688 26
1732 2651 1777 2689 et

259 2708 310 2747 27
347 2705 443 2750 vide
483 2720 619 2786 supra
654 2709 708 2753 ad
736 2710 791 2754 fr.
822 2715 873 2754 14
901 2720 946 2758 et
973 2718 1012 2758 7.
1089 2713 1244 2761 Varias
1280 2716 1530 2775 scripturas
1560 2715 1775 2761 adnotaie

259 2773 415 2830 omisi,
454 2777 556 2834 quia
584 2778 638 2821 iis
674 2777 856 2838 longior
891 2783 1128 2843 explicatio
1163 2785 1493 2862 praemittenda
1528 2785 1637 2837 fuit;
1673 2786 1795 2830 nam'

260 2851 305 2887 et
338 2844 555 2890 nonnulla
590 2859 642 2892 ex
676 2846 746 2893 his
781 2849 1045 2908 fragmentis
1081 2854 1199 2900 binis
1241 2854 1354 2900 Iocis
1392 2856 1434 2899 in
1476 2855 1604 2901 libiis
1641 2868 1774 2900 manu
1860 2872 1864 2876 ·

257 2914 438 2972 scriptis
463 2914 704 2974 leguntur,
743 2931 825 2965 nec
853 2924 1034 2968 omnino
1062 2924 1115 2968 de
1152 2924 1354 2972 codicum
1391 2925 1615 2985 scriptura
1651 2931 1774 2972 recte
