1946 3220
297 141 408 202 208,
698 155 1016 191 FRAGMENTA
1051 154 1120 186 m:
1157 153 1416 194 MENSURIS
1510 197 1513 203 Ἰ
1724 136 1828 205 [29]

299 267 447 320 λικὸν
483 264 592 331 ριβ’.
648 264 680 327 ἡ
718 261 905 324 οὐγγία
939 263 999 314 δὲ
1028 260 1190 314 ὁλκὰς
1219 257 1281 325 ἴ,
1318 261 1550 314 Ἀττικὰς
1585 262 1645 315 δὲ
1673 258 1719 320 ς’
1741 263 1826 317 καὶ

302 350 504 415 ὀβολὸν
532 345 579 400 α’
605 348 689 399 καὶ
714 347 948 410 χαλκοῦς
969 345 1036 398 δ’·
1061 345 1094 410 ἡ
1121 346 1179 398 δὲ
1204 345 1393 408 οὐγγία
1413 345 1521 410 ἔχει
1548 345 1827 410 γράμματα

300 433 400 486 κδ’·
427 433 490 484 τὸ
516 432 574 483 δὲ
597 431 807 494 γράμμα
832 430 969 483 ἐςτὶν
1001 429 1200 496 ὀβολὸς
1231 431 1420 494 χαλκοῖ
1446 424 1514 482 δ’·
1542 429 1574 494 ἡ
1601 430 1660 486 δὲ
1693 429 1824 494 ὁλκὴ

302 517 407 580 ἔχει
433 515 667 580 ὀβολοὺς
695 512 759 572 ς’·
792 513 823 566 ὁ
855 515 913 566 δὲ
945 513 1145 579 ὀβολὸς
1170 515 1401 578 χαλκοῦς
1425 513 1487 578 η’.

245 605 270 643 5
404 599 451 650 3.
483 598 543 650 ‘O
570 598 629 650 δέ
656 598 902 663 μέδιμνος
923 597 1031 663 ἔχει
1059 597 1272 662 ἡμίεκτα
1297 595 1376 663 ιβ’,
1402 597 1466 651 τὸ
1497 599 1556 651 δὲ
1578 597 1824 663 ἡμίεκτον

300 682 535 747 χοίνικας
568 680 631 746 δ’,
665 682 698 746 ἡ
729 683 788 735 δὲ
816 685 983 746 χοῖνιξ
1018 682 1246 735 κοτύλας
1270 683 1503 735 Ἀττικὰς
1526 681 1595 734 δ’·
1633 681 1826 745 κοτύλη

299 767 359 819 δέ
384 766 490 820 ἐςτι
512 767 575 819 τὸ
604 765 754 831 ἥμιςυ
779 769 875 819 τοῦ
901 767 1108 821 ξέςτου·
1134 767 1218 819 καὶ
1237 767 1299 819 τὸ
1319 767 1570 832 τρυβλίον
1593 767 1651 820 δὲ
1676 765 1828 828 λεγό-

300 867 463 914 μενον
494 851 689 915 κοτύλη
727 851 863 905 ἐςτὶν
889 851 1111 915 Ἀττική·
1148 851 1217 904 τὸ
1247 853 1305 904 δὲ
1331 851 1610 917 ὀξύβαφον
1644 850 1828 914 τέταρ-

300 935 397 988 τόν
434 934 538 988 ἑςτι
574 935 824 1000 κοτύλης,
862 936 1024 988 ὁλκὰς
1047 936 1106 987 δὲ
1138 935 1245 1001 ἔχει
1275 937 1373 988 δύο
1401 934 1603 1001 ὀβολὸν
1631 933 1679 986 α’
1703 935 1829 999 χαλ-

219 1022 273 1062 10
302 1021 430 1071 κοῦς
457 1015 524 1072 δ’·
562 1019 592 1072 ὁ
621 1020 679 1071 δὲ
706 1019 902 1073 κύαθος
929 1020 1037 1085 ἔχει
1062 1020 1288 1084 κοτύλης
1321 1020 1508 1083 ἕκτον,
1537 1018 1700 1072 ὁλκὰς
1727 1017 1828 1082 ’ΐη’·

304 1103 335 1155 ὁ
364 1103 423 1155 δὲ
449 1103 627 1167 ξέςτης
656 1102 771 1165 ἄγει
798 1104 981 1168 λίτραν
1014 1103 1134 1169 μίαν
1163 1103 1328 1168 ἥμιςυ.

339 1256 382 1323 β
407 1187 455 1238 4.
483 1188 541 1240 Η
565 1189 622 1240 δὲ
649 1188 800 1252 λίτρα
821 1188 929 1252 ἔχει
952 1188 1169 1250 οὐγγίας
1188 1186 1268 1254 ιβ’,
1298 1188 1458 1241 ὁλκὰς
1485 1182 1576 1251 οε’,
1602 1187 1659 1240 ἐν
1682 1153 1829 1253 ἄλλῳ

303 1274 333 1310 ο
385 1299 395 1309 .

407 1340 454 1393 5.
487 1341 651 1394 Ἰὸίως
680 1343 739 1395 δὲ
771 1342 803 1406 ἡ
832 1343 1102 1408 Ἑλληνικὴ
1142 1322 1338 1407 κοτύλη
1375 1344 1473 1395 τοῦ
1502 1342 1684 1395 ἐλαίου
1723 1341 1832 1405 ἔχει

220 1440 271 1480 15
302 1425 484 1490 λίτραν
515 1425 655 1490 μίαν,
688 1426 719 1479 ὁ
751 1427 811 1479 δὲ
837 1427 1014 1491 ξέςτης
1045 1427 1225 1492 λίτρας
1255 1423 1316 1492 β’,
1343 1427 1373 1479 ὁ
1401 1427 1459 1478 δὲ
1482 1426 1726 1480 Ἰταλικὸς
1752 1426 1830 1479 ξέ-

304 1527 422 1575 ςτης
463 1510 646 1575 λίτραν
686 1509 806 1574 μίαν
846 1511 1020 1574 ἥμιςυ·
1058 1512 1089 1575 ἡ
1132 1513 1191 1565 δὲ
1223 1512 1594 1575 Ἀλεξανὸρινὴ
1634 1509 1829 1573 κοτύλη

301 1597 399 1647 τοῦ
426 1594 607 1647 ἐλαίου
635 1594 743 1660 ἔχει
769 1594 986 1658 οὐγγίας
1009 1594 1074 1660 η’,
1107 1595 1262 1650 οἴνου
1293 1598 1352 1649 δὲ
1378 1594 1594 1658 οὐγγίας
1619 1593 1687 1648 θ’·
1718 1594 1748 1646 ὁ
1773 1595 1832 1647 δὲ

301 1679 549 1732 Ἰταλικὸς
574 1679 752 1743 ξέςτης
777 1682 873 1732 τοῦ
908 1679 1064 1734 οἴνου
1093 1679 1277 1744 λίτραν
1311 1678 1431 1744 μίαν
1459 1678 1676 1742 οὐγγίας
1700 1677 1761 1742 η’.

410 1762 458 1815 6.
488 1764 546 1815 Ἡ
576 1763 946 1829 Ἀλεξανὸρινὴ
982 1766 1086 1829 μνᾶ
1117 1763 1233 1826 ἄγει
1262 1763 1425 1817 ὁλκὰς
1453 1762 1550 1828 ρν’,
1590 1762 1830 1826 ἀλλαχοῦ

219 1861 273 1900 20
304 1846 432 1912 ρνη’.

411 1931 457 1983 7.
491 1931 567 1985 Τὸ
595 1931 653 1984 δὲ
680 1932 834 1996 ςτέαρ
862 1931 1029 1996 ὑγρὸν
1055 1933 1149 1996 μὲν
1174 1932 1238 1986 ὂν
1265 1932 1382 1995 ἄγει
1409 1931 1485 1984 εἰς
1513 1931 1611 1996 τὴν
1642 1930 1830 1995 ἡμίναν

417 2015 430 2030 ³
575 2010 586 2026 Ι
1297 2008 1799 2033 nnnnnn

305 2099 487 2164 τιίςςης
507 2100 701 2164 κοτύλη
721 2100 838 2161 ἄγει
856 2099 1018 2153 ὁλκὰς
1030 2097 1100 2164 π’,
1121 2103 1219 2154 τοῦ
1238 2101 1297 2153 δὲ
1311 2099 1558 2164 ἑρυςίμου
1575 2098 1753 2162 λίτρας
1773 2097 1830 2151 δ’.

412 2182 458 2235 8.
491 2183 551 2235 Ὁ
584 2184 643 2235 δὲ
663 2186 794 2248 χοῦς
819 2184 924 2237 ἑςτι
947 2184 1140 2249 μέτρον
1166 2184 1418 2247 Ἀττικόν,
1444 2183 1660 2236 κοτύλαι
1686 2183 1830 2235 Αττι-

222 2282 275 2322 25
306 2268 389 2320 καὶ
422 2266 498 2332 ιβ’.
551 2271 780 2332 ςταθμοῦ
817 2269 877 2321 δὲ
906 2267 1022 2330 ἄγει
1055 2268 1216 2323 ὁλκὰς
1249 2267 1361 2333 ψκ’·
1396 2268 1427 2331 ἡ
1455 2268 1513 2320 δὲ
1548 2270 1715 2332 χοῖνιξ
1744 2284 1829 2330 με-

310 2351 574 2416 τρουμένη
596 2351 701 2404 ἐςτὶ
725 2352 943 2404 κοτύλαι
968 2351 1032 2417 γ’,
1060 2355 1288 2416 ςταθμοῦ
1317 2352 1374 2404 δὲ
1401 2351 1552 2404 ὁλκαὶ
1578 2349 1688 2416 ρπ’·
1719 2350 1749 2404 ὁ
1774 2352 1831 2403 δὲ

307 2437 485 2500 ξὲςτης
524 2436 881 2502 μετρούμενός
916 2435 1021 2489 ἑςτι
1058 2425 1276 2488 κοτύλαι
1302 2435 1364 2502 β’,
1401 2438 1628 2500 ςταθμοῦ
1657 2436 1714 2487 δὲ
1741 2434 1830 2488 ὁλ-

307 2536 391 2571 και
420 2519 508 2583 ρκ’.

420 2662 462 2699 4.
493 2656 554 2713 η’]
590 2675 603 2702 ι
633 2663 710 2704 Mo
743 2661 804 2715 (v.
824 2662 938 2717 prol.
969 2662 994 2712 ἓ
1015 2663 1068 2702 41
1092 2662 1197 2704 adn.
1221 2661 1266 2713 1)
1382 2663 1421 2703 6.
1454 2658 1597 2712 χοῖνιξ
1628 2658 1831 2702 κοτύλας

311 2726 551 2772 Ἀττικοὺς
582 2733 657 2773 Mo
773 2734 813 2773 8.
846 2731 1074 2783 ὸξόβαθον
1105 2732 1181 2774 Μο
1267 2733 1307 2775 9.
1340 2729 1480 2772 ὁλκὰς
1508 2743 1650 2784 usque
1684 2730 1741 2771 ad
1770 2723 1828 2782 δ’]

309 2799 461 2852 potius
492 2797 682 2849 οὐγγίας
714 2796 750 2851 β’
780 2796 846 2855 δ”,
885 2802 990 2844 vide
1018 2802 1133 2856 prol.
1165 2803 1188 2852 ξ
1218 2803 1272 2843 42
1305 2803 1414 2843 extr.
1533 2801 1600 2842 11.
1633 2798 1658 2840 6
1688 2797 1738 2840 δὲ
1768 2797 1834 2840 ξέ-

310 2865 439 2919 (Τη(]
473 2865 501 2918 ἡ
535 2866 584 2908 δὲ
614 2867 735 2921 Χήμη
768 2872 843 2913 Mo
875 2870 934 2924 (v.
955 2872 1068 2925 prol.
1097 2874 1122 2923 ἓ
1142 2869 1218 2926 42)
1335 2872 1386 2912 17
1417 2863 1493 2923 η’]
1514 2880 1541 2910 κ
1570 2869 1647 2910 Mo
1762 2870 1830 2910 21.

309 2934 500 2989 ἡμίναν]
536 2938 654 2987 μνᾶν
685 2939 760 2979 Mo
876 2942 945 2984 22.
975 2936 1060 2994 οβ’]
1097 2941 1137 2991 ιβ
1168 2941 1243 2982 Mo
1359 2941 1429 2983 25.
1460 2935 1603 2991 χοίνιξ
1635 2938 1710 2979 Mo

1916 248 1918 256 >
1875 0 1941 140 ιώ
