1946 3220
580 145 915 180 scmp'rmms
945 145 1203 182 cameos.
1593 133 1658 186 15

125 262 372 322 repetitum
410 267 481 306 est
514 274 565 307 ac
596 260 751 322 paullo
789 260 926 307 latius
961 267 1227 309 tractatum:
1269 276 1372 309 nam
1407 278 1523 324 quae
1547 279 1657 325 pars

126 332 346 392 inscripta
371 340 443 378 est
472 326 723 391 “prvoc
748 327 868 392 περὶ
893 327 1130 394 μέτρων,
1162 332 1247 380 hac
1273 339 1319 380 et
1343 347 1394 381 ea
1421 349 1537 395 quae
1567 341 1657 381 sta·

124 403 206 448 tim
235 402 585 464 significavimus
613 409 659 449 et
681 402 901 449 nonnulla
927 403 1089 451 similia
1112 403 1394 465 problemata
1419 406 1657 452 continen-

125 469 262 533 tur⁶).
312 474 401 519 Iam
425 473 691 535 priusquam
718 473 951 520 conclusio
979 473 1072 535 fiat,
1099 476 1348 535 videamus,
1378 476 1560 538 quinam
1584 476 1657 524 alii

123 543 247 590 tituli
265 544 486 590 librorum
504 545 866 591 Heronianorum
891 545 1193 606 reperiantur.
1246 548 1390 594 Taceo
1411 562 1492 594 eos
1512 544 1659 594 libros

127 629 242 677 quos
266 615 493 661 communi
519 618 701 662 nomine
727 617 1013 663 mechanicos
1048 616 1276 678 appellare
1314 615 1493 679 licet⁷),
1529 625 1657 665 taceo

127 681 460 747 Κατοπτρικὰ
496 693 542 733 et
574 687 742 734 librum
777 683 911 748 Περὶ
947 681 1227 748 διόπτρας,
1268 703 1382 749 quae
1419 689 1532 735 nihil
1571 690 1658 736 huc

121 755 425 819 pertinent⁸):
454 758 616 804 omitto
649 760 782 804 etiam
810 758 1068 819 inquirere,
1100 773 1209 805 num
1233 761 1584 806 commentarios
1610 761 1657 805 in

122 827 323 874 Euclid1s
349 828 569 875 elementa
595 828 713 875 Hero
740 830 1003 890 scripserit,
1033 830 1156 890 quod
1183 844 1276 876 non
1303 830 1414 876 satis
1443 830 1658 891 probabi·

120 898 230 945 liter
254 901 466 946 statuisse
491 900 670 946 videtur
694 896 981 960 Martinus9):
1018 914 1176 947 verum
1203 915 1255 947 ex
1280 901 1334 947 iis
1366 915 1480 961 quae
1505 901 1560 947 de
1587 915 1658 946 re-

120 969 207 1016 bus
243 971 574 1017 mathematicis
624 977 670 1017 et
711 971 1000 1031 geometricis
1033 972 1088 1018 ab
1123 971 1305 1018 Herone
1350 973 1519 1032 scripta
1557 984 1659 1018 esse

122 1047 302 1087 constat
336 1043 532 1102 primum
570 1041 792 1088 afferenda
828 1048 934 1088 sunt
968 1037 1034 1090 τὰ
1061 1038 1169 1102 πρὸ
1205 1041 1298 1102 τῆς
1324 1037 1658 1103 ἀριθμητικῆς

121 1109 499 1173 ςτοιχειώςεως
516 1119 561 1158 et
578 1108 643 1160 τὰ
662 1108 770 1173 πρὸ
790 1111 881 1173 τῆς
895 1111 1247 1174 γεωμετρικῆς
1262 1109 1656 1173 ετοιχειώςεως,

124 1183 199 1244 qui
231 1183 351 1229 tituli
387 1183 441 1230 ab
467 1185 568 1245 ipso
594 1183 777 1230 Herone
803 1185 1004 1231 citantur
1017 1180 1083 1243 ¹⁰).
1135 1184 1294 1230 Fuisse
1334 1185 1414 1230 has
1450 1184 1659 1230 introdu-

122 1255 296 1301 ctiones
322 1255 367 1300 in
395 1253 590 1300 Euclidis
622 1249 860 1315 (τοιχεῑα
885 1261 1008 1301 recte
1033 1254 1144 1300 vidit
1169 1255 1414 1313 Martinus,
1458 1257 1535 1316 qui
1566 1256 1660 1316 pri-

120 1339 222 1371 mus
264 1325 350 1371 hos
384 1326 546 1371 titulos
584 1332 715 1372 antea
744 1326 930 1386 ignotos
965 1326 1010 1371 in
1045 1324 1192 1372 lucem
1227 1325 1439 1387 protulit.
1508 1326 1658 1386 Atque

122 1410 280 1442 eorum
323 1410 438 1456 quae
479 1391 586 1456 πρὸ
629 1396 723 1455 τῆς
764 1394 1117 1456 γεωμετρικῆς
1163 1393 1540 1457 ςτοιχειώςεως
1587 1398 1658 1442 in-

122 1469 290 1528 scripta
326 1473 455 1512 erant
488 1482 594 1528 pars
634 1468 848 1528 quaedam
890 1468 1034 1513 fuisse
1069 1467 1248 1514 videtur
1279 1467 1461 1513 libellus
1497 1466 1575 1513 ille
1604 1466 1658 1512 de

122 1537 463 1584 definitionibus
484 1539 719 1584 nominum
740 1539 1143 1600 geometricorum,
1170 1538 1259 1585 hoc
1279 1546 1348 1584 est
1368 1533 1526 1598 ‘'OpOt
1546 1535 1658 1586 τῶν

119 1603 443 1670 γεωμετρίας
470 1603 786 1670 ὀνομάτων,
824 1610 954 1656 cuius
980 1608 1123 1655 libelli
1149 1609 1371 1670 reliquiae
1394 1608 1564 1670 partim
1591 1610 1659 1654 in-

120 1686 304 1740 tegrae,
341 1682 507 1741 partim
543 1680 846 1741 interpolatae
877 1687 923 1726 et
956 1682 1219 1727 immutatae
1254 1681 1308 1727 ad
1334 1695 1418 1726 nos
1443 1694 1659 1741 pervene-

120 1746 309 1811 runt¹¹).
356 1751 597 1798 Praeterea
621 1752 862 1798 maximum
891 1766 1008 1813 opus
1044 1752 1098 1797 de
1123 1753 1371 1813 geometria
1399 1751 1453 1797 ab
1477 1751 1658 1797 Herone

121 1822 342 1882 scriptum
366 1835 467 1868 esse
498 1822 609 1868 satis
636 1830 832 1880 constat,
861 1823 991 1868 cuius
1017 1822 1237 1883 reliquiae
1267 1827 1445 1868 exstant
1471 1823 1517 1867 in
1544 1835 1660 1867 non-

122 1891 259 1938 nullis
284 1891 414 1938 libris
440 1907 575 1938 manu
603 1893 800 1953 scriptis.
848 1894 911 1939 Ac
936 1893 1046 1938 mihi
1076 1893 1255 1953 quidem
1281 1893 1485 1952 vestigiis
1522 1905 1659 1952 quae-

121 1977 315 2024 cumque
360 1964 405 2008 in
447 1963 539 2009 illis
574 1963 703 2010 libris
737 1964 1031 2009 inveniuntur
1066 1971 1275 2010 accurate
1317 1962 1659 2024 circumspectis

121 2048 212 2080 non
239 2035 426 2080 dubium
459 2034 661 2093 videtur,
701 2036 808 2095 quin
836 2047 1036 2081 summae
1060 2035 1204 2080 totius
1231 2034 1394 2080 titulus
1420 2034 1562 2080 suerit
1590 2033 1663 2079 vel

125 2100 566 2166 Γεωμετρούμενα
589 2105 658 2151 vel
689 2101 1003 2166 Γεωμετρίαῐ
1034 2106 1165 2166 prior
1192 2112 1340 2151 autem
1366 2120 1473 2166 pars
1506 2106 1658 2166 operis

235 2342 283 2396 6)
317 2344 444 2384 Idem
474 2357 520 2396 p.
551 2344 605 2383 68
636 2357 673 2385 s.

237 2401 284 2453 7)
316 2401 544 2440 Accurate
578 2399 633 2440 de
664 2400 737 2440 his
769 2399 985 2441 disseruit
1013 2400 1238 2440 Martinus
1269 2397 1528 2453 p.'j28—51.

241 2456 285 2507 8)
315 2456 432 2497 Vide
467 2456 659 2497 eundem
690 2470 733 2510 p.
767 2458 947 2498 52—95.
1167 2504 1169 2506 ,

236 2510 284 2565 9)
315 2513 367 2553 Ρ.
400 2514 582 2553 95—98.
640 2514 815 2554 Nititur
842 2514 1071 2553 Martinus
1102 2494 1376 2565 qufbusdam
1406 2510 1559 2552 Procli
1590 2510 1656 2552 10-

124 2569 188 2610 cis
230 2569 394 2622 quibus
438 2568 517 2608 ille
563 2568 796 2610 Heronem
842 2569 1018 2622 aliquas
1067 2567 1276 2609 Euclidis
1320 2569 1656 2621 propositiones

123 2629 206 2667 aut
237 2626 515 2679 explicuisse
550 2629 630 2666 aut
660 2625 864 2679 paullum
896 2627 1164 2666 immutasse
1187 2628 1524 2666 commemorat.
1565 2623 1656 2665 Sed

124 2682 476 2724 commentarios
507 2683 554 2722 in
584 2682 824 2723 Euclidem
857 2682 914 2722 ab
945 2683 1129 2722 Herone
1162 2682 1358 2735 scriptos
1391 2693 1491 2722 esse
1522 2681 1656 2720 mini-

123 2752 196 2780 me
228 2739 333 2779 inde
366 2738 490 2779 effici
521 2742 696 2792 potest,
742 2752 828 2779 nec
862 2740 1107 2791 quicquam
1139 2738 1315 2790 obstat,
1363 2738 1470 2791 quin
1508 2738 1557 2777 in
1596 2737 1654 2777 iis

121 2795 256 2836 libris
296 2809 482 2849 quorum
528 2796 690 2836 titulos
735 2796 890 2836 statim
932 2796 1174 2836 afferemus
1212 2795 1330 2835 talia
1370 2795 1428 2835 ab
1468 2794 1654 2834 Herone

125 2852 439 2893 demonstrata.
471 2865 571 2893 esse
601 2853 862 2894 videantur.

210 2909 280 2960 10)
310 2909 426 2950 Vide
456 2910 642 2953 Martin.
674 2923 716 2963 p.
752 2911 830 2950 102
863 2922 897 2950 s.

211 2967 282 3017 11)
313 2966 441 3006 Idem
472 2979 516 3019 p.
552 2967 788 3007 104—120.
