1946 3220
16 115 81 148 (πῖ-ι

23 148 74 181 (λλ.

17 194 34 219 '-
53 186 60 191 .

124 107 259 195 [104]
546 140 617 175 nx
651 139 914 174 nnsmmo
951 138 1244 174 ExcnRPTA.
1551 123 1656 185 321

238 249 505 312 Κυάθους,
539 247 861 315 ςκαφιώλια,
894 247 1064 314 ὠάρια
1088 249 1272 314 ςιδηρᾶ
1298 247 1432 304 οἷαῒ.
1461 250 1657 304 κύαθος

55 326 59 333 ’
126 333 336 399 δέχεται
362 333 531 398 ὑγροῦ
556 349 704 386 τινος
730 331 949 395 ούγγίας
980 331 1037 398 β’.

14 3078 24 3093 a
10 3016 26 3034 .‘-
9 2959 25 2993 ἀι.
8 2811 29 2943 «ῗἿἮ-,ιιῇ
16 2782 22 2788 .
9 2702 31 2769 μω.»

239 418 512 482 Κυζικηνοὶ
548 421 797 482 ςτατῆρες
832 417 1174 483 διεβεβόηντο
1222 416 1298 470 ὥς
1343 416 1402 472 εὖ
1434 435 1656 485 κεχαρα-

123 500 334 568 γμένοι·
361 501 656 565 πρόςωπον
688 501 748 553 δὲ
773 499 838 563 ἦν
863 502 1112 562 γυναικὸς
1139 501 1169 554 ὁ
1193 501 1377 556 τύπος.
1656 560 1659 563 ,

238 586 475 650 Κύπρος7
504 584 699 650 μέτρον
726 584 952 649 ςιτηρόν.
1689 600 1715 640 5

238 669 497 722 Κωδάλου
533 671 725 734 χοῖνιξ·
766 668 1044 734 παροιμία,
1094 669 1169 723 ὡς
1212 670 1406 736 μείζοςι
1447 671 1658 737 μέτροις

127 753 456 819 κεχρημένου
479 752 838 818 ἀγορανόμου.

233 838 441 891 Λεπτὰς
483 838 568 890 καὶ
607 837 857 902 παχείας,
904 838 1179 892 Ζάλευκος
1222 839 1281 892 ἐν
1325 839 1521 904 Νόμοις
1564 841 1658 894 τὰς

127 922 392 988 δραχμάς,
418 921 616 975 λεπτὰς
643 923 738 986 μὲν
764 922 857 975 τὰς
884 922 1204 988 ἑξωβόλους,
1231 924 1454 988 παχείας
1482 925 1540 977 δὲ·
1565 925 1658 978 τὰς

128 1007 298 1062 πλέον
330 1006 570 1072 ἐχούςας.
1693 1018 1747 1059 10

237 1091 412 1156 Λεύγη
426 1131 438 1154 ,
467 1091 663 1156 μέτρον
688 1107 738 1144 τι
757 1090 1065 1153 Ἶιγάλακτος.

235 1175 477 1240 Λιδρίον,
505 1174 770 1242 τρυβλίον.

235 1260 506 1325 Λίςτριον,
545 1261 607 1312 τὸ
650 1259 754 1326 ὑφ’
784 1261 935 1324 ἡμῶν
977 1259 1269 1324 λεγόμενον
1309 1260 1663 1326 τηγανόςτρο-

130 1360 257 1410 φον.
310 1344 361 1397 οἱ
387 1345 446 1397 δὲ
471 1344 665 1409 μέτρον
695 1361 768 1409 τι,
794 1343 917 1409 μεθ’
945 1342 1009 1396 οὗ
1042 1343 1128 1396 ἐπὶ
1153 1344 1215 1397 τὸ
1242 1345 1478 1409 τήγανον
1508 1345 1661 1399 ἄλευ-

129 1445 230 1494 ρον
254 1428 568 1494 ἐπιχέουςιν.
1692 1438 1747 1480 15

236 1512 424 1578 Λίτρα,
458 1511 670 1578 ὀβολός.
722 1510 772 1564 οἱ
800 1512 858 1564 δὲ
889 1511 1113 1577 νόμιςμα
1142 1514 1288 1577 παρὰ
1314 1513 1559 1567 (ικελοῑς.
1613 1513 1663 1567 οἱ

130 1597 191 1652 δὲ
215 1596 302 1651 ἐπὶ
328 1599 585 1662 ςταθμῶν.
638 1596 690 1649 οἱ
714 1596 775 1649 δὲ
799 1596 1050 1661 Ῥωμαῖοι
1076 1598 1162 1650 διὰ
1186 1599 1283 1650 τοῦ
1317 1601 1363 1663 β,
1390 1597 1556 1663 λίβρα.

238 1681 660 1746 Λιτροςκόπους,
700 1680 1140 1753 ἀργυραμοιβούς.
1189 1681 1297 1734 ἀπὸ
1334 1684 1431 1735 τοῦ
1474 1682 1662 1736 (ικελι-

131 1767 229 1820 κοῦ
256 1765 602 1830 νομίςματος,
629 1764 660 1817 ὃ
688 1766 921 1817 καλεῖται
947 1764 1108 1828 λίτρα.

240 1849 567 1914 Μαθαλίδες,
621 1848 906 1912 ἐκπώματά
951 1864 1082 1901 τινα.
1142 1848 1193 1901 οἱ
1242 1850 1302 1902 δὲ
1350 1850 1536 1914 μέτρα,
1587 1849 1662 1903 ὡς
1693 1859 1750 1900 20

131 1933 332 1987 κύαθος

239 2017 439 2083 Μάρις,
489 2017 551 2070 τὸ
599 2016 935 2071 ἑξακότυλον.
991 2017 1226 2071 καλεῖται
1265 2018 1325 2072 δὲ
1363 2016 1664 2083 ὁμωνύμως

131 2102 216 2159 καὶ
239 2102 303 2156 τὸ
328 2101 531 2167 μακρὸν
559 2100 831 2166 πεπεριᾶΐ.
1158 2150 1163 2154 .

241 2186 658 2250 Μαυλιςτήριοψ
696 2185 829 2250 παρ’
853 2184 1150 2239 Ἱππώνακτ
1182 2227 1196 2251 ,
1222 2185 1418 2240 Λύδιον
1444 2187 1667 2254 νόμιςμα

131 2270 330 2326 λεπτόν
359 2287 422 2323 τι.
870 2327 877 2335 ,
1170 2339 1172 2342 .
1695 2277 1752 2321 25

242 2355 596 2417 Μεδιμναῑον,
624 2353 818 2418 μέτρον
845 2353 1048 2418 μοδίου.

249 2583 290 2625 2.
331 2577 542 2632 οὐγγίας]
585 2589 640 2619 ου
672 2590 774 2620 cum
805 2590 1031 2632 suprascr.
1066 2590 1125 2630 Π
1155 2578 1326 2621 habere
1367 2580 1534 2621 dieitur
1565 2582 1665 2625 cod.

135 2654 177 2695 5.
209 2649 416 2704 ςιτήριον
449 2649 547 2691 cod.
696 2650 762 2688 11.
794 2645 1047 2700 γάλακτος]
1085 2646 1342 2690 Γαλατικὸν
1374 2655 1498 2691 reete
1538 2651 1665 2692 Vale·

134 2723 224 2764 sius
320 2723 388 2764 13.
412 2717 616 2771 λίςτριον
638 2717 835 2769 Salmas„
858 2714 1035 2769 λίτριον
1058 2717 1158 2762 eod.
1255 2721 1324 2760 14.
1355 2717 1410 2760 οὗ
1434 2719 1665 2774 H.Steplz.,

137 2788 164 2834 ὅ
195 2791 294 2832 cod.
419 2792 486 2831 22.
520 2788 577 2830 τὸ
609 2786 895 2830 ἑξακότυλον
926 2789 1042 2830 coni.
1074 2788 1229 2840 Solem„
1267 2787 1355 2830 τόν
1386 2786 1432 2831 ἓξ
1464 2789 1696 2841 κοτύλας,

137 2861 238 2904 cod.
353 2862 420 2902 23.
454 2857 621 2911 πέπερι
642 2858 754 2899 Mus.
874 2858 942 2899 24.
976 2856 1172 2910 νόμιςμα
1193 2859 1375 2900 Palmer.
1401 2864 1447 2901 et
1467 2859 1666 2913 Salmas.²

138 2927 328 2982 λέμιςμα
359 2929 454 2971 eod.

225 3011 405 3042 scmp'r.
437 3012 640 3042 una-non.
672 3011 705 3040 1.
1341 2997 1409 3052 21
