1946 3220
270 98 376 152 184
661 110 978 148 FRAGMENTA
1013 109 1084 142 DE
1120 107 1380 144 manemus
1715 91 1798 164 [ὃ]

338 223 422 276 23.
458 222 534 276 Τὸ
559 220 731 286 μίλιον
759 220 866 285 ἔχει
892 216 1074 271 ςτάδια
1098 215 1233 271 ἑπτὰ
1256 217 1437 283 ἥμιςυ,
1462 217 1668 284 πλέθρα
1697 217 1773 283 με’
1775 260 1791 283 ‚
1842 209 1921 290 ,fa-J

270 307 463 361 ἀκένας
489 303 586 368 υν’,
614 303 830 368 ὀργυιὰς
855 297 968 367 ψν’,
1005 301 1247 371 βήματα
1248 294 1362 365 αω’,
1388 301 1574 367 πήχεις
1600 318 1664 374 γ,
1690 300 1790 356 πό-
1893 310 1903 319 “

267 393 364 444 δας
388 386 781 452 Φιλεταιρεὶους
807 386 901 451 μὲν
927 387 1051 456 .’δφ,
1076 385 1355 439 Ἰταλικοὺς
1382 385 1442 440 δὲ
1464 380 1568 456 eu'.

337 473 420 524 24
455 472 513 524 ‘O
570 471 754 535 (οἶνος
780 469 889 535 ἔχει
912 470 1054 534 μίλια
1078 465 1140 533 δ’,
1166 468 1408 523 ςταδίους
1432 467 1493 522 N.
1896 527 1898 530 ,

209 573 237 614 5
335 554 419 607 25.
457 554 516 623 ‘Q
545 553 886 621 παραςάγγης
914 554 1022 620 ἔχει
1045 552 1187 619 μίλια
1212 553 1276 619 δ’,
1307 553 1548 608 ςταδίους
1578 553 1649 606 λ’·
1687 553 1792 607 ἔςτι

266 639 325 692 δὲ
350 639 413 693 τὸ
439 638 633 703 μέτρον
659 637 935 703 Περςικόν.

315 721 421 791 [26.
458 722 626 779 Ἀλλὰ
658 725 826 776 ταῦτα
863 722 957 786 μὲν
994 721 1129 775 κατὰ
1161 721 1259 786 τὴν
1294 721 1528 776 παλαιὰν
1565 721 1790 775 ἔκθεςιν·

263 807 361 871 τὴν
401 807 463 860 δὲ
496 809 597 861 νῦν
632 808 931 872 κρατοῦςαν
969 805 1194 871 δύναμιν
1240 806 1299 860 ἐν
1335 806 1449 859 τοῖς
1492 804 1790 872 προοιμίοις

263 892 363 945 τοῦ
388 889 556 953 λόγου
582 889 952 964 ὑπετάξαμςν]

182 1112 237 1153 10
644 1084 692 1138 5.
755 1085 958 1136 Tabula
994 1084 1302 1137 Heroniana
1328 1084 1402 1135 ΙΙ.

794 1182 934 1237 (vide
964 1182 1078 1237 prol.
1110 1183 1135 1234 ς
1165 1182 1254 1235 21.)

372 1281 415 1332 1.
456 1279 534 1333 Τὰ
560 1279 655 1345 μὲν
692 1280 792 1334 οὖν
819 1279 1161 1347 εύθυμετρικὰ
1185 1279 1297 1345 εἴδη
1335 1279 1458 1334 εἰςὶν
1484 1279 1570 1345 ια’,
1604 1279 1791 1334 δάκτυ-

263 1365 387 1428 λος,
415 1363 632 1429 ούγγία,
657 1365 935 1430 παλαιςτή,
962 1365 1204 1429 ςπιθαμή,
1235 1363 1391 1429 πούς,
1419 1367 1606 1430 πῆχυς,
1635 1368 1790 1432 βῆμα,

263 1446 482 1513 ὀργυιά,
509 1448 703 1513 ἄκενα,
728 1449 994 1514 πλέθρον,
1022 1448 1250 1502 ςτάδιον.

181 1542 234 1584 15
367 1531 416 1584 2.
455 1533 759 1598 Ἐλάχιςτον
781 1534 841 1586 δὲ
855 1533 1065 1587 τούτων
1086 1532 1191 1586 ἐςτὶ
1210 1532 1487 1597 δάκτυλος,
1506 1532 1591 1586 καὶ
1614 1531 1792 1587 πάντα

261 1615 327 1669 τὰ
354 1615 617 1671 ἐλάττονα
640 1617 798 1683 μόρια
822 1618 1069 1670 καλεῖται.

368 1700 416 1753 3.
453 1701 512 1754 ‘H
539 1700 727 1763 οὐγγία
754 1701 863 1766 ἔχει
889 1699 1184 1756 δακτύλους
1210 1694 1257 1754 α’
1281 1693 1358 1763 γ”.

367 1785 415 1837 4.
451 1785 511 1838 ‘H
539 1785 799 1850 παλαιςτὴ
827 1784 936 1850 ἔχει
961 1785 1256 1838 δακτύλους
1281 1782 1344 1849 δ’,
1371 1783 1590 1847 ούγγίας
1613 1783 1673 1848 γ’.

364 1867 412 1920 5.
451 1869 512 1922 ‘H
544 1870 769 1934 ςπιθαμὴ
801 1868 909 1934 ἔχει
935 1868 1224 1922 παλαιςτὰς
1248 1866 1312 1932 γ’,
1339 1868 1633 1922 δακτύλους
1659 1866 1736 1936 ιβ’.

177 1962 232 2002 20
368 1953 415 2005 6.
453 1953 513 2005 ‘O
541 1953 678 2006 ποὺς
706 1952 815 2018 ἔχει
838 1952 1126 2005 παλαιςτὰς
1150 1949 1213 2017 δ’,
1240 1951 1535 2005 δακτύλους
1561 1949 1640 2012 ις’.

367 2036 413 2088 7.
446 2037 508 2089 ‘O
534 2038 707 2101 πῆχυς
731 2035 1020 2091 παλαιςτὰς
1046 2034 1092 2095 ς’
1095 2078 1109 2102 ‚
1137 2035 1432 2090 δακτύλους
1457 2035 1548 2088 κδ’.

367 2118 417 2172 8.
451 2119 527 2173 Τὸ
557 2122 695 2185 βῆμα
722 2119 832 2183 ἔχει
858 2120 1147 2173 παλαιςτὰς
1174 2118 1223 2183 ι’,
1252 2118 1548 2173 δακτύλους
1574 2118 1636 2186 μ’.

367 2203 414 2255 9.
450 2203 509 2256 Ἡ
541 2202 731 2268 ὀργυιὰ
756 2202 864 2268 ἔχει
889 2202 1184 2256 δακτύλους
1210 2197 1312 2267 (ἧς’,
1337 2203 1511 2255 πόδας
1534 2199 1594 2261 ς’.

334 2287 414 2339 10.
451 2287 510 2340 ‘H
539 2286 703 2340 ἄκενα
729 2285 838 2351 ἔχει
861 2286 1155 2339 δακτύλους
1180 2283 1271 2351 ρξ’,
1296 2286 1469 2338 πόδας
1494 2282 1527 2338 ι’
1550 2287 1787 2341 Φιλεται-

177 2381 231 2420 25
262 2371 463 2434 ρείους,
491 2371 724 2424 καλεῖται
751 2370 811 2424 δὲ
837 2369 1088 2435 ῥωμαϊςτὶ
1113 2369 1344 2434 περτικά.

376 2527 416 2568 1.
447 2524 568 2567 ἑπτὰ
597 2523 752 2578 ἥμιςυ]
784 2518 821 2568 Ζ’
841 2519 895 2566 5”
924 2524 1086 2567 PbVM
1199 2526 1243 2566 2.
1273 2522 1462 2576 ὀργυιὰς
1491 2517 1573 2576 ψν’
1603 2522 1788 2577 βήματα

261 2586 358 2650 ‘aus'
391 2607 477 2634 om.
512 2594 547 2634 C
661 2596 703 2637 4.
737 2593 809 2647 Ὁ]
852 2592 903 2637 ‘H
934 2595 991 2635 Ρῑι
1008 2594 1161 2635 MoLe
1276 2595 1319 2635 6.
1348 2592 1407 2635 τὸ
1446 2606 1532 2635 om.
1563 2594 1629 2634 Le
1745 2596 1785 2634 7,

262 2662 286 2711 ἓ
307 2662 361 2701 26
380 2674 467 2722 pm.
493 2661 527 2702 C
644 2666 714 2705 13.
746 2661 882 2715 ὀγγία
906 2662 968 2705 Pb
1054 2661 1312 2715 παλαιςτὴς
1341 2662 1450 2703 libri
1482 2660 1606 2714 (vide
1636 2663 1786 2716 praef.

262 2729 381 2782 erit.)
501 2731 567 2773 18.
598 2730 671 2783 ‘H]
706 2731 757 2774 ‘O
787 2732 892 2775 th
1007 2731 1263 2783 παλαιςτὴς
1293 2731 1402 2773 libri
1516 2732 1585 2775 21.
1617 2730 1669 2774 Ὁ
1701 2745 1785 2774 om.

260 2799 303 2840 N
415 2799 484 2839 24.
517 2797 835 2853 Φιλεταιρίους
863 2803 1010 2855 NVM,
1042 2800 1389 2853 Φιλεταιρικοὺς
1418 2799 1480 2843 Pb
1596 2803 1666 2845 25.
1695 2799 1786 2854 ῥω-

262 2866 429 2920 μαϊετὴ
460 2866 522 2910 Pb
637 2869 850 2923 περτικά]
885 2871 1078 2924 qam-im
1107 2873 1164 2924 V,
1193 2868 1386 2924 τερτίκα
1413 2869 1525 2911 PbM
