1946 3220
534 167 851 203 semerom-:s
891 167 1147 203 GRAECOS.
1532 150 1603 203 97

284 277 560 342 γράμματα
603 283 629 326 3
670 280 806 327 habet
842 276 1071 342 δραχμή,
1146 283 1229 326 288
1273 279 1389 327 libra

284 346 523 412 δραχμὰς
607 350 775 409 1113-
848 347 1129 412 δηνάριον,
1171 354 1228 397 96
1303 375 1366 385 -

288 418 513 481 δηνάρια
542 422 635 468 sive

286 488 469 548 ετάγια
601 494 675 552 11]2
701 515 772 524 -—
845 486 1120 552 ἀεεάριον,
1169 496 1224 537 72
1301 517 1362 527 —

285 556 503 621 άεεάρια
604 567 632 605 2
706 587 770 595 —-
846 559 999 622 ετατή
1005 575 1034 622 ρ
1047 598 1062 621 ,
1166 565 1221 607 48
1297 589 1357 598 -

285 630 541 692 (τατῆραε
607 638 633 677 2
705 656 776 665 —
850 628 1039 691 οὐγγία
1052 668 1065 691 ,
1167 637 1224 677 24
1301 659 1354 668 -

286 697 506 760 οὐγγίαε
603 708 630 747 2
701 729 772 736 -
846 698 973 762 ὁλκή
989 740 1002 763 ‚
1171 707 1224 748 12
1300 730 1361 737 -

288 768 467 820 ὁλκὰς·
604 777 632 819 6
705 799 773 807 —-
848 769 998 835 λίτρα
1028 775 1119 820 sive
1145 774 1274 820 libra.

180 900 489 961 Reperiuntur
516 899 590 946 hic
615 914 730 946 nova
768 900 988 961 quaedam
1023 901 1251 962 pondera,
1287 895 1446 962 ὁλκή,
1484 914 1600 950 (τα-

0 989 1 992 “
68 966 194 1031 τήρ,
221 965 496 1030 ἀεεάριον,
530 966 784 1030 δηνάριον
815 972 907 1016 sive
934 967 1162 1029 ετάγιον.
1211 972 1270 1018 De
1297 971 1452 1030 holce,
1487 987 1602 1033 quae

70 1048 200 1089 sexta
224 1041 367 1088 librae
392 1056 500 1102 pars
526 1056 627 1088 esse
655 1041 848 1099 dicitur,
894 1042 1171 1103 supersedeo
1204 1056 1440 1103 quaerere.
1493 1043 1602 1089 Nul-

73 1112 168 1159 lum
195 1114 369 1173 uspiam
395 1119 634 1173 praeterea
660 1111 749 1159 tale
768 1113 948 1173 pondus
969 1120 1366 1171 commemoratur,
1394 1114 1474 1160 sed
1499 1128 1601 1160 cum

72 1178 204 1243 ὁλκή
241 1197 325 1244 per
363 1198 411 1229 se
443 1183 631 1244 quodvis
655 1183 836 1244 pondus
862 1183 1112 1244 significet,
1148 1183 1263 1229 nihil
1304 1183 1456 1230 obstat
1492 1184 1601 1246 quin

71 1254 209 1300 etiam
237 1260 360 1299 sexta
388 1254 530 1300 librae
555 1268 661 1315 pars
688 1253 854 1300 alicubi
883 1254 946 1300 ita
974 1253 1201 1316 appellata
1228 1255 1303 1300 sit.

178 1319 476 1385 'Accdtptov‚
512 1325 634 1384 quod
662 1331 823 1384 quarta
847 1325 1007 1371 unciae
1042 1331 1172 1386 parte
1208 1325 1495 1381 aestimatur,
1531 1332 1603 1371 est

68 1409 125 1441 ex
153 1408 207 1440 eo
237 1409 526 1441 nummorum
562 1409 808 1442 aeneorum
835 1408 1004 1455 genere
1039 1397 1116 1455 qui
1153 1395 1257 1441 inde
1294 1395 1349 1440 ab
1385 1409 1503 1441 anno
1529 1395 1603 1441 XV

72 1482 111 1513 a.
135 1465 237 1512 Chr.
266 1480 309 1511 n.
337 1466 503 1511 Romae
534 1480 558 1511 a
586 1472 747 1511 senatu
780 1463 1133 1526 signabantur2).
1196 1466 1309 1511 Tum
1352 1466 1469 1510 enim
1508 1465 1601 1526 pri·

71 1551 193 1583 mum
220 1537 460 1582 sestertius
485 1550 539 1581 ex
565 1550 668 1582 aere
695 1537 854 1582 unciae
880 1537 1103 1596 pondere,
1128 1536 1387 1597 dupondius
1418 1550 1600 1583 semun-

70 1607 168 1655 ciae
203 1607 350 1653 faetus
395 1613 480 1653 est.
535 1607 593 1652 De
632 1607 745 1652 assis
782 1607 986 1667 pondere
1020 1607 1366 1664 dubitaverunt,
1412 1621 1521 1653 num
1557 1607 1600 1651 id

73 1684 236 1739 quarta
262 1692 368 1738 pars
393 1679 553 1723 unciae
582 1673 791 1737 fuerit³)‚
827 1678 906 1724 sed
934 1691 987 1723 ex
1013 1679 1102 1724 hoc
1133 1677 1316 1738 quidem
1342 1676 1446 1723 loeo
1473 1675 1601 1724 colli-

71 1749 197 1809 gitur
221 1742 471 1808 ἀεεάριον
499 1749 758 1808 posteriore
788 1755 932 1794 aetate
959 1749 1074 1794 tanti
1100 1749 1387 1794 aestimatum
1414 1762 1529 1795 esse.

101 1823 104 1826 ’
181 1817 267 1874 Qui
301 1826 409 1880 post
443 1812 692 1878 ἀεεὰριον
728 1814 918 1878 ετατήρ
955 1818 1169 1878 affertur,
1210 1832 1339 1876 eum,
1386 1819 1600 1879 quoniam

72 1904 174 1937 cum
200 1903 299 1935 asse
330 1889 601 1936 coniunctus
630 1890 715 1948 sit,
752 1904 835 1949 pro
863 1889 1095 1950 dupondio
1126 1889 1293 1935 habere
1322 1889 1489 1949 possis.
1542 1889 1603 1934 At

72 1962 119 2007 in
148 1960 299 2006 tabula
323 1959 588 2020 Cleopatrae
615 1959 695 2018 (X,
726 1958 796 2019 15)
831 1967 1014 2020 praeter
1045 1967 1260 2006 staterem
1289 1954 1600 2008 διπούντιον

73 2033 167 2077 sive
194 2031 454 2091 dupondius
488 2038 895 2085 commemoratum
934 2030 1057 2076 vitles
1094 2031 1260 2091 igitur,
1298 2030 1386 2076 etsi
1419 2029 1601 2091 pondus

0 2126 4 2133 ·
74 2102 191 2147 idem
235 2102 323 2159 sit,
369 2101 573 2147 diversos
613 2107 762 2148 tamen
800 2115 1012 2147 nummos
1050 2100 1312 2162 significari.
1369 2101 1601 2147 Accedunt

74 2173 187 2218 aliae
210 2186 397 2219 caussae
417 2172 724 2232 gravissimae,
747 2172 911 2232 quihus
936 2172 1057 2218 hunc
1083 2169 1310 2231 στατῆρα
1328 2171 1606 2232 Aegyptium

72 2243 453 2290 tetradrachmum
489 2242 632 2288 fuisse
667 2242 976 2288 confirmatur.
1030 2242 1117 2288 Sed
1145 2243 1199 2288 de
1231 2242 1302 2288 his
1330 2242 1450 2288 infra
1484 2242 1603 2287 dice·

73 2327 174 2360 mus
201 2313 248 2372 (S
276 2312 365 2372 72).

119 2452 186 2492 De
217 2452 396 2492 denario
427 2451 542 2503 quod
569 2447 757 2500 ετάγιον
787 2455 963 2491 vocatur
991 2451 1248 2503 reliquisque
1275 2447 1550 2500 ponderibus.

179 2539 323 2585 Porro
359 2538 549 2584 maxime
578 2539 742 2583 mirum
767 2538 964 2595 videtur,
1005 2537 1126 2597 quod
1153 2542 1335 2598 praeter
1361 2531 1596 2596 δραχμήν
1619 2531 1683 2580 58

77 2609 302 2655 diversum
331 2609 531 2669 pondus,
564 2602 847 2667 δηνάριον
877 2599 1090 2665 affertur,
1131 2621 1231 2653 cum
1259 2608 1444 2667 proprie
1473 2605 1598 2666 δρα-

77 2675 177 2740 χμή
203 2682 350 2741 ipsum
378 2679 564 2725 Romani
597 2677 769 2724 denarii
794 2692 958 2723 nomen
984 2678 1137 2723 suerit.
1187 2677 1282 2723 Iloc
1307 2684 1429 2723 recte
1456 2676 1598 2739 expli-

189 2858 232 2910 2)
255 2859 308 2902 V.
330 2858 664 2912 Borghesium
651 2871 699 2898 m
721 2858 953 2899 Cavedon.
975 2856 1194 2899 Numism.
1217 2856 1331 2898 bibl.
1355 2870 1399 2910 p.
1422 2858 1502 2898 118
1524 2868 1599 2907 ss.,

79 2914 343 2956 Mommsen.
376 2929 419 2968 p.
453 2917 532 2957 761
565 2928 625 2958 ss.

191 2973 234 3022 3)
266 2972 318 3014 V.
349 2973 614 3014 Mommsen.
647 2986 690 3025 p.
724 2971 806 3011 765
839 2971 941 3012 adn.
964 2971 1034 3013 85.

164 3053 341 3082 SCRIPT.
374 3054 576 3083 METROL.
607 3055 640 3082 1.
1315 3038 1345 3090 7
