1946 3220
329 135 399 188 60
847 147 1242 183 PROLEGOMENA
1268 148 1325 182 IN

467 279 602 311 unum
631 258 878 323 ἀμφορέα
906 258 976 323 (ΓΡ.
1012 262 1076 306 19.
1103 257 1172 323 20)
1202 261 1292 306 sive
1326 254 1653 322 ἀμφορίεκον
1680 261 1753 321 (ΓΡ.
1780 261 1849 323 21)

1903 240 1935 318 i

469 338 559 381 sive
598 330 846 392 κεράμιον
889 328 959 393 (fr.
993 330 1091 390 26),
1139 344 1254 391 quae
1300 331 1513 379 vocabula
1545 331 1850 379 Romanorum
1915 323 1935 354 ‘²

469 403 731 466 quadrantal
760 403 852 448 sive
878 402 1138 462 amphoram
1167 401 1444 461 significant3

1934 389 1937 427 ἔ

400 477 516 522 idem
548 488 628 535 pes
668 472 841 518 solidus
874 474 966 518 sive
993 472 1259 533 quadrantal
1282 473 1531 519 Romanum
1563 473 1617 519 ad
1644 479 1736 518 tres
1762 482 1855 533 μο-
1934 447 1939 498 ³⁷

467 540 613 592 δίου(
639 543 713 602 (ΓΡ.
741 546 810 587 21.
837 545 906 588 25.
933 541 1021 600 26),
1051 543 1127 603 qui
1157 550 1262 589 sunt
1288 543 1425 590 modii
1451 543 1655 601 Romani,
1683 542 1774 589 sive
1801 543 1855 603 ad
1935 545 1940 593 ζ

471 614 950 674 duodequinquaginta
968 608 1144 663 Ξέετα(
1164 609 1442 662 Ἰταλικοὺς
1468 613 1541 673 (fr.
1565 616 1632 659 19.
1656 610 1726 675 21)
1751 613 1796 658 h.
1816 627 1856 659 e.
1881 656 1886 657 a

471 684 691 731 sextarios
719 685 967 745 redigitur3

399 759 506 803 item
526 755 704 801 modius
731 756 897 802 dicitur
915 769 1016 801 esse
1039 755 1233 801 sedecim
1261 756 1559 802 sextariorum
1581 754 1654 814 (fr.
1676 756 1746 799 21.
1770 750 1860 816 26).
1940 761 1946 816 g

432 855 578 900 Minus
606 861 813 900 accurate
843 867 1054 898 mensura
1081 854 1388 914 quadrantalis
1415 849 1667 913 μετρητής
1693 853 1861 899 dicitur

331 927 404 986 (fr.
433 925 530 984 24),
579 926 789 984 quoniam
826 924 936 970 haec
962 923 1128 969 Graeca
1161 939 1374 970 mensura
1412 925 1588 970 diversa
1623 930 1693 969 est
1726 937 1750 968 a
1775 923 1861 968 Ro·

330 1011 460 1043 mana
495 995 725 1055 amphora.
800 995 889 1040 Nec
926 994 1102 1054 reliqua
1140 997 1438 1052 conveniunt⁷
1479 1009 1580 1040 nani
1619 994 1863 1054 amphorae

332 1067 598 1113 tribuuntur
635 1072 737 1111 octo
777 1065 954 1124 congii,
994 1066 1159 1123 congio
1193 1078 1352 1110 novem
1388 1066 1584 1111 sextarii.
1642 1063 1723 1110 Ubi
1757 1077 1864 1124 pro-

335 1137 447 1184 clive
485 1144 554 1181 est
590 1136 713 1181 dictu
741 1129 788 1189 ς’
813 1149 897 1196 pro
925 1126 969 1182 θ’
994 1135 1278 1181 scribendum
1306 1149 1430 1193 esse,
1471 1150 1561 1196 quo
1595 1134 1717 1181 facto
1744 1133 1866 1179 iusta

334 1208 558 1253 Romanae
586 1205 828 1266 amphorae
859 1219 1072 1251 mensura
1107 1207 1320 1251 restituta
1352 1206 1510 1251 fuerit:
1548 1212 1593 1251 at
1621 1219 1727 1251 vero
1756 1205 1865 1250 scri·

333 1284 440 1338 ptor
468 1276 591 1322 illins
625 1275 714 1322 loci
741 1275 784 1320 id
818 1277 968 1336 egisse
994 1277 1198 1335 videtur,
1228 1282 1279 1321 ut
1307 1282 1524 1322 metretae
1549 1275 1695 1321 LXXII
1721 1280 1868 1321 sexta-

334 1349 455 1402 rios,
500 1360 614 1407 quae
640 1354 710 1391 est
734 1346 882 1392 Attica
908 1361 1145 1404 mensura,
1181 1347 1425 1400 tribueret;
1468 1361 1569 1393 cum
1595 1347 1737 1407 igitur
1762 1351 1866 1390 octo

337 1418 606 1477 congiorum
632 1417 793 1462 fecerit
818 1424 1073 1474 metretam,
1102 1425 1287 1464 coactus
1310 1426 1379 1462 est
1405 1421 1448 1463 in
1475 1419 1687 1478 congium
1708 1429 1867 1461 novem

339 1490 560 1535 sextarios
588 1493 866 1547 computare.
916 1487 1037 1543 Quae
1065 1489 1245 1548 quidem
1271 1487 1385 1533 salsa
1415 1502 1515 1534 esse
1541 1495 1751 1548 apparet,
1789 1485 1868 1532 sed

342 1559 494 1605 eadem
524 1559 585 1603 ita
614 1564 871 1618 comparata
890 1594 902 1615 ,
931 1565 982 1604 ut
1011 1573 1036 1603 a
1060 1558 1191 1604 nohis
1218 1561 1380 1605 mutari
1407 1573 1498 1605 non
1525 1558 1733 1604 debeant.

445 1629 589 1674 Porro
625 1628 677 1673 ad
703 1628 946 1674 Romanam
977 1643 1234 1674 mensuram
1268 1632 1466 1690 pertinet
1491 1629 1565 1675 illa
1602 1628 1740 1674 modii
1763 1626 1870 1673 defi-

338 1700 454 1745 nitio
491 1713 579 1759 qua
604 1700 642 1743 is
673 1699 841 1744 decima
864 1699 1005 1744 cubiti
1031 1714 1136 1759 pars
1163 1714 1263 1745 esse
1289 1700 1468 1747 dicitur.
1519 1700 1623 1744 Nam
1655 1713 1756 1744 cum
1788 1711 1869 1759 pes

343 1770 514 1816 solidus
556 1776 647 1815 tres
686 1769 864 1815 modios
905 1769 1092 1828 habeat,
1135 1770 1338 1816 cubitum
1373 1770 1564 1831 implent
1603 1769 1740 1815 modii
1775 1769 1868 1814 fere

341 1836 555 1899 decem2).
606 1839 653 1885 Id
692 1846 761 1885 est
796 1835 1044 1899 κεράμιον
1081 1839 1193 1886 illud
1219 1841 1372 1887 decem
1398 1841 1650 1887 modiorum
1689 1840 1742 1884 de
1779 1853 1870 1899 quo

342 1913 387 1956 in
416 1911 561 1970 prima
583 1923 793 1956 mensura
822 1912 947 1956 navis
973 1911 1166 1971 legimus
1194 1910 1267 1970 (ΓΡ.
1298 1912 1395 1970 18)7
1428 1926 1619 1972 prorsus
1646 1911 1871 1955 diversum

343 1997 365 2026 a
401 1976 631 2043 κεραμίῳ
658 1980 963 2026 Romanorum
1000 1981 1295 2042 quadrantali.
1344 1982 1465 2028 Idem
1488 1995 1593 2026 vero
1622 1982 1756 2026 etiam
1783 1979 1871 2026 alio

342 2051 444 2096 loco
472 2051 544 2107 (fr.
571 2049 643 2108 22)
671 2050 794 2096 latet.
849 2051 956 2096 Nam
985 2067 1085 2098 cum
1114 2052 1175 2097 ibi
1203 2052 1459 2098 cubitorum
1486 2064 1700 2097 numerus
1726 2051 1871 2096 decies

343 2121 559 2178 ducatur,
597 2135 687 2180 quo
730 2117 871 2169 (ίτου
909 2116 1079 2180 μόδιοι
1104 2117 1336 2169 Ἰταλικοὶ
1371 2122 1506 2180 fiant,
1545 2121 1741 2168 efficitur
1775 2121 1873 2181 pari

344 2191 478 2236 modo
515 2190 692 2236 cubitus
722 2191 949 2237 Romanus
985 2192 1243 2253 decemplex
1277 2194 1456 2250 modio7
1494 2195 1583 2238 sive
1624 2186 1873 2251 κεράμιον

347 2261 435 2307 tale
464 2261 595 2322 quale
621 2261 772 2307 statim
799 2263 1138 2322 descripsimus.

447 2329 568 2386 Quae
604 2338 753 2377 autem
789 2333 946 2378 eodem
975 2332 1077 2378 loco
1104 2332 1176 2392 (ΓΡ.
1203 2333 1275 2392 22)
1297 2334 1351 2378 de
1378 2332 1685 2380 castrensibus
1711 2330 1874 2378 modiis

345 2427 415 2435 -—
450 2415 550 2447 nam
591 2401 638 2446 hi
674 2410 780 2448 sunt
817 2398 1110 2462 καετρήειοι
1144 2399 1317 2462 μόδιοι
1346 2430 1416 2437 -
1445 2404 1687 2464 leguntur⁷
1723 2416 1773 2447 ea
1809 2402 1875 2447 sic

347 2472 585 2532 depravata
608 2479 729 2529 sunt,
757 2480 807 2518 ut
828 2473 940 2519 nihil
961 2474 1063 2519 inde
1085 2473 1200 2520 effici
1227 2478 1387 2535 possit.
1439 2475 1547 2520 Nam
1568 2488 1667 2520 cum
1690 2471 1873 2518 omnino

350 2549 623 2588 castrensem
672 2544 870 2589 modium
920 2543 1142 2604 duplicem
1192 2545 1391 2605 vulgaris
1441 2545 1579 2590 modii
1620 2556 1876 2588 mensuram

351 2610 490 2656 fuisse
515 2619 693 2657 constet
721 2616 875 2674 (supra
904 2614 932 2672 S
964 2614 1060 2675 25),
1097 2616 1183 2661 hoc
1206 2615 1337 2674 loco,
1365 2621 1582 2676 quantum
1609 2628 1632 2659 e
1660 2618 1877 2673 corrupta

353 2681 577 2739 scriptura
604 2684 825 2729 conjicere
851 2685 973 2743 licet,
1002 2685 1115 2731 alius
1143 2687 1239 2731 eius
1269 2687 1430 2732 modus
1456 2684 1660 2744 intellegi
1681 2683 1873 2729 videtur.

467 2844 514 2895 2)
549 2844 738 2885 Cubitus
770 2853 1006 2898 porrectus
1038 2851 1356 2904 sesquipedem
1386 2850 1548 2898 habet3
1589 2847 1759 2895 solidus
1789 2847 1876 2898 igi-

356 2905 429 2940 tur
466 2901 607 2966 pedes
646 2901 817 2942 solidos
862 2901 915 2955 Βὲ
964 2905 1132 2969 efficit,
1182 2907 1259 2959 qui
1304 2910 1408 2947 sunt
1453 2905 1591 2946 modii
1631 2903 1724 2957 10⁴}-
1787 2902 1877 2944 Sed

358 2968 602 2999 sescuncxa
635 2970 876 2998 excurrens
908 2972 1075 3000 om1ssa
1109 2966 1191 3003 est.
