1946 3220
98 84 343 188 t[20—22]
792 134 1010 169 cunnus.
1536 115 1642 168 203

327 269 414 322 20.
467 269 647 321 Simile
666 270 942 336 problema
969 287 1035 321 ex
1061 270 1237 322 eodem
1262 269 1413 322 libro.

221 369 394 421 Πίθου
432 370 806 434 ςφαιροειδοῦς
839 368 871 432 ἡ
900 368 1037 433 πρὸς
1064 368 1128 422 τὸ
1154 370 1333 433 χεῖλος
1361 366 1641 433 διάμετρος

115 454 304 506 ποδῶν
332 450 388 516 ε’,
416 452 478 504 τὸ
504 453 563 505 δὲ
592 452 755 518 βάθος
780 454 970 506 ποδῶν
995 451 1056 517 η’.
1113 452 1288 517 εὑρεῖν
1314 451 1515 506 πόςους
1545 451 1640 517 ἀμ-

115 536 321 603 φορέας
333 536 583 602 χωρήςει·
610 539 750 589 ποιῶ
772 535 969 589 οὕτως·
995 540 1088 602 τῆς
1108 536 1390 601 διαμέτρου
1405 538 1468 591 τὸ
1487 536 1638 602 ἥμιςυ

0 681 2 703 ,
41 667 50 670 -
112 621 353 683 γίνονται
382 620 547 674 πόδες
574 620 618 686 β’
641 630 698 674 S·
734 623 900 674 ταῦτα
925 623 1064 674 ποιῶ
1091 620 1368 684 τριςςάκις·
1401 621 1642 682 γίνονται
1673 631 1698 671 5

113 699 159 759 ζ’
183 714 239 757 5·
271 705 484 758 τούτοις
510 708 777 770 προςτιθῶ
802 705 864 758 τὸ
894 705 1079 771 βάθος·
1115 704 1252 769 ὁμοῦ
1277 704 1518 766 γίνονται
1543 705 1640 757 πό-

113 792 202 842 δες
238 788 296 842 ιε’
331 799 387 842 5·
433 792 600 842 ταῦτα
635 789 732 855 ἐφ’
767 790 929 842 ἑαυτὰ
963 789 1205 851 γίνονται
1238 789 1402 842 πόδες
1440 785 1516 852 ςμ’
1552 788 1640 841 δ”·

109 876 278 926 ταῦτα
304 873 571 927 ἑνδεκάκις
596 874 836 936 γίνονται
863 873 1026 926 πόδες
1055 871 1220 942 Ιβχμβ’
1245 882 1275 925 S
1302 869 1384 925 6''·
1412 873 1528 937 ἄρτι
1554 889 1641 936 με-

113 958 268 1023 ρίζω·
306 957 384 1010 ὧν
420 956 514 1010 κα”
538 957 781 1020 γίνονται
815 956 980 1011 πόδες
1018 956 1122 1022 ρκε’
1149 967 1181 1009 5
1209 953 1270 1019 γ”
1297 952 1420 1009 πδ”·
1453 956 1640 1009 τοςού-

110 1057 239 1095 τους
265 1041 541 1108 ἀμφορέας
568 1042 811 1108 χωρήςει,
840 1041 972 1095 διότι
1003 1041 1033 1094 6
1067 1041 1204 1095 ποὺς
1234 1040 1265 1094 6
1299 1042 1510 1106 ςτερεὸς
1534 1056 1640 1105 χω-
1675 1049 1726 1089 10

113 1128 193 1190 ρεῖ
221 1125 568 1192 ἀμφορίςκον.

289 1280 376 1331 21.
437 1280 659 1331 Tertium
685 1280 910 1331 eiusdem
934 1280 1140 1346 qeneris
1160 1276 1450 1345 problema.

218 1378 416 1430 Ἄλλου
443 1377 604 1431 πἰθου
628 1378 661 1442 ἡ
688 1377 831 1430 κάτω
859 1377 1138 1442 διάμετρος
1162 1381 1351 1435 ποδῶν
1382 1377 1426 1442 β’
1448 1386 1498 1441 5,
1523 1377 1555 1441 ἡ
1584 1377 1643 1429 δὲ

113 1462 229 1516 ἄνω
264 1465 454 1516 ποδῶν
489 1460 554 1526 γ’,
598 1462 662 1515 τὸ
706 1463 764 1514 δὲ
800 1461 962 1527 βάθος
1001 1461 1110 1525 ἔχει
1145 1461 1318 1514 πόδας
1340 1463 1396 1521 ς’.
1465 1461 1639 1526 εὑρεῖν

111 1546 312 1600 πόςους
357 1546 638 1613 ἀμφορέας
675 1549 859 1612 χωρεῖ·
914 1545 1054 1599 ποίει
1089 1545 1284 1599 οὕτως·
1330 1546 1517 1599 ςύνθες
1547 1545 1643 1597 τὰς
1675 1552 1727 1592 15

112 1632 211 1685 δύο
236 1631 574 1696 διαμέτρους·
603 1629 847 1692 γίνονται
874 1630 1038 1683 πόδες
1064 1629 1104 1683 ε’
1122 1639 1182 1683 5·
1208 1629 1288 1684 ῶν
1315 1630 1378 1683 τὸ
1403 1639 1434 1682 5
1460 1629 1640 1691 γίνον-

111 1720 195 1768 τοῑι
236 1716 277 1781 β’
311 1725 342 1767 5
381 1713 464 1768 δ”·
512 1716 680 1767 ταῦτα
712 1714 814 1780 ἐφ’
850 1714 1014 1766 ἑαυτὰ
1049 1713 1292 1776 γίνονται
1330 1714 1495 1767 πόδες
1532 1711 1575 1767 ζ’
1609 1722 1640 1765 S

113 1797 214 1858 ις”·
243 1802 408 1853 ταῦτα
433 1798 519 1851 ἐπὶ
540 1798 603 1851 τὸ
633 1798 825 1863 βάθος,
851 1797 938 1850 ἐπὶ
960 1798 1089 1851 τοὺς
1117 1795 1163 1857 ς’
1177 1798 1366 1862 πόδας,
1399 1798 1642 1859 γίνονται

114 1882 191 1948 με’
210 1882 271 1936 δ”
284 1880 366 1948 η”·
392 1885 559 1935 ταῦτα
584 1881 852 1935 ἑνδεκάκιε
875 1880 1116 1943 γίνονται
1147 1881 1263 1945 uQO'
1293 1879 1377 1946 η”·
1408 1881 1526 1945 ἄρτι
1552 1898 1639 1945 με-

114 1967 265 2032 pimu-
296 1967 375 2020 ῶν
401 1965 476 2019 ιδ”
502 1966 743 2028 γίνονται
769 1965 933 2018 πόδες
959 1965 1032 2019 λε’
1055 1975 1088 2018 5
1114 1965 1170 2021 ζ”
1190 1963 1326 2031 ριβ”·
1351 1965 1642 2018 τοςούτους
1673 1971 1727 2009 20

112 2051 473 2117 ἀμφορίςκους
500 2050 740 2115 χωρήςει.
796 2049 826 2102 6
853 2051 912 2103 δὲ
938 2049 1266 2116 ἀμφορίςκος
1292 2049 1401 2115 ἔχει
1425 2049 1568 2102 πόδα
1596 2044 1645 2102 α’

114 2135 345 2199 ςτερεόν.
394 2137 562 2199 χωρεῖ
591 2135 651 2187 δὲ
686 2133 717 2186 6
753 2134 964 2198 ςτερεὸς
989 2135 1128 2187 ποὺς
1157 2134 1643 2188 ξέςτας-Ἰταλικοὺς

76 2229 83 2235 ·
113 2219 315 2287 ἀριθμῷ
354 2217 459 2284 μη’·
495 2218 736 2279 γίνονται
770 2218 943 2282 μόδιοι
982 2215 1044 2280 γ’.
1117 2218 1334 2272 ἕκαςτος
1367 2218 1550 2283 μόδιος
1585 2218 1644 2271 ἐκ

114 2305 316 2357 ξεςτῶν»
339 2303 603 2355 Ἰταλικῶν
631 2301 835 2370 ἀριθμῷ
863 2299 940 2361 ις’.

111 2455 198 2508 22.
251 2455 499 2506 Mensura
530 2455 685 2506 navis
725 2471 791 2505 ex
816 2453 1044 2507 Heronis
1077 2455 1212 2506 libro
1253 2454 1386 2519 Περὶ
1418 2454 1639 2520 μέτρων.
1674 2472 1728 2512 25

629 2551 886 2617 Μέτρηςις
917 2551 1127 2605 πλοίου.

217 2651 426 2704 Πλοῖον
452 2650 789 2715 μετρήςωμεν
818 2649 1015 2703 οὕτως·
1043 2649 1177 2702 ἔςτω
1205 2650 1399 2703 πλοῖον
1426 2649 1556 2714 ἕχον
1578 2649 1642 2702 τὸ

113 2736 278 2799 μῆκος
306 2736 495 2799 πηχῶν
524 2730 590 2799 μ’,
616 2734 820 2787 πλάτος
845 2735 1035 2798 πηχῶν
1070 2728 1150 2799 ιβ’,
1177 2733 1239 2786 τὸ
1267 2735 1326 2786 δὲ
1355 2733 1518 2798 βάθος
1544 2751 1643 2797 πη-

114 2819 228 2881 χῶν
258 2813 326 2871 δ’·
363 2817 538 2883 εὑρεῖν
574 2818 758 2871 πόςων
789 2817 992 2883 μοδίων
1019 2816 1123 2870 ἑςτὶ
1149 2817 1212 2870 τὸ
1242 2818 1462 2870 πλοῖον·
1504 2818 1644 2870 ποίει

116 2899 311 2955 οὕτως·
352 2903 784 2956 πολυπλαςίαςον
818 2901 880 2955 τό
911 2904 1075 2967 μῆκος
1104 2900 1189 2955 ἐπὶ
1218 2902 1281 2955 τὸ
1307 2900 1533 2954 πλάτος·
1567 2901 1644 2963 γί-
1674 2909 1729 2948 30
