1946 3220
127 136 228 209 [92]
718 150 789 186 m:
825 149 1042 188 muts.
1553 133 1659 188 295

125 277 218 316 τος
247 261 281 326 ἢ
306 259 581 326 κτήματος,
607 260 754 327 παρὰ
774 259 840 314 δὲ
865 260 981 314 τοῖς
1007 259 1147 314 Ἴωςι
1173 257 1301 313 κάπὶ
1323 260 1435 316 τῶν
1460 261 1659 327 χρημά-

35 399 39 406 ,
127 361 253 402 των.
305 344 484 411 ὥςπερ
508 345 593 399 καὶ
614 345 845 411 κέρματα
869 344 999 398 ἀλλ’
1028 343 1094 398 οὐ
1118 344 1324 410 κέρμα
1346 343 1522 409 λέγειν
1546 345 1658 400 Ἀτ-
1681 358 1722 393 88

125 430 289 495 τικόν,
313 430 460 496 παρὰ
483 430 666 495 μέντοι
696 431 809 483 τοῖς
836 428 1105 495 Δωριεῦςι
1128 429 1213 483 καὶ
1235 429 1298 484 τὸ
1331 429 1497 496 κέρμα
1518 429 1658 485 ἐςτὶν

126 513 429 581 εἰρημένον·
463 513 610 580 εὕροι
635 514 690 568 δ’
714 514 782 569 ἄν
807 529 884 568 τις
910 512 1042 567 αὐτὸ
1071 513 1157 567 καὶ
1190 513 1337 580 παρὰ
1358 515 1473 569 τοῖς
1498 514 1658 569 Ἀττι-

634 603 656 616 A

125 599 264 662 κοῖς,
294 597 473 664 ὥςπερ
502 598 562 652 ἑν
589 616 666 669 τῳ
692 598 953 665 Ἄμφιδος
975 597 1356 668 Ἀμπελουργῷ
1383 598 1588 665 εμικρόν
1608 616 1661 653 τι
1689 603 1715 645 5

129 684 318 749 κέρμα’
349 683 435 736 καὶ
467 683 603 749 παρ’
635 682 936 750 Ἀντιφάνει
967 682 1028 738 ἐν
1070 686 1147 751 τῷ
1187 681 1432 736 Κύκλωπι
1467 683 1661 749 εκέρμα

127 766 227 834 γάρ
251 783 300 820 τι
323 767 611 833 τυγχάνω’.
675 766 735 823 ἐν
763 767 945 832 μέντοι
967 769 1044 836 τῷ
1072 766 1393 821 Φιλιππίδου
1420 768 1659 834 Φιλευρι-

128 850 250 921 πίδῃ

1098 934 1257 989 οὗτος
1283 934 1448 990 οἴεται

340 1018 983 1085 περιεπάςεινκερμάτιον
1009 1019 1191 1074 αὐτοῦ.
1691 1038 1744 1079 10

126 1104 209 1157 καὶ
238 1104 757 1170 κατακεκερματίςθαι
780 1104 868 1159 ἐπὶ
891 1105 987 1170 μὲν
1015 1105 1183 1168 λόγου
1208 1103 1464 1170 Πλάτων,
1484 1103 1576 1159 ἐπὶ
1601 1103 1660 1159 δὲ

130 1186 386 1253 ἀργυρίου
411 1188 797 1256 Ἀριςτοφάνης
822 1189 880 1244 ἐν
907 1189 1261 1244 Δαιταλεῦςιν

340 1272 463 1325 οὐδ’
492 1273 748 1340 ἀργύριον
776 1273 912 1328 ἔςτιν
937 1273 1421 1339 κεκερματιςμένον,

126 1356 211 1409 καὶ
240 1356 300 1411 ἐν
330 1358 442 1411 τοῖς
470 1357 634 1423 Εφηξὶ
1683 1371 1725 1406 89

525 1442 766 1507 δραχμὴν
790 1441 909 1506 μετ’
934 1441 1066 1507 ἐμοῦ
1092 1441 1280 1507 πρώην
1307 1441 1508 1507 λαβών,
1693 1445 1745 1486 15

338 1525 512 1580 ἐλθὼν
541 1523 948 1590 διεκερματίζετ’
973 1525 1033 1579 ἐν
1058 1526 1172 1578 τοῖς
1196 1523 1408 1590 ἰχθύςιν.

126 1608 185 1663 ἐν
215 1610 397 1676 μέντοι
423 1613 499 1678 τῷ
525 1608 870 1664 Αἰολοςίκωνι
896 1609 959 1663 τὸ
986 1609 1053 1675 μὴ
1083 1608 1223 1674 ἔχειν
1255 1609 1486 1674 κέρματα
1511 1608 1663 1674 ἀκερ-

126 1692 313 1758 ματίαν
353 1692 644 1759 ὠνόμαςεν.
694 1693 773 1748 ὡς
805 1694 862 1748 δ’
899 1693 988 1747 ἐπὶ
1020 1695 1132 1748 τῶν
1168 1693 1444 1759 κερμάτων
1481 1692 1531 1746 οἱ
1569 1693 1660 1759 ἀρ-

126 1778 270 1843 χαῖοι
295 1777 515 1831 Ἀττικοὶ
539 1778 719 1843 ἥκιςτα
743 1781 820 1848 τῷ
848 1778 1008 1846 ἑνικῷ
1032 1778 1305 1843 ἐχρῶντο,
1328 1776 1508 1831 οὕτως
1536 1776 1663 1831 οὐδ’

42 1870 46 1875 ·
128 1862 216 1914 ἐπὶ
243 1865 319 1931 τῷ
347 1861 582 1931 ἀργυρίῳ
608 1867 685 1932 τῷ
712 1863 1072 1931 πληθυντικῷ·
1102 1860 1426 1927 τάργύρια
1445 1860 1550 1927 γὰρ
1571 1860 1663 1916 ἐπὶ
1693 1867 1749 1909 20

127 1947 224 1999 τοῦ
249 1945 507 2012 ἀργυρίου
537 1946 773 2001 ςπανίως
799 1945 866 2001 ἄν
892 1963 969 2000 τις
994 1945 1143 2011 εὕροι
1166 1946 1300 2011 παρ’
1324 1945 1523 2010 αὐτοῖς,
1552 1944 1660 2008 ἐγὼ

128 2031 183 2083 δ’
214 2029 377 2097 εὗρον
410 2030 469 2086 ἐν
505 2033 621 2085 ταῖς
648 2032 838 2097 Νήςοις
862 2029 1306 2096 Ἀριςτοφάνους,
1344 2030 1389 2084 εἰ
1423 2030 1490 2095 μὴ
1527 2029 1661 2083 ὑπο-

127 2115 375 2169 πτεύεται
407 2115 470 2169 τὸ
507 2117 680 2181 δρᾶμα
715 2115 791 2168 ὡς
828 2113 1293 2184 [Ἀριςτοφάνους]
1324 2113 1392 2167 οὐ
1426 2114 1658 2179 γνήςιον.

130 2198 258 2251 ἀλλ’
285 2198 401 2253 οὔτι
422 2216 484 2263 γε
506 2201 593 2253 καὶ
617 2199 669 2253 οἱ
695 2199 926 2254 Κόλακες
952 2198 1266 2263 Εὐπόλιδος,
1293 2198 1352 2252 ἐν
1380 2198 1460 2252 οἷς
1486 2196 1604 2252 εἶπε
1679 2214 1721 2249 90

341 2287 606 2350 φοροῦςιν
635 2284 960 2350 άρπάζουςιν
986 2284 1045 2338 ἐκ
1071 2285 1173 2349 τῆς,
1189 2282 1354 2337 οἰκίας
1687 2301 1742 2343 25

340 2369 404 2420 τὸ
431 2368 672 2433 χρυςίον,
698 2368 953 2434 τάργύρια
978 2369 1266 2433 πορθεῖται.

130 2453 189 2506 ἐν
240 2452 299 2504 δὲ
340 2456 415 2520 τῷ
462 2453 754 2517 Τριφάλητι
797 2452 1176 2518 Ἀριςτοφάνης
1225 2451 1309 2503 καὶ
1353 2449 1659 2515 ἀργυρίδιον

131 2552 359 2601 ειρηκεν·

246 2735 284 2775 1.
318 2733 393 2774 καὶ
424 2732 499 2775 ἐπὶ
531 2735 588 2773 Di
703 2735 743 2775 5.
777 2731 851 2774 καὶ
882 2736 985 2786 post
1016 2730 1172 2784 ὥςπερ
1206 2731 1306 2773 add.
1339 2731 1398 2773 Di
1510 2733 1551 2773 7.
1585 2730 1662 2773 Φι-

134 2800 310 2845 λίππου
341 2805 400 2844 Di
516 2804 582 2846 11.
617 2801 700 2853 μὲν
730 2801 805 2844 ἐπὶ
838 2803 895 2843 Di
1012 2803 1078 2845 16.
1110 2798 1419 2856 διεκερμάτιζέ
1451 2799 1503 2853 μ’
1522 2800 1574 2843 ἐν
1607 2802 1663 2842 Di

135 2874 203 2916 19.
233 2871 342 2915 οὐδ’
374 2886 474 2927 ego,
505 2872 554 2913 δ’
586 2873 684 2914 cod.
717 2872 921 2914 Kuehnii
951 2872 1021 2925 Di,
1056 2884 1140 2917 om.
1169 2872 1240 2914 Be
1355 2874 1426 2915 23.
1461 2870 1661 2923 Ἀριςτο·

133 2940 312 2993 φάνους
345 2942 535 2984 seclusit
565 2942 632 2983 Be
