1946 3220
633 124 966 160 SCRIPTORES
998 125 1261 161 GRAECOS.
1649 125 1713 162 XI

187 240 376 288 iudicari
399 240 529 301 prius
555 239 753 300 poterit,
792 254 926 301 quam
953 240 1188 286 universae
1214 240 1317 287 illae
1343 240 1642 288 collectiones
1667 246 1712 288 in

186 312 334 374 lucem
363 310 569 372 prolatae
592 303 742 356 erunt]

293 385 363 427 28.
401 381 447 426 ln
472 379 670 427 Pollucis
694 380 796 427 loco
825 382 904 441 qui
932 388 1001 426 est
1027 377 1148 442 περὶ
1172 377 1379 441 μέτρων
1407 382 1595 428 Bekkeri
1620 397 1711 429 ma-

186 453 302 498 xime
326 451 570 498 editionem
597 458 780 498 secutus
807 465 906 496 sum
927 447 1051 512 (Be);
1078 452 1298 512 adscripsi
1326 459 1474 499 tamen
1497 452 1707 513 vulgatae

163 523 295 569 ‘olim
331 523 586 584 scripturae
622 536 647 567 a
682 520 910 567 Dindorfio
948 522 1093 568 editae
1118 522 1380 568 varietatem
1412 520 1522 583 (Di).
1549 548 1621 557 —
1661 523 1712 569 In

185 595 241 638 iis
266 592 472 639 versibus
511 593 590 653 qui
623 606 647 638 e
677 591 909 639 Strattidis
945 592 1096 639 sabula
1139 592 1315 638 Cinesia
1359 594 1558 640 citantur
1599 607 1712 640 non-

185 661 310 710 nulla
334 663 398 709 ita
423 658 640 724 corrupta
668 669 800 720 sunt,
827 669 880 709 ut
902 663 974 708 vix
997 663 1147 709 sanari
1171 677 1310 723 posse
1335 664 1583 711 videantur.
1620 664 1710 726 Ap·

184 740 315 794 paret
351 734 467 779 duos
500 734 620 779 inter
653 747 702 779 se
739 732 970 794 colloqui,
1007 733 1198 779 alterum
1231 733 1479 792 Boeotum,
1517 734 1711 781 alterum

183 804 414 850 hominem
438 818 492 850 ex
519 803 604 849 alia
631 803 837 862 civitate,
875 803 1195 850 Atheniensem
1221 810 1347 864 puto.
1400 804 1551 851 Prima
1575 805 1712 851 verba

185 881 292 920 sunt
325 874 615 920 Atheniensis
652 875 707 920 de
739 873 899 920 hordei
943 874 1094 934 pretio
1141 876 1427 934 quaerentis:
1463 875 1712 936 respondet

183 944 299 989 alter
327 939 556 1006 κόφινον
595 959 854 991 mensuram
887 944 1101 990 afferens:
1148 945 1269 1005 quod
1296 959 1396 992 cum
1424 944 1500 991 ille
1525 959 1618 991 non
1643 946 1711 991 in·

182 1013 396 1075 tellegat‚
441 1029 602 1061 rursus
634 1010 681 1063 τί
714 1011 886 1072 λέγεις
923 1017 1121 1076 quaerit:
1160 1023 1271 1061 tunc
1302 1016 1499 1062 Boeotus
1534 1011 1708 1079 μέτρῳ

181 1081 423 1145 ἐχρῶντο
460 1080 685 1151 κοφίνῳ.
734 1086 934 1146 Denique
969 1099 1020 1132 ea
1057 1099 1171 1146 quae
1205 1093 1462 1146 sequuntur
1493 1092 1711 1147 corrupta

180 1163 304 1202 sunt.
355 1156 566 1211 Forsitan
590 1158 637 1202 in
662 1157 822 1204 lacuna
848 1169 1010 1203 novem
1034 1157 1245 1203 decemve
1270 1157 1553 1215 litterarum,
1595 1171 1710 1217 quae

181 1234 287 1286 post
311 1222 344 1285 ἢ
372 1234 467 1285 est,
503 1227 684 1281 brevior
718 1228 935 1288 quaedam
969 1227 1273 1288 interrogatio
1304 1227 1491 1273 alterius
1526 1228 1710 1273 interci-

179 1297 327 1353 derit,
365 1297 419 1342 ad
447 1311 581 1358 quam
606 1313 765 1344 rursus
791 1298 1040 1358 respondet
1064 1298 1262 1343 Boeotus
1288 1296 1415 1345 τοῦτ
1431 1294 1444 1311 ²
1469 1292 1595 1346 αὖθ’
1621 1297 1709 1357 (vel

180 1361 306 1415 αὔθ’
333 1367 455 1427 quod
489 1381 542 1413 ex
577 1368 616 1412 A
644 1368 784 1414 edidit
814 1368 895 1430 Be)
932 1363 1014 1415 ὅτι
1048 1374 1159 1423 etc.;
1210 1368 1284 1414 hic
1321 1376 1470 1414 autem
1513 1375 1710 1414 metrum

183 1437 414 1484 turbatum
443 1437 513 1484 vel
544 1439 609 1485 sic
642 1438 825 1485 restitui
862 1452 1000 1499 posse
1034 1438 1235 1484 videtur:
1286 1433 1440 1486 οἴνου
1482 1434 1711 1499 κόφινος

180 1503 400 1557 δύναταί
431 1521 493 1567 γε
527 1506 666 1570 τρεῖς
699 1507 891 1569 πυρῶν
927 1504 1060 1570 χόα(
1084 1505 1167 1571 (γε
1195 1523 1266 1555 me
1303 1511 1443 1555 invito
1479 1509 1710 1556 intercidit
1758 1506 1763 1511 “

181 1579 227 1623 in
255 1579 407 1625 adnot.
434 1580 488 1627 ad
514 1594 559 1641 p.
588 1583 699 1638 206,
730 1579 824 1639 19);
859 1580 958 1638 vel,
989 1580 1027 1626 si
1055 1580 1100 1625 id
1125 1580 1340 1626 audacius
1367 1580 1596 1639 videatur,
1623 1580 1711 1626 hoc

180 1650 340 1695 modo:
384 1644 450 1698 οἴ.
485 1663 530 1697 κ.
562 1648 703 1711 τρεῖς
739 1646 1038 1711 δυνάμενος
1064 1663 1116 1698 π.
1142 1662 1214 1711 χ.;
1260 1665 1311 1697 ac
1350 1658 1446 1696 tum
1481 1652 1528 1695 in
1564 1651 1708 1696 altero

179 1734 313 1766 versu
342 1717 563 1769 δύναται
589 1724 808 1768 suaserim
835 1736 920 1783 pro
948 1716 1260 1781 δυνάμενος.

284 1792 353 1835 29.
395 1792 757 1838 Vetustissimam
794 1792 989 1839 tabulam
1018 1792 1072 1837 de
1099 1793 1325 1838 mensuris
1353 1806 1403 1837 ac
1430 1791 1710 1853 ponderibus

179 1860 529 1908 Montl'auconus
567 1863 614 1907 in
649 1862 877 1908 Analectis
916 1861 978 1922 (p.
1005 1861 1263 1920 393—395)
1307 1862 1446 1908 edidit
1483 1875 1508 1907 e
1554 1861 1730 1910 codice<

178 1931 384 1978 Parisino
414 1931 522 1978 olim
553 1934 688 1992 3284,
726 1947 860 1993 quem
900 1947 1011 1992 ego,
1051 1946 1153 1978 cum
1191 1939 1370 1993 tempus
1399 1932 1582 1978 deesset
1610 1933 1709 1977 eius

179 2004 356 2048 numeri
393 2016 483 2064 quo
525 2017 646 2049 nunc
676 2010 943 2049 numeratur
980 2003 1252 2062 quaerendi,
1303 2003 1453 2048 denuo
1498 2002 1710 2049 conferre

180 2087 271 2119 non
308 2073 455 2134 potui.
507 2072 595 2120 Sed
631 2073 809 2120 confido
845 2074 1238 2133 Moatrauconum‚
1272 2087 1388 2134 quae
1422 2073 1510 2119 fuit
1546 2074 1592 2118 in
1626 2072 1708 2118 illo

180 2157 288 2190 cura
315 2157 367 2191 ac
393 2142 662 2205 diligentia,
686 2145 780 2190 fere
808 2147 960 2191 omnia
985 2150 1193 2191 accurate
1216 2144 1426 2190 edidisse.
1470 2144 1710 2190 Praeterea

181 2222 330 2261 autem
357 2215 578 2261 nonnulla
604 2217 772 2272 inveni,
806 2230 922 2276 quae
947 2216 1213 2262 coniectura
1239 2214 1515 2261 emendanda
1540 2219 1708 2260 essent.

180 2284 236 2331 Ut
266 2285 295 2344 S
324 2288 346 2328 1
378 2279 726 2346 ἀπερίετικτοι
761 2288 926 2348 scripsi
956 2300 1040 2346 pro
1068 2281 1382 2346 περίετικτοι
1415 2285 1584 2332 collato
1625 2284 1708 2330 Ga·

180 2354 335 2401 leneae
373 2356 655 2403 collectionis
693 2372 789 2418 cap.
815 2357 876 2417 11,
901 2361 954 2415 4,
1006 2363 1192 2417 tumque
1238 2364 1391 2403 notam
1422 2372 1476 2400 =
1511 2355 1708 2401 restitui.

179 2425 347 2470 Ibidem
375 2426 613 2474 drachmae
641 2441 791 2474 veram
818 2435 973 2474 notam
1010 2431 1061 2484 <
1103 2429 1308 2474 revocavi
1342 2441 1396 2471 ex
1437 2424 1709 2472 auctoritate

181 2496 382 2542 eiusdem
419 2498 580 2558 capitis
614 2497 832 2544 Galeneae
869 2497 1155 2546 collectionis
1192 2497 1268 2555 (ΙΙ,
1305 2495 1365 2555 5).
1423 2498 1481 2542 De
1519 2495 1707 2555 reliquis

182 2581 297 2627 quae
323 2568 534 2613 mutanda
562 2568 745 2614 suerunt
769 2569 868 2615 vide
894 2569 1012 2629 prol.
1042 2569 1071 2626 3
1097 2571 1169 2613 41.
1196 2571 1267 2612 42.

287 2640 486 2683 30—50.
536 2637 683 2685 Locos
710 2651 734 2684 e
758 2638 914 2685 Galeni
938 2638 1067 2685 libris
1101 2645 1341 2698 excerptos
1369 2652 1392 2684 e
1419 2638 1708 2684 Charteriana

182 2707 382 2753 editione
420 2710 639 2770 repetivi,
679 2716 725 2754 et
760 2709 799 2753 si
833 2723 945 2769 quae
983 2710 1293 2769 discreparent
1330 2708 1448 2769 apud
1481 2707 1709 2754 Kiihnium

184 2778 407 2824 adnotavi.
446 2779 674 2825 Nonnulla
697 2779 873 2826 correxi
899 2779 1174 2826 coniectura.
1229 2779 1418 2824 Omnino
1444 2785 1594 2825 autem
1620 2777 1710 2822 vidi

184 2849 471 2895 vehementer
496 2850 742 2910 optandum
769 2863 887 2908 esse,
907 2857 958 2896 ut
985 2865 1118 2911 quam
1142 2850 1336 2911 primum
1358 2848 1512 2895 Galeni
1538 2849 1709 2907 scripta

183 2926 392 2966 accurate
423 2920 478 2966 ad
507 2920 729 2966 librorum
753 2921 1044 2981 antiquorum
1069 2920 1200 2967 fidem
1226 2921 1434 2966 edantur.
