1946 3220
298 137 404 191 252
701 151 1021 188 FRAGMENTA
1056 151 1126 184 DE
1163 150 1425 186 Mnnsnms
1725 132 1829 204 [77]
1857 0 1925 197 ἓ

408 263 456 314 4.
493 263 552 314 ‘O
579 261 637 313 δὲ
662 261 792 324 χοὺς
821 259 925 312 έςτι
961 258 1154 323 μέτρον
1188 260 1430 312 κοτυλῶν
1467 258 1720 314 Ἀττικῶν
1746 257 1828 324 ιβ’,
1869 226 1928 327 ‚js

306 349 514 412 ςταθμῷ
544 345 603 396 δὲ
630 344 664 411 <
691 341 846 407 Ἶιρκη’.

410 429 456 480 5.
496 428 554 480 Ἡ
602 428 662 480 δὲ
702 426 899 492 κοτύλη
945 426 1053 493 ἔχει
1101 427 1330 480 κυάθους
1366 423 1430 491 ς’,
1473 430 1684 496 ςταθμῷ
1714 425 1749 494 <
1774 424 1828 481 ξ’.

303 513 398 576 τὴν
426 512 483 563 δὲ
509 510 739 574 κοτύλην
777 510 828 563 οἱ
863 511 1083 564 Ἀττικοὶ
1107 511 1190 563 καὶ
1216 510 1464 577 τρυβλίον
1492 509 1828 575 ὀνομάζουςι.
1896 539 1902 552 η-

247 614 273 652 5
411 595 456 646 6.
493 595 568 647 Τὸ
611 594 891 661 ὀξύβαφον
931 595 1104 662 μέτρῳ
1149 595 1242 660 μὲν
1285 595 1511 660 κοτύλης
1553 595 1829 660 τέταρτον,

303 677 438 744 ὅπερ
466 679 601 732 έςτὶν
627 679 822 732 κύαθος
847 679 919 732 εἷς
945 679 1123 744 ἥμιςυ,
1151 683 1358 747 ςταθμῷ
1385 680 1444 732 δὲ
1469 677 1539 732 ιε’.

409 763 454 815 7
491 763 551 816 ‘O
578 763 773 816 κύαθος
800 764 936 816 ἐςτὶν
963 763 997 831 <
1024 758 1067 815 ι’.

411 846 456 898 8.
494 847 552 900 Ἡ
581 848 640 900 δὲ
665 847 799 912 χύμη
828 848 964 901 έςτὶν
991 847 1193 900 κυάθου
1219 847 1473 912 τέταρτον
1499 846 1534 915 <
1562 845 1606 912 β
1629 855 1675 898 5.

407 930 452 983 9.
492 931 567 984 Τὸ
593 931 727 995 μέγα
758 932 987 997 μύςτρον
1014 932 1238 997 κοτύλης
1273 932 1408 984 έςτὶν
1446 929 1830 984 ὀκτωκαιδέκα-

220 1033 274 1074 10
303 1030 426 1079 τον,
464 1014 579 1077 ἄγει
612 1016 671 1067 δὲ
696 1016 731 1083 <
754 1010 801 1078 γ’
824 1017 1035 1081 γράμμα
1071 1013 1132 1067 α’.
1181 1016 1244 1068 τὸ
1281 1017 1339 1069 δὲ
1376 1015 1561 1080 μικρὸν
1603 1014 1830 1079 κοτύλης

304 1098 539 1152 εἰκοςτόν
565 1099 821 1164 τέταρτον
847 1100 961 1163 ἄγει
986 1100 1020 1168 <
1049 1095 1092 1166 β’
1106 1109 1152 1151 5.

378 1183 457 1235 10.
497 1183 572 1237 Τὸ
599 1184 657 1236 δὲ
682 1183 1016 1237 δικαιότατον
1046 1184 1277 1249 μύςτρον
1306 1183 1584 1248 γράμματα
1611 1182 1718 1247 ἔχει
1741 1177 1802 1247 η’.

377 1267 455 1318 11.
496 1267 572 1320 Τὸ
602 1268 661 1320 δὲ
686 1269 994 1333 κοχλιάριον
1020 1268 1298 1333 γράμματα
1324 1266 1431 1333 ἔχει
1455 1266 1516 1330 γ’.

377 1351 456 1403 12.
495 1352 606 1404 Τοῦ
634 1353 899 1416 βαςιλικοῦ
920 1351 1105 1416 καρίου
1129 1352 1191 1405 τὸ
1218 1352 1440 1417 μέγεθος
1459 1351 1493 1419 <
1509 1350 1624 1413 ἄγει
1647 1349 1707 1414 ζ’,
1732 1351 1831 1403 τοῦ

223 1452 275 1492 15
305 1435 364 1487 δὲ
388 1434 660 1488 Ποντικοῦ
685 1435 719 1503 <
744 1435 815 1487 α’·
855 1436 918 1488 τὸ
959 1437 1018 1488 δὲ
1052 1439 1144 1500 τῆς
1182 1435 1417 1501 βαλάνου
1443 1435 1477 1502 <
1504 1433 1552 1487 α’
1573 1444 1628 1487 Ξ·
1671 1434 1736 1488 τὸ
1772 1434 1833 1487 δὲ

303 1521 401 1570 τοῦ
426 1518 777 1581 Αἰγυπτιακοῦ
801 1519 1004 1584 κυάμου
1032 1519 1139 1585 ἔχει
1165 1518 1367 1584 ὀβολὸν
1394 1519 1476 1571 καὶ
1501 1529 1556 1571 Ξ·
1582 1521 1678 1572 τοῦ
1707 1518 1832 1583 ὀρό-

306 1605 403 1667 βου
429 1605 661 1668 χαλκοῦς
694 1599 750 1667 β’.

616 1784 697 1836 77.
746 1785 879 1849 Περὶ
907 1785 1115 1849 μέτρων
1146 1786 1230 1837 καὶ
1262 1790 1519 1850 ςταθμῶν.

415 1897 458 1947 1,.
501 1895 886 1961 Κονδράντης’
865 1897 1000 1951 εςτὶν
1028 1896 1090 1950 τὸ
1118 1893 1178 1950 δ”
1199 1900 1293 1962 τῆς
1318 1896 1549 1960 οὐγγίας.

221 1997 275 2037 20
411 1979 459 2031 2.
496 1979 717 2046 Ἀρτάβη
749 1980 885 2034 έςτὶν
919 1981 965 2030 λ
990 1979 1083 2047 οβ’.

411 2062 459 2114 3.
494 2062 742 2128 ÷Me3mov
770 2065 1048 2130 ςεμιδάλην
1075 2068 1271 2119 ποιοῦν
1298 2066 1535 2130 νεφέλην
1564 2066 1594 2114 λ
1619 2058 1675 2116 τ’.

410 2146 459 2198 4.
500 2147 769 2212 Καμψάκις
802 2149 938 2203 έςτὶν
971 2143 1018 2199 λ’
1041 2148 1117 2202 κδ’
1141 2149 1318 2203 ξέςτας
1344 2146 1421 2214 ιβ.

410 2230 458 2283 5.
497 2231 575 2284 Τὰ
610 2225 655 2282 λ’
681 2231 906 2297 ἀργύρια
941 2232 1232 2299 νομῖςματα
1259 2231 1315 2285 τ’.
1363 2232 1425 2285 τὸ
1456 2231 1709 2298 ἀργύριον
1737 2247 1830 2285 νο-

304 2315 526 2380 μίςματα
568 2310 599 2366 ι’
626 2313 671 2364 λ’
697 2314 744 2367 δ’
767 2318 806 2370 Γ
835 2315 892 2381 β’.

222 2414 276 2454 25
412 2398 459 2450 6.
497 2366 705 2460 (άταγ’
728 2400 900 2464 μόδιοι
924 2400 984 2462 γ.

414 2482 459 2533 7.
498 2483 573 2536 Τὸ
600 2483 853 2548 δηνάριον
881 2484 1180 2550 γραμμάρια
1205 2483 1264 2536 δ’.

425 2652 462 2690 1.
499 2653 683 2702 μετρῶν
714 2651 932 2694 κοτύλων
965 2654 1064 2697 eod.
1210 2655 1248 2697 2.
1281 2646 1403 2705 ρκη’]
1436 2652 1542 2706 lege
1571 2645 1652 2703 ψκ’
1786 2653 1826 2693 6.

311 2721 418 2758 ante
452 2711 504 2759 ιε’
536 2720 652 2760 adde
683 2719 712 2773 <
833 2725 901 2764 15.
931 2722 961 2776 <
986 2717 1027 2764 α’
1047 2721 1095 2776 5]
1128 2723 1333 2776 δραχμῆς
1362 2721 1497 2773 ἥμιςυ
1528 2722 1584 2762 fr.
1617 2723 1751 2774 65,17

421 2787 491 2829 21.
524 2786 711 2839 Μέτρον
742 2795 832 2834 etc.
865 2796 1101 2847 corrupta3
1132 2793 1239 2835 vide
1271 2792 1325 2834 fr.
1343 2793 1412 2842 80,
1435 2794 1476 2843 3,
1498 2794 1525 2832 4
1638 2793 1706 2834 22.
1738 2785 1824 2844 κδ’]

309 2848 379 2896 κα’
413 2855 509 2897 eod.
673 2861 742 2899 24.
774 2854 820 2912 ι’]
859 2861 886 2902 Γ
916 2876 1017 2903 cum
1048 2875 1272 2916 suprascr.
1304 2878 1362 2897 ω
1393 2861 1491 2902 cod.
1527 2860 1665 2912 (conf.
1697 2860 1754 2900 ad
1783 2874 1826 2914 p.

308 2925 390 2965 247
420 2937 464 2966 v.
500 2923 595 2977 10);
629 2929 799 2971 emend.
834 2930 1064 2973 Salmasius
1093 2932 1196 2974 Ref.
1228 2945 1272 2985 p.
1304 2932 1358 2973 38
