1946 3220
577 143 910 179 SCRIPTORES
940 143 1204 179 GRAECOS.
1520 140 1671 179 XXIII

141 260 334 321 denique
365 257 628 306 Vincentius
658 272 710 304 ex
739 258 917 305 schedis
942 257 1261 304 Letronnianis
1286 257 1447 317 (Beck.
1463 260 1579 319 p.50
1601 257 1669 318 s.).

139 331 236 392 Ego
277 344 387 376 usus
424 343 522 375 sum
558 328 697 375 Paris.
725 332 836 373 2475
864 327 913 388 (P
926 323 964 388 Β)
998 335 1043 375 et
1075 328 1331 376 Monacensi
1367 332 1449 374 165
1481 327 1569 391 (M).
1623 329 1672 374 In

140 401 212 447 his
239 401 367 447 libris
401 399 590 461 perinde
620 407 756 459 atque
790 400 834 445 in
862 399 1161 446 Ambrosiano
1191 399 1237 445 id
1267 400 1571 460 fragmentum
1606 406 1671 445 ta-

138 470 269 518 bulas
297 470 574 517 Heronianas
602 471 810 531 sequitur
840 471 928 516 hoc
954 471 1137 516 ordine:
1171 473 1209 515 1.
1237 470 1391 517 tabula
1416 471 1671 517 Heroniana

138 543 184 601 1,
222 546 263 586 2.
291 540 443 588 tabula
483 541 739 587 Heroniana
774 541 835 599 11,
879 543 918 586 3.
944 536 1079 600 Περὶ
1113 536 1423 601 ταλάντων.
1469 545 1511 586 4.
1536 536 1672 601 Περὶ

137 608 347 674 μέτρων
372 611 446 671 (fr.
475 610 562 670 81).
612 611 691 657 His
717 611 957 658 subiuncta
984 618 1091 658 sunt
1117 612 1162 656 in
1188 611 1493 659 Ambrosiano
1522 619 1566 658 et
1590 611 1673 657 Pa-

138 685 282 730 risino
321 683 440 728 varia
485 681 766 743 problemata
809 681 1091 739 Heroniana‚
1140 682 1185 727 in
1220 681 1476 729 Monacensi
1520 690 1672 729 autem

137 755 236 815 ipse
260 753 431 815 Didymi
459 752 640 799 libellus
668 753 745 814 qui
782 754 828 798 in
865 752 1053 813 reliquis
1080 751 1311 799 codicibus
1339 760 1442 799 ante
1470 752 1670 799 tabulam

137 825 439 871 Heronianam
466 823 482 868 1
510 825 752 869 invenitur.
812 822 940 869 Alios
974 822 1117 869 libros
1151 836 1286 869 manu
1316 826 1512 885 scriptos
1541 823 1672 870 affert

135 894 355 942 Martinus
380 910 426 956 p.
455 896 554 938 212.
602 894 803 955 Denique
841 894 995 941 codice
1037 894 1213 940 diverso
1258 894 1312 940 ab
1351 895 1422 940 his
1461 894 1670 941 omnibus

138 979 248 1012 usus
285 972 355 1011 est
392 964 637 1011 Salmasius
677 963 732 1024 (v.
760 964 789 1023 S
816 966 873 1010 99
908 965 1009 1011 adn.
1038 964 1097 1024 2).
1156 989 1210 997 ——
1258 965 1498 1026 Inscriptio
1537 959 1672 1025 Περὶ

136 1030 417 1085 ταλάντων
454 1035 647 1082 Martino
683 1042 799 1081 teste
838 1035 1008 1096 legitur
1052 1037 1186 1082 etiam
1223 1035 1269 1081 in
1301 1036 1443 1082 Paris.
1481 1039 1588 1081 2351
1627 1041 1673 1081 et

138 1109 275 1165 1642,
313 1106 453 1153 altera
486 1101 620 1167 Περὶ
647 1101 857 1172 μέτρων
894 1101 978 1154 καὶ
1014 1105 1257 1167 εταθμῶν
1297 1100 1588 1167 ὀνομαεὶαε
1623 1107 1670 1151 in

138 1177 241 1225 cod.
264 1179 343 1222 387
373 1176 524 1238 suppl,
545 1201 606 1211 --
625 1177 692 1223 Ad
721 1177 750 1235 §
777 1181 805 1220 4
831 1177 1034 1238 Scaliger
1059 1180 1175 1238 p.20
1202 1177 1410 1223 adnotat:
1437 1173 1670 1239 χρυεοῦν

135 1243 402 1297 τάλαντον
431 1248 583 1305 dixit,
613 1248 741 1307 quod
764 1246 963 1308 χρυεοῦ
992 1249 1253 1294 dicendum
1281 1256 1401 1294 erat.
1456 1243 1672 1310 χρύεεια

137 1313 375 1367 τάλαντα
398 1325 510 1364 sunt
530 1319 696 1364 lances
710 1319 1047 1378 ponderariae
1066 1327 1155 1366 aut
1169 1319 1298 1366 libra
1317 1326 1669 1376 momentanea,

136 1385 335 1450 χρυεοῦ
372 1384 606 1438 τάλαντα
635 1396 703 1434 εει
730 1385 967 1450 νόμισμα.
994 1414 1063 1422 -
1103 1389 1133 1448 S
1159 1393 1186 1434 8
1212 1403 1431 1436 numerus
1456 1383 1621 1455 ‘oovss'
1647 1403 1672 1434 a

137 1459 358 1507 Salmasio
389 1460 482 1507 sive
509 1459 773 1507 coniectura
799 1460 891 1506 sive
918 1475 942 1507 e
966 1461 1123 1508 codice
1159 1460 1308 1507 editus
1347 1460 1673 1522 comprobatur

135 1537 180 1577 et
207 1530 327 1577 Calvi
352 1533 558 1578 versione
585 1530 868 1593 et‘Hesychii
893 1531 1048 1592 glossa
1072 1526 1354 1581 Τάλαντον
1384 1528 1673 1594 (quamquam

135 1601 248 1648 haec
279 1601 400 1648 inter
432 1615 480 1648 se
507 1603 807 1664 comparanda
836 1615 937 1648 esse
966 1608 1104 1664 negat
1127 1602 1379 1650 Boeckhius
1406 1618 1453 1663 p.
1481 1602 1598 1661 297).

244 1673 314 1717 96.
363 1672 686 1734 Fragmentum
733 1673 910 1719 Maximi
956 1680 1061 1720 ante
1108 1687 1179 1720 me
1225 1673 1366 1720 edidit
1405 1673 1671 1734 Le-Moyne

134 1758 179 1804 p.
207 1744 292 1788 497
319 1757 343 1789 e
370 1743 526 1790 codice
549 1743 693 1790 Paris.
720 1747 846 1790 1630.
898 1739 1038 1801 Quem
1071 1759 1174 1791 cum
1206 1745 1355 1791 denuo
1395 1745 1670 1803 conferrem,

136 1814 182 1859 id
207 1813 514 1874 fragmentum
538 1814 719 1861 duobus
745 1815 861 1861 locis
886 1815 1061 1875 inveni⁷
1086 1816 1287 1876 primum
1312 1815 1391 1862 fol.
1421 1809 1544 1874 114¹’‚
1572 1820 1671 1860 tum

137 1881 215 1930 sol.
243 1878 363 1928 194¹).
415 1883 671 1945 significavi
699 1885 892 1932 alterum
918 1884 1070 1933 locum
1094 1893 1203 1933 nota
1228 1887 1291 1945 A,
1324 1886 1517 1932 alterum
1541 1885 1587 1931 B.

242 1957 468 2001 97—-101,
509 1955 617 2001 Vide
642 1955 761 2017 prol.
786 1956 817 2016 S
844 1959 941 2001 101.
975 1959 1072 2002 102.

242 2027 496 2071 102—107.
536 2027 670 2087 Apud
704 2027 1165 2088 lexicographos
1209 2027 1405 2074 Graecos
1447 2041 1548 2073 cum
1585 2026 1672 2072 alia

135 2097 286 2143 inveni
320 2095 574 2158 permulta,
610 2111 725 2159 quae
760 2100 910 2144 minus
946 2105 1071 2144 recte
1098 2098 1218 2144 edita
1245 2104 1425 2155 essent,
1465 2105 1562 2144 tum
1587 2111 1671 2143 nu-

135 2180 285 2214 meros
321 2167 569 2214 nonnullos
602 2167 736 2215 foede
772 2175 1017 2230 corruptos
1054 2178 1179 2216 certa
1213 2169 1281 2215 via
1315 2183 1366 2215 ac
1390 2168 1570 2215 ratione
1596 2181 1671 2214 sa-

136 2239 252 2284 navi.
311 2235 440 2292 Quod
480 2253 613 2300 quam
653 2239 776 2286 facili
813 2253 951 2300 opera
995 2240 1266 2300 plerumque
1305 2238 1404 2286 fieri
1446 2239 1668 2300 potuerit,

135 2308 378 2355 dummodo
402 2316 538 2356 notae
564 2324 616 2357 ac
640 2311 772 2372 signa
797 2325 1091 2357 numerorum
1115 2317 1240 2357 recte
1268 2316 1313 2357 et
1343 2309 1672 2370 intellegantur

137 2385 182 2425 et
213 2378 537 2437 adhibeantur,
577 2395 678 2428 cum
713 2380 811 2427 aliis
851 2395 904 2427 ex
939 2381 1053 2428 locis
1093 2388 1190 2428 tum
1227 2394 1279 2426 ex
1320 2380 1483 2427 Suidae
1515 2379 1671 2439 glossa

135 2444 370 2508 πλέθρον
406 2449 512 2496 licet
547 2452 825 2512 perspicere.
888 2451 971 2497 Ubi
1011 2465 1103 2497 non
1139 2452 1289 2497 solum
1327 2458 1481 2497 notam
1521 2449 1669 2496 bessis

136 2520 343 2578 restitui,
382 2520 460 2566 sed
496 2522 630 2567 etiam
667 2535 929 2582 perversum
961 2522 1073 2568 illud
1109 2516 1279 2569 πόδα(
1306 2515 1385 2581 λη’
1408 2519 1595 2567 distraxi
1621 2521 1670 2565 in

136 2584 309 2640 πόδα(
349 2592 410 2650 ἂ,
447 2591 490 2637 h.
529 2604 565 2637 e.
605 2586 848 2651 μυρίους,
891 2599 1029 2653 atque
1054 2588 1087 2651 ἢ
1120 2590 1304 2653 praefixi
1339 2591 1589 2638 sententiae
1627 2590 1669 2637 ei

58 2689 62 2693 -
140 2675 255 2723 quae
302 2663 510 2723 sequitur
552 2661 686 2726 (conf.
722 2662 840 2724 prol.
876 2662 906 2722 S
944 2665 1028 2708 106
1059 2663 1206 2722 extr.).
1273 2662 1511 2710 Praeterea
1557 2661 1670 2708 haec

139 2733 531 2779 commemoranda
557 2734 781 2780 videntur.
834 2733 967 2795 Apud
998 2732 1342 2795 Hesychium
1378 2736 1423 2779 in
1453 2745 1562 2779 voce
1590 2725 1668 2792 μί-

138 2799 255 2852 λιον
305 2803 456 2865 recepi
506 2805 868 2851 emendationem
911 2804 1071 2850 ldeleri
1119 2804 1376 2863 (Abkandl.
1412 2806 1458 2849 d.
1486 2803 1666 2848 Berlin.

138 2873 295 2920 Alsad.
341 2875 463 2920 Hz'st.
494 2875 562 2920 Οἱ.
589 2878 829 2920 1812-13
868 2890 912 2936 p.
954 2873 1078 2932 192);
1130 2876 1243 2921 addo
1285 2882 1435 2921 autem
1480 2876 1524 2919 in
1571 2876 1669 2934 ipsa

138 2943 284 2991 forma
324 2940 546 2997 ὑποδῶν
582 2945 724 2994 latere
750 2950 781 2994 5
807 2942 1023 3004 ποδῶνς
1068 2960 1172 2993 nam
1216 2954 1324 2993 nota
1374 2945 1577 2996 semissis
1621 2944 1668 2989 in
