1946 3220
330 139 399 194 70
865 159 1250 196 PRoLEGoMENA
1275 161 1330 193 m

330 273 418 318 vini
446 273 645 334 pondere
679 276 817 323 scribi
853 287 1038 321 necesse
1072 271 1190 332 sit³).
1242 273 1315 320 Sic
1348 274 1491 334 igitur
1522 274 1632 320 haec
1658 273 1778 320 inter
1800 288 1848 321 se
1919 262 1946 318 ᾗ

331 349 436 389 sunt
469 347 789 404 comparanda:
818 344 1011 391 habebat
1914 335 1946 391 5³¹

470 414 617 459 Attica
645 415 795 477 cotyla
820 416 907 461 olei
933 416 1088 461 uncias
1110 414 1181 471 IX,
1203 414 1290 460 vini
1309 414 1346 459 X
1367 413 1477 473 (Gal.
1500 429 1598 475 cap.
1620 414 1757 472 1v‚14
1776 411 1849 478 al.)

471 483 770 532 Alexandrina
797 485 886 532 olei
910 486 1065 532 uncias
1093 485 1197 543 VIII,
1223 486 1314 531 vini
1339 485 1408 530 IX.

330 555 433 600 Fuit
457 556 598 612 igitur
631 557 780 618 cotyla
807 571 896 617 qua
921 557 1082 603 medici
1105 555 1396 602 Alexandrini
1421 557 1489 603 uti
1515 555 1749 615 solebant,
1786 555 1853 602 vel

330 638 449 670 nona
473 623 542 670 vel
573 623 743 673 decima
766 634 894 688 parte
919 627 1068 672 minor
1094 640 1227 687 quam
1254 626 1424 682 Attica3
1461 642 1544 674 nec
1572 635 1721 673 tamen
1747 641 1854 688 pro-

330 695 427 755 prie
463 708 559 741 eam
596 695 816 744 diversam
859 698 1001 743 fuisse
1035 697 1089 743 ab
1122 698 1271 743 Attica
1306 697 1622 755 indicaverim,
1658 697 1736 743 sed
1771 711 1854 758 per

329 764 546 823 abusum,
574 774 627 814 ut
651 770 792 827 aiunt,
819 769 1001 815 modum
1029 768 1128 814 eius
1155 767 1356 828 paullum
1383 764 1670 815 imminutum
1694 781 1809 813 esse.

435 836 494 882 De
541 838 663 884 mina
707 839 1006 885 Alexandrina
1043 835 1100 899 (6)
1143 839 1253 899 quid
1296 839 1584 886 iudicandum
1633 840 1694 884 sit
1737 838 1856 884 infra

331 902 484 966 aptior
509 907 760 955 disserendi
789 912 876 956 erit
901 910 1030 956 locus
1058 907 1104 968 (S
1131 908 1221 968 66).

434 976 696 1038 Sequuntur
738 981 896 1027 deinde
944 988 989 1026 et
1024 982 1116 1026 sevi
1157 986 1203 1025 et
1242 982 1356 1041 picis
1396 987 1440 1026 et
1479 974 1726 1040 ἐρυείμου
1741 974 1775 1039 4)
1811 981 1856 1025 in

330 1047 526 1107 cotylam
553 1050 807 1096 infusorum
839 1044 1069 1112 pondera(
1109 1051 1191 1097 Hic
1218 1066 1303 1111 pro
1331 1048 1496 1110 μνᾶν,
1539 1051 1662 1111 quod
1696 1050 1858 1097 absur-

331 1117 437 1163 dum
472 1125 569 1178 est,
607 1123 771 1181 scripsi
810 1117 1000 1181 ἡμίναν
1035 1136 1269 1182 porroque
1305 1137 1388 1182 pro
1431 1116 1591 1169 ὁλκὰς
1617 1113 1681 1181 ιβ’
1708 1133 1857 1166 emen-

333 1188 431 1234 davi
460 1180 551 1251 oss'.
606 1192 779 1238 Dicitur
804 1194 946 1252 igitur
974 1192 1126 1252 cotyla
1157 1192 1323 1238 habere

743 1265 835 1308 sevi
864 1263 1023 1322 liquidi
1048 1263 1283 1309 drachmas
1315 1267 1368 1306 72

741 1335 834 1379 sevi
863 1333 997 1379 solidi
1143 1359 1202 1365 -
1313 1336 1368 1376 75

743 1406 858 1464 picis
1141 1430 1211 1437 --
1315 1406 1370 1447 80

743 1469 986 1533 ἐρυείμου
1013 1473 1150 1520 libras
1341 1478 1381 1518 4.

659 1627 723 1666 De
753 1631 947 1666 est-trema
978 1627 1161 1666 eiusdem
1192 1625 1358 1666 tabulae
1388 1631 1530 1678 parte.

248 1709 310 1759 43
344 1705 393 1745 ’ἶ
450 1712 560 1758 Tum
606 1715 759 1774 congii
794 1715 931 1759 Attici
968 1721 1013 1758 et
1047 1727 1259 1759 mensura
1296 1720 1340 1758 et
1378 1713 1557 1774 pondus
1600 1713 1671 1757 his
1710 1710 1862 1760 vverbis

336 1781 612 1847 definiuntur
643 1783 726 1844 (8):
767 1778 798 1831 ὁ
824 1780 883 1830 δὲ
907 1781 1039 1843 χοῦς
1065 1779 1168 1831 {cn
1193 1779 1386 1843 μέτρον
1413 1777 1674 1839 Ἀττικόν,
1710 1776 1862 1828 κοτύ-

335 1850 421 1900 λαι
461 1849 679 1901 Ἀττικαὶ
715 1844 791 1915 ιβ’.
844 1852 1071 1914 εταθμοῦ
1109 1851 1167 1902 δὲ
1202 1848 1316 1911 ἄγει
1359 1849 1520 1901 ὁλκὰς
1564 1843 1666 1912 ψκ’,
1733 1852 1863 1898 Redit

336 1923 448 1969 haec
474 1925 689 1984 ponderis
724 1926 976 1970 aestimatio
1007 1925 1061 1970 ad
1087 1925 1284 1985 cotylam
1311 1925 1506 1970 Atticam
1531 1923 1603 1969 LX
1633 1923 1863 1969 drachma-

337 2007 464 2051 rum,
503 2009 634 2054 quam
662 1995 855 2041 Galenus
891 2002 1215 2041 commemorat
1242 1994 1290 2053 (S
1318 1994 1415 2053 45),
1454 1995 1701 2054 eademque
1735 2006 1865 2052 repe-

338 2063 458 2108 ritur
483 2066 528 2109 in
555 2064 774 2111 Galeneae
808 2065 1092 2112 collectionis
1119 2064 1272 2111 tabula
1302 2071 1491 2125 quarta„
1531 2066 1689 2125 quinta
1719 2062 1867 2121 (Cleo-

337 2133 567 2194 patram),
618 2135 790 2182 decima
811 2132 857 2195 ¹).
936 2134 1057 2190 Quae
1091 2136 1292 2195 pondera
1332 2143 1376 2181 et
1414 2149 1500 2195 ego
1548 2137 1774 2194 quondam
1811 2133 1864 2179 ad

337 2207 695 2250 vetustissimum
737 2207 1042 2252 Romanorum
1086 2207 1318 2252 denarium
1356 2205 1594 2251 referenda
1641 2218 1740 2250 esse
1788 2203 1863 2248 diu

339 2276 615 2334 existimavi,
650 2283 694 2321 et
728 2290 897 2336 nuper7
935 2290 1035 2322 cum
1073 2278 1171 2336 ipse
1198 2278 1475 2336 gravissimis
1504 2276 1784 2335 argumentis
1812 2274 1865 2319 ad

339 2345 557 2392 diversam
585 2349 806 2393 rationem
834 2346 1051 2393 deductus
1079 2360 1252 2404 essem,
1289 2338 1558 2403 Chi-istium,
1591 2347 1735 2391 virum
1760 2344 1864 2390 sub-

356 2513 386 2542 .
455 2526 497 2575 3)
529 2527 738 2567 Litterae
771 2526 1030 2567 numerales
1061 2538 1088 2578 η
1123 2531 1168 2566 et
1199 2538 1224 2566 κ
1256 2527 1304 2566 in
1327 2525 1599 2578 quibusdam
1631 2523 1866 2564 codicibus

345 2582 614 2632 saepissime
646 2584 764 2623 inter
795 2595 845 2623 se
877 2588 982 2623 sunt
1003 2586 1335 2632 commutatae3
1370 2583 1479 2634 quin
1510 2582 1650 2621 etiam
1682 2579 1867 2620 fuerunt

344 2634 525 2675 librarii
557 2639 632 2689 qui
665 2642 930 2679 constanter
961 2639 1146 2680 easdem
1177 2652 1268 2679 una
1299 2642 1478 2679 tantum
1509 2641 1619 2677 nota
1650 2636 1865 2689 designa.-

349 2696 462 2731 rent.

460 2747 504 2798 4)
551 2745 784 2799 Ἐρύειμον
826 2755 894 2791 est
930 2751 1090 2804 planta
1137 2751 1360 2804 quaedam
1399 2750 1632 2802 descripta
1664 2761 1691 2788 a
1721 2748 1867 2787 Theo·

350 2803 535 2855 phrasto
568 2803 693 2855 (hist.
724 2805 784 2857 pl.
816 2807 856 2857 8,
889 2810 927 2858 3,
965 2811 1086 2848 1-3.
1118 2808 1158 2858 8,
1193 2810 1232 2859 7,
1266 2807 1323 2857 3).
1386 2806 1666 2858 Saepissime
1707 2804 1867 2844 eadem

351 2860 472 2911 apud
502 2860 704 2900 medicos
737 2864 955 2902 occurrit:
988 2864 1092 2904 vide
1115 2865 1333 2917 Hippocr.
1357 2862 1593 2915 (spurium)
1625 2860 1714 2902 vol.
1737 2859 1870 2899 XXII

350 2929 393 2968 p.
416 2917 510 2956 675.
543 2918 636 2958 720.
670 2918 765 2958 721.
795 2918 876 2958 856
910 2919 986 2969 al.‚
1020 2919 1182 2962 Galen.
1203 2919 1293 2961 vol.
1317 2919 1381 2959 VI
1410 2932 1453 2972 p.
1477 2919 1559 2959 548
1581 2916 1672 2971 (ed.
1695 2915 1865 2964 Kiihn).

468 2971 506 3023 1)
539 2972 592 3012 V.
625 2973 746 3012 iufra
777 2972 800 3021 ξ
830 2975 885 3014 45
917 2975 1017 3014 adn.
1054 2978 1092 3015 7.
