1946 3220
302 157 405 210 292
910 166 1230 203 FRAGMENTA
1730 147 1859 217 [92]
1898 147 1934 209 ,ἰ

1389 276 1549 339 κᾶρυξ
1576 273 1672 328 ἰών

447 364 601 418 εὐθὺς
629 360 765 424 πρίω
793 375 879 425 μοι
903 358 1030 412 δέκα
1060 358 1246 426 νόμων
1274 359 1473 425 μόςχον
1499 358 1691 412 καλάν·

305 451 387 503 καὶ
413 446 771 513 Ἀριςτοτέλης
804 445 862 498 ἐν
900 447 962 513 τῇ
999 443 1345 509 Ταραντίνων
1384 443 1832 510 πολιτείᾳ-καλεῖ-

304 533 416 586 ςθαί
442 548 568 597 φηςι
592 530 815 595 νόμιςμα
838 530 972 594 παρ’
993 528 1174 582 αὐτοῖς
1199 531 1458 594 νοῦμμον,
1485 528 1581 594 ἐφ’
1602 527 1666 581 οὗ
1691 527 1833 582 ἐντε-

248 628 273 666 5
304 619 571 670 τυπῶςθαι
597 614 845 680 Τάραντα
870 614 967 668 τὸν
993 614 1338 667 Ποςειδῶνος
1364 614 1576 678 δελφῖνι
1601 612 1832 676 ἐποχού-

303 716 480 766 μενον.
558 700 642 752 καὶ
686 700 786 764 μὴν
831 699 889 752 ἐν
927 696 1351 763 Ἀκραγαντίνων
1396 696 1635 764 πολιτείᾳ
1676 696 1833 762 φηςὶν
1906 737 1910 739 -

303 784 660 849 Ἀριςτοτέλης
709 782 1011 848 Ζημιοῦςθαί
1059 799 1206 836 τινας
1256 781 1540 848 τριάκοντα
1588 780 1833 846 λίτρας,
1904 791 1915 798 ·’

303 868 555 922 δύναςθαι
600 869 659 920 δὲ
708 869 805 932 τὴν
854 867 1035 932 λίτραν
1086 867 1287 932 ὀβολὸν
1337 865 1619 928 Αἰγιναῖον.
1697 864 1835 918 ἀλλὰ
1913 890 1918 893 -

304 954 484 1018 μέντοι
525 953 660 1017 παρ’
695 952 840 1021 αὐτῷ
881 969 956 1005 τις
994 952 1059 1005 ἂν
1095 952 1154 1006 ἐν
1192 956 1254 1020 τῇ
1293 951 1558 1016 Ἱμεραίων
1596 949 1837 1017 πολιτείᾳ

224 1047 275 1086 10
305 1038 388 1090 καὶ
413 1038 549 1090 ἄλλα
576 1036 724 1102 εὕροι
749 1037 1027 1090 (ικελικῶν
1059 1035 1396 1101 νομιςμάτων
1423 1034 1687 1099 ὀνόματα,
1715 1033 1835 1087 οἷον
1909 1097 1915 1113 1

242 1141 279 1173 81
307 1121 551 1185 οὐγκίαν,
607 1120 741 1185 ὅπερ
786 1121 1005 1174 δύναται
1051 1121 1287 1184 χαλκοῦν
1332 1119 1454 1182 ἕνα,
1503 1119 1587 1171 καὶ
1629 1118 1835 1182 ἑξᾶντα,
1915 1134 1918 1162 ῑ

305 1205 440 1270 ὅπερ
473 1206 575 1257 ἐςτὶ
612 1205 711 1256 δύο
739 1206 957 1269 χαλκοῖ,
992 1204 1075 1256 καὶ
1100 1205 1341 1269 τριᾶντα,
1379 1202 1514 1268 ὅπερ
1550 1204 1717 1267 τρεῖς,
1752 1202 1837 1254 καὶ

303 1289 573 1353 ἡμίλιτρον
591 1331 603 1352 ,
633 1288 767 1354 ὅπερ
797 1289 849 1343 ἕξ
867 1331 879 1353 ,
906 1289 989 1341 καὶ
1015 1289 1227 1353 λίτραν,
1252 1288 1320 1352 ἣν
1348 1286 1485 1341 εἶναι
1511 1286 1737 1353 ὀβολόν·
1772 1286 1834 1339 τὸ

304 1373 484 1437 μέντοι
509 1373 817 1437 δεκάλιτρον
844 1373 1095 1427 δύναςθαι
1120 1374 1214 1438 μὲν
1249 1372 1376 1425 δέκα
1402 1371 1661 1437 ὀβολούς,
1699 1369 1836 1424 εἶναι
1900 1408 1903 1410 -

223 1467 274 1506 15
305 1457 364 1509 δὲ
394 1460 620 1522 ςτατῆρα
649 1457 941 1522 Κορίνθιον.
996 1457 1077 1510 ὅτι
1106 1458 1165 1510 δὲ
1189 1456 1273 1509 καὶ
1308 1459 1419 1509 τῶν
1446 1459 1726 1524 κωμῳδῶν
1762 1473 1835 1508 τι-
1927 1506 1930 1507 .

304 1557 393 1594 νες
421 1544 514 1604 τῆς
543 1541 720 1605 λίτρας
745 1541 1191 1606 μνημονεύουςιν,
1229 1540 1287 1594 ἐν
1315 1542 1427 1593 τοῖς
1452 1541 1573 1604 περὶ
1600 1542 1835 1604 ςτατικῆς

305 1624 634 1690 προείρηται·
670 1625 735 1677 οὐ
760 1625 863 1690 γὰρ
891 1625 942 1677 οἱ
970 1626 1201 1691 Δωριεῖς
1234 1624 1402 1689 μόνον
1439 1624 1575 1676 ἀλλὰ
1606 1625 1690 1676 καὶ
1722 1626 1831 1677 τῶν

305 1709 552 1762 Ἀττικῶν
580 1725 744 1771 τινες,
773 1709 847 1761 ὡς
874 1709 1109 1775 Δίφιλος
1136 1710 1194 1762 ἐν
1225 1709 1470 1777 Εικελικῷ

448 1792 566 1845 οἷον
592 1793 875 1858 ἀγοράζειν
904 1794 1106 1858 πάντα,
1134 1794 1262 1858 μηδὲ
1291 1794 1350 1846 ἓν
1377 1794 1432 1845 δ’
1459 1792 1598 1857 ἔχειν

221 1899 275 1936 20
449 1877 491 1929 εἰ
517 1878 583 1942 μὴ
610 1878 873 1931 κικίννους
899 1877 1078 1932 ἀξίους
1104 1878 1304 1943 λίτραιν
1332 1879 1498 1931 δυοῖν.
1776 1926 1779 1927 .

307 1961 398 2013 ςὺν
425 1962 483 2013 δὲ
519 1966 580 2030 τῇ
618 1961 767 2028 λίτρᾳ
796 1963 878 2014 καὶ
905 1961 1041 2014 ἄλλα
1068 1962 1312 2027 ὠνόμαςε
1347 1961 1679 2026 νομιςμάτων
1709 1959 1834 2015 ὀνό-

305 2061 441 2109 ματα
468 2044 782 2110 Ἐπίχαρμος
808 2046 867 2099 ἐν
891 2046 1198 2111 Ἁρπαγαῖς·

201 2150 207 2155 >
243 2145 283 2178 82
1010 2130 1243 2194 ὼςπεραὶ
1268 2130 1500 2195 πονηραὶ
1525 2130 1751 2194 μάντιες,

378 2211 486 2264 αἵθ’
514 2212 877 2277 ὑπονέμονται
902 2216 1154 2275 γυναῖκας
1181 2214 1362 2278 μωρὰς
1388 2214 1457 2278 ἂμ
1483 2214 1798 2276 πεντόγκιον

223 2303 275 2341 25
378 2295 660 2362 ἀργύριον,
687 2296 843 2348 ἄλλαι
868 2299 927 2350 δὲ
952 2297 1159 2363 λίτραν,
1187 2298 1241 2349 αῖ
1268 2297 1321 2349 δ’
1348 2297 1438 2351 ἀν’
1463 2297 1753 2363 ἡμιλίτριον

379 2380 688 2444 δεχόμεναι,
714 2382 796 2433 καὶ
827 2381 1002 2435 πάντα
1024 2382 1359 2444 γινώςκοντι·

307 2465 391 2515 καὶ
421 2463 578 2517 πάλιν

422 2593 461 2633 2.
495 2590 721 2643 νούμμων
755 2597 799 2633 et
829 2591 979 2646 καλήν
1018 2594 1180 2649 vulgo,
1234 2605 1348 2635 corr.
1380 2594 1563 2635 Akrens.
1685 2597 1724 2635 3.
1757 2604 1835 2634 κα·
1914 2566 1923 2653 j¹

312 2658 482 2699 λεῑςθαι
520 2665 620 2712 post
657 2661 766 2714 φηςὶ
797 2664 855 2703 Di
998 2666 1062 2705 11.
1105 2663 1294 2706 διξᾶντα
1325 2667 1371 2705 et
1411 2666 1475 2705 12.
1515 2662 1737 2717 τριξᾶντα
1768 2663 1833 2704 Βε
1914 2678 1930 2699 >

314 2731 500 2767 auctore
534 2730 841 2783 Imzyermanno
873 2731 950 2787 qu'.i
980 2731 1170 2776 δίξαντα
1202 2738 1247 2775 et
1275 2729 1724 2787 τρίξαντα“οοτιὶοοί1;
1754 2746 1833 2786 pro

312 2796 526 2837 librorum
566 2801 792 2853 scriptura
823 2800 869 2846 ἓξ
902 2801 1112 2846 τάλαντα
1146 2807 1191 2846 et
1220 2802 1325 2856 τρία
1354 2803 1586 2845 τάλανταε
1640 2806 1687 2844 at
1725 2802 1831 2844 vide
1911 2846 1914 2847 ⁷

312 2867 460 2920 praef.
494 2868 593 2909 crit.
740 2874 804 2914 19.
835 2872 1081 2927 legendum
1109 2875 1293 2916 videtur
1323 2873 1434 2927 μηδ’
1465 2872 1521 2914 ἂν
1553 2870 1603 2914 ἓν
1634 2871 1682 2913 δ’
1711 2871 1833 2925 ἕΧΕῑν

314 2938 380 2976 21.
414 2937 515 2976 ταῖς
546 2933 719 2988 λίτραις
753 2942 809 2980 Dz·
920 2945 1085 2986 23—26
1116 2944 1220 2986 vide
1251 2945 1401 2999 praef.
1434 2945 1531 2987 crit.
