1946 3220
324 133 391 186 78
461 192 463 194 ,
840 148 1237 182 PRom-:GOMENA
1276 148 1330 180 IN

323 264 391 309 dis
429 264 626 309 studium
653 256 955 319 collacavit2),
990 260 1290 320 pluribusque
1325 259 1441 306 locis
1477 261 1683 320 priorum
1708 261 1846 306 medi·

323 347 479 380 corum
505 339 742 393 praecepta
769 334 829 376 ita
855 330 1079 389 explicare
1105 336 1150 375 et
1175 331 1295 376 inter
1318 343 1366 375 se
1393 330 1634 376 conciliare
1654 331 1845 387 studuit,

321 410 373 449 ut
399 403 563 463 quihus
584 404 751 462 quique
776 402 1000 446 mensuris
1021 401 1092 445 usi
1113 407 1266 446 essent
1287 396 1677 460 demonstraret3).
1726 400 1844 447 Haec

323 475 469 518 omnia
498 474 606 517 tanti
639 472 854 517 momenti
886 484 987 516 esse
1013 471 1228 528 iudicavi,
1265 478 1317 516 ut
1342 485 1496 517 omnes
1523 470 1648 517 locos
1678 471 1844 532 quibus

321 544 373 587 ‹le
407 557 459 588 eo
491 548 756 601 argumento
795 542 947 601 agitur
982 540 1138 586 sedulo
1182 543 1517 601 conquirendos
1552 549 1598 587 et
1630 541 1714 587 suh
1749 555 1841 587 uno

319 618 563 672 conspectu
597 612 920 672 proponendos
956 624 1057 657 esse
1085 618 1345 658 statuerem.
1400 611 1539 667 Quam
1567 626 1711 658 meam
1737 626 1843 672 ope-

318 697 412 728 ram
445 682 599 727 multis
637 684 714 743 qui
743 684 810 728 his
837 683 1000 727 studiis
1027 682 1293 728 incumbunt
1317 689 1492 742 gratam
1519 682 1692 728 confido
1721 682 1843 728 futu-

317 767 411 798 ram
437 766 538 798 esse
564 759 610 798 et
636 754 938 799 fructuosam:
981 753 1051 798 his
1077 754 1243 814 igitur,
1271 762 1371 799 cum
1397 755 1494 814 ipse
1522 753 1610 799 hoc
1638 760 1842 813 tempore

317 824 464 869 omnia
491 825 675 884 exsequi
703 838 795 869 non
820 825 1021 884 possim,
1055 823 1132 869 illa
1163 823 1352 870 Galenea
1381 824 1644 869 excutienda
1666 830 1710 868 et
1740 823 1842 868 illu-

316 894 496 940 stranda
521 895 800 940 commendo.

385 1014 388 1017 ,
418 964 612 1010 Galenus
653 967 751 1025 ipse
793 966 931 1011 nullis
971 967 1058 1011 nisi
1087 965 1299 1010 Romanis
1333 965 1610 1025 ponderibus
1642 971 1687 1010 et
1720 978 1841 1010 men-

315 1036 434 1081 suris
467 1050 577 1080 usus
604 1043 697 1093 est,
739 1036 943 1097 aliosque
971 1037 1169 1082 medicos
1202 1037 1279 1096 qui
1319 1035 1403 1081 sub
1427 1036 1731 1081 Romanorum
1759 1037 1841 1080 im-

310 1107 438 1165 perio
484 1107 768 1165 scripserunt
815 1107 1134 1167 reprehendit,
1192 1107 1310 1167 quod
1359 1105 1599 1166 aliquoties
1650 1105 1838 1162 Graecas

309 1189 545 1222 mensuras
593 1176 831 1223 afferentes
880 1178 1221 1237 amhIguitatem
1260 1171 1580 1237 relinquant⁴).
1655 1175 1752 1230 Quo
1792 1178 1838 1221 in

283 1238 286 1241 Δ
308 1260 495 1292 numero
532 1247 619 1291 suit
642 1248 1008 1304 Andromachus,
1045 1247 1347 1293 Andromachi
1373 1246 1517 1303 filius,
1552 1246 1744 1292 Neronis
1769 1261 1840 1291 ar-

308 1316 506 1370 chiater;
537 1316 623 1362 fuit
650 1319 783 1363 etiam
809 1318 966 1378 Heras,
996 1318 1239 1364 Heraclidis
1267 1317 1495 1363 Tarentini
1526 1313 1836 1378 discipulus5).

306 1388 454 1448 Atque
476 1401 528 1432 ex
544 1387 686 1433 Herae
713 1389 894 1449 quidem
919 1403 1110 1435 censura
1137 1404 1161 1434 a
1178 1388 1344 1434 Galeno
1371 1389 1577 1433 instituta
1603 1388 1735 1433 nohis
1763 1402 1837 1433 res

309 1459 507 1503 omnium
541 1460 805 1516 gravissima
831 1459 1045 1505 elicienda
1072 1465 1171 1517 est,
1202 1461 1316 1519 quae
1344 1459 1493 1519 ipsum
1527 1457 1740 1503 Galenum
1768 1459 1837 1504 su»

307 1528 388 1588 git.
454 1528 629 1574 Etenim
663 1530 858 1576 Atticam
893 1530 1088 1590 cotylam
1127 1529 1200 1574 LX
1240 1530 1328 1575 olei
1363 1530 1599 1574 drachmas
1638 1529 1834 1593 pendere

306 1598 446 1644 Heras
496 1598 764 1659 significavit
800 1600 872 1661 (sr.
910 1599 1009 1659 47),
1065 1614 1197 1660 quam
1236 1614 1330 1645 rem
1374 1599 1600 1660 quomodo
1641 1598 1834 1645 Galenus

307 1669 598 1729 explicuerit,
655 1673 807 1716 statim
847 1670 1116 1716 videbimus:
1162 1679 1208 1716 at
1245 1671 1402 1728 nobis,
1449 1671 1525 1730 qui
1565 1670 1834 1716 certissimis

304 1746 584 1799 argumentis
621 1741 900 1787 effecerimus
925 1741 1118 1788 Atticam
1155 1741 1350 1801 cotylam
1375 1741 1579 1786 heminae
1609 1739 1833 1786 Romanae

303 1810 532 1871 aequalem
565 1811 722 1870 fuisse,
749 1812 931 1858 minime
957 1811 1142 1857 dubium
1168 1812 1360 1869 videtur,
1388 1812 1495 1872 quin
1523 1817 1600 1856 aut
1625 1812 1723 1871 ipse
1748 1811 1832 1855 He-

303 1894 375 1926 ras
402 1887 479 1926 aut
505 1883 729 1928 vetustior
755 1883 936 1943 quidam
967 1883 1192 1940 medicus,
1221 1897 1355 1942 quem
1381 1884 1420 1928 is
1448 1888 1678 1927 auctorem
1705 1895 1833 1928 secu-

305 1958 376 1996 tus
404 1953 488 2010 sit,
527 1954 699 1998 Atticas
730 1953 963 1999 drachmas
992 1954 1037 1998 in
1063 1953 1143 1998 illo
1170 1953 1347 2013 cotylae
1373 1952 1574 2013 pondere
1602 1951 1832 1997 intellexe-

302 2022 377 2066 rit.
428 2023 492 2068 Ac
527 2029 650 2068 certe
686 2024 866 2084 quidem
904 2023 975 2069 LX
1011 2023 1099 2069 olei
1140 2023 1375 2069 drachmae
1402 2023 1577 2068 Atticae
1615 2022 1710 2067 sere
1749 2024 1831 2067 im-

300 2091 426 2151 plent
472 2093 647 2152 cotylae
695 2108 950 2140 mensuram
963 2090 1012 2152 ⁶).
1088 2093 1249 2138 Eadem
1296 2100 1444 2139 autem
1487 2093 1736 2138 aestimatio
1784 2095 1828 2137 in

299 2163 599 2207 vetustiorum
626 2165 902 2210 medicorum
928 2163 1057 2209 libris
1082 2164 1346 2225 pervulgata
1371 2164 1510 2209 suerit
1530 2177 1715 2208 necesse
1742 2169 1827 2220 est,

300 2233 466 2292 quippe
499 2247 612 2293 quae
641 2234 849 2294 pluribus
883 2235 996 2280 locis
1025 2236 1067 2279 in
1096 2234 1262 2280 tabulis
1298 2235 1547 2295 ponderum
1574 2248 1624 2279 ac
1650 2247 1829 2279 mensu-

299 2316 450 2347 rarum
477 2310 649 2350 servata
678 2301 796 2365 sit7).

411 2508 457 2560 2)
490 2511 541 2550 V.
581 2511 731 2551 locum
773 2512 828 2552 de
866 2512 1079 2553 heminae
1120 2513 1319 2566 pondere
1361 2526 1388 2552 a
1421 2511 1597 2553 Galeno
1639 2516 1823 2551 exacto:

299 2561 391 2612 ἐγὼ
414 2567 530 2613 γοῦν
552 2565 602 2607 ἐν
633 2571 690 2620 τῇ
725 2566 879 2621 Ῥώμῃ
911 2568 1001 2620 τὴν
1033 2570 1119 2609 τοῦ
1152 2566 1307 2610 ἐλαίου
1339 2566 1630 2619 καλουμένην
1662 2564 1824 2619 λίτραν

297 2640 352 2647 -
382 2617 546 2672 ἔετηεά
577 2635 693 2664 ποτε
726 2629 813 2665 cet.
847 2627 902 2664 fr.
934 2627 1003 2668 49.

408 2674 453 2727 3)
485 2677 559 2716 Fr.
585 2681 653 2718 31.
678 2683 746 2721 33.
771 2683 839 2721 34.
864 2683 932 2722 36.
955 2683 1024 2724 38.
1046 2684 1114 2724 40.
1145 2684 1214 2723 43.
1247 2683 1314 2724 44.
1347 2682 1415 2723 45.
1446 2681 1516 2720 46.
1547 2681 1617 2720 47.
1649 2680 1718 2722 49.
1751 2681 1821 2721 50·

408 2732 453 2781 4)
484 2731 561 2773 Fr.
597 2736 664 2774 33.
697 2738 764 2775 34.
796 2739 866 2780 44.
897 2740 966 2778 49.
1000 2740 1066 2781 50.

407 2786 450 2839 5)
482 2787 535 2828 V.
569 2789 623 2829 de
655 2790 724 2830 his
755 2793 1018 2834 Fabricium
1042 2795 1088 2834 in
1104 2794 1222 2836 Bibl.
1245 2793 1320 2834 Gr.
1339 2793 1427 2834 vol.
1446 2792 1561 2833 XIII
1577 2806 1618 2845 p.
1637 2792 1815 2834 61.178.

405 2843 451 2897 6)
482 2844 535 2887 V.
570 2858 624 2884 ea
657 2859 773 2897 quae
806 2849 851 2887 in
881 2850 1059 2892 Metrol.
1092 2864 1134 2904 p.
1159 2851 1212 2892 85
1245 2850 1346 2890 adn.
1372 2851 1425 2889 26
1459 2853 1508 2889 eb
1534 2861 1671 2902 supra
1703 2850 1726 2897 ἓ
1758 2849 1812 2888 43

295 2901 601 2952 exposuimus.
1657 2915 1662 2921 '

406 2955 447 3005 7)
478 2956 530 2996 V.
565 2956 770 2997 tabulam
813 2959 866 2999 de
907 2973 1046 3005 mens,
1082 2967 1128 3002 et
1166 2963 1300 3016 pond.
1341 2961 1702 3016 vetustissimam
1739 2961 1760 3007 ,S
1793 2960 1819 2998 8
