1946 3220
930 19 1001 58 z

551 126 555 130 ’
618 153 649 185 Ε
685 151 842 189 sumat
878 151 1171 187 axonRP'rA.
1548 135 1653 189 337

68 251 74 254 ¹
64 272 313 319 εοαντες
341 259 593 326 ἔρρεξαν,
631 261 715 314 καί
752 260 804 315 οἱ
840 260 1204 327 δωδεκάδωρα
1224 259 1354 328 κέρα
1378 260 1528 330 ἄλλῳ
1558 278 1653 327 μα-

114 345 433 412 ιφοτένοντι
464 346 588 398 ποτὶ
616 346 972 400 πλατάνιςτον
998 345 1200 401 ἐπάξαι.
1207 352 1221 374 ’

233 430 467 495 Δῶρον,
504 429 536 494 ἡ
573 430 842 494 παλαιςτή.
905 431 988 484 καὶ
1022 431 1284 497 Ὅμηρος·
1324 431 1652 486 (ἑκκαιδεκά-

54 539 62 570 ι
121 518 279 580 δωρα
302 514 566 579 πεφύκει)

46 656 50 659 ,
235 598 709 663 Ἑκκαιδεκάδωρα,
765 598 1036 653 ἑκκαίδεκα
1085 601 1415 655 παλαιςτῶν·
1472 602 1654 666 δῶρον
1683 612 1712 654 5

41 692 55 758 J
124 683 229 749 γὰρ
257 685 488 737 καλεῖται
513 683 544 748 ἡ
570 684 840 748 παλαιςτή.

67 785 76 792 ·
230 767 436 821 Ἑκτεὺς
465 768 659 833 μέτρον
698 768 861 831 ἐςτίν,
896 769 928 821 ὃ
956 768 1154 822 ταύτὸν
1183 767 1324 822 εἶναι
1350 769 1561 831 λέγουςι
1590 773 1653 838 τῇ

127 853 334 918 χοίνικι.
386 853 796 919 Ἀριςτοφάνης·
835 851 996 906 ‘oste’
1027 852 1127 907 οὖν
1156 854 1533 907 ἀπολωλεκυῖα
1558 871 1655 907 πυ-

127 939 244 1003 ρῶν
272 937 468 999 ἑκτέα;’
501 938 738 991 τουτέςτι
763 938 1091 1003 τρικότυλον.

235 1021 558 1087 Ἐπιτρίταις.
618 1023 802 1076 Ἰςαῖος
848 1022 908 1077 έν
953 1027 1030 1092 τῷ
1074 1023 1206 1077 κατὰ
1254 1023 1658 1088 Καλλιφῶντος·
1690 1033 1745 1074 10

128 1105 438 1162 εἑξακοςίαις
464 1110 723 1173 δραχμαῖς
748 1106 1051 1172 ἑπιτρίταις’
1082 1108 1200 1162 ἀντὶ
1224 1110 1323 1161 τοῦ
1348 1107 1436 1160 ἐπὶ
1459 1106 1508 1172 η’
1531 1106 1660 1173 ὀβο-

129 1191 246 1244 λοῖς
271 1191 404 1244 κατὰ
426 1191 490 1244 τὸ
508 1192 687 1258 τρίτην
708 1191 845 1247 εἶναι
870 1192 1056 1258 μερίδα
1082 1193 1210 1246 τοὺς
1234 1191 1284 1258 η’
1304 1192 1536 1258 ὀβολοὺς
1561 1194 1659 1245 τοῦ

127 1275 546 1341 τετραδράχμου.

234 1359 568 1426 Ἡμιεκτέον,
600 1362 811 1427 μέτρον.
851 1362 1086 1415 τουτέςτι
1119 1360 1164 1414 δ’
1197 1361 1460 1426 χοινίκων.
1500 1360 1530 1413 ὁ
1558 1360 1660 1424 γὰρ

129 1443 380 1509 μέδιμνος
404 1444 489 1510 μη’
515 1444 766 1510 χοινίκων
793 1445 910 1498 έςτί.
950 1446 1160 1499 τούτων
1180 1445 1291 1509 ,οὖν
1316 1446 1379 1498 τὸ
1407 1445 1561 1498 ἕκτον
1591 1445 1659 1498 εἰ·
1691 1452 1747 1494 15

120 1527 208 1586 c'w
232 1525 281 1594 η’
311 1528 553 1596 χοίνικες.
603 1531 665 1583 τὸ
692 1531 754 1584 δὲ
777 1530 1050 1594 ἡμίεκτον,
1077 1531 1314 1583 τουτέςτι
1339 1529 1401 1582 τὸ
1427 1530 1661 1582 δωδέκα-

126 1629 226 1669 τον
254 1616 368 1668 τῶν
394 1611 477 1680 μη’
500 1615 771 1680 χοινίκων,
798 1609 856 1667 δ’.
902 1614 1176 1679 ἡμιεκτέον
1205 1616 1264 1667 δὲ
1289 1614 1375 1667 διὰ
1402 1616 1498 1667 τοῦ
1526 1630 1551 1666 ε
1578 1615 1662 1665 λε-

120 1697 286 1755 κτέον
311 1699 395 1751 καὶ
416 1699 542 1764 οὐχὶ
568 1698 881 1763 ἡμιεκταῑον.

234 1782 510 1846 Ἡμίεκτον
534 1783 619 1836 καὶ
640 1783 995 1847 ἡμιμέδιμνον.
1032 1785 1130 1835 τοῦ
1156 1749 1407 1847 μεδίμνου
1436 1782 1664 1846 ἔχοντος

41 1869 46 1875 ’
129 1865 369 1930 χοίνικας
402 1863 486 1931 μη’
510 1867 573 1920 τὸ
607 1867 947 1932 ἡμιμέδιμνον
986 1866 1237 1931 δηλονότι
1271 1867 1364 1919 τὰς
1400 1864 1477 1918 κδ
1501 1864 1660 1929 εἶχεν.

129 1949 376 2015 ἡμίεκτον
410 1953 471 2004 δὲ
506 1951 569 2005 τὸ
605 1955 823 2016 χωροῦν
862 1950 907 2004 δ’
941 1950 1199 2016 χοίνικας·
1249 1951 1311 2003 τὸ
1356 1951 1459 2015 γὰρ
1503 1950 1659 2003 ἕκτον
1692 1956 1750 1999 20

128 2033 361 2101 χοίνικες
387 2035 543 2090 ὀκτώ.

240 2121 569 2185 Ἡμικάδιον,
598 2120 659 2174 τὸ
685 2119 984 2185 ἡμίμετρον.

235 2205 627 2271 Ἣμιμέδιμνον,
655 2204 851 2269 μέτρον
885 2203 1137 2269 χοινίκων
1163 2202 1254 2257 κδ’.

235 2289 453 2356 Ἣμίνα,
481 2291 691 2355 μέτρον.

236 2374 616 2441 Ἡμιωβόλιον,
646 2374 708 2427 τὸ
735 2372 885 2437 ἡμιςυ
910 2374 1008 2426 τοῦ
1035 2372 1253 2438 ὀβολοῦ.
1664 2374 1722 2416 25

245 2459 434 2523 Κὰβος
453 2458 600 2511 εἶδος
624 2458 833 2523 μέτρου.
860 2473 946 2509 και
960 2471 1236 2521 παροιμια
1263 2454 1449 2519 κάβου
1464 2452 1660 2518 κάβος.’

160 2609 164 2613 ¹
246 2541 446 2607 Κάδος,
479 2542 673 2608 με’τρον
706 2540 939 2605 οἰνηρόν.

248 2626 607 2692 Κεντηνάριον
633 2623 992 2694 [νομιςμάτων
1020 2621 1290 2691 ποςότης].

246 2710 511 2777 Κέρματα,
562 2711 629 2763 τὰ
674 2707 982 2762 λεπτότατα.
1033 2707 1119 2759 ἐπὶ
1151 2708 1253 2772 γὰρ
1292 2707 1663 2759 Ἰουςτινιανοῡ

254 2884 297 2925 9.
326 2880 607 2934 τρικότυλον
647 2878 823 2920 correxi
861 2891 940 2931 pro
978 2874 1259 2929 τριώβολονε
1311 2891 1353 2919 v.
1385 2878 1532 2931 praef.
1566 2877 1668 2919 orit.

141 2952 212 2992 29.
242 2950 540 3003 νομιςμάτων
571 2946 779 3000 ποςότης
811 2959 896 2991 om.
927 2946 1047 2988 ABV
1078 2946 1322 2990 Bernhard.
1355 2947 1493 2988 Bekk.

197 3033 372 3066 sempr.
404 3032 604 3063 umor..
638 3031 671 3061 1.
1343 3012 1414 3067 22
