<?xml version="1.0" encoding="UTF-8"?>
<!DOCTYPE html PUBLIC "-//W3C//DTD XHTML 1.0 Transitional//EN"
    "http://www.w3.org/TR/xhtml1/DTD/xhtml1-transitional.dtd">
<html xmlns="http://www.w3.org/1999/xhtml" xml:lang="en" lang="en">
 <head>
  <title>
</title>
<meta http-equiv="Content-Type" content="text/html;charset=utf-8" />
  <meta name='ocr-system' content='tesseract 3.04.00' />
  <meta name='ocr-capabilities' content='ocr_page ocr_carea ocr_par ocr_line ocrx_word'/>
</head>
<body>
  <div class='ocr_page' id='page_1' title='image "./metrologicorumsc01hultuoft_0034.png"; bbox 0 0 1946 3220; ppageno 0'>
   <div class='ocr_carea' id='block_1_1' title="bbox 270 151 1266 205">
    <p class='ocr_par' dir='ltr' id='par_1_1' title="bbox 270 151 1266 205">
     <span class='ocr_line' id='line_1_1' title="bbox 270 151 1266 205; baseline -0.007 0"><span class='ocrx_word' id='word_1_1' title='bbox 270 151 303 205; x_wconf 83' lang='lat'>6</span> <span class='ocrx_word' id='word_1_2' title='bbox 804 161 1190 200; x_wconf 65' lang='lat' dir='ltr'><strong>Pnonneomzm</strong></span> <span class='ocrx_word' id='word_1_3' title='bbox 1212 163 1266 198; x_wconf 78' lang='lat' dir='ltr'><strong>m</strong></span> 
     </span>
    </p>
   </div>
   <div class='ocr_carea' id='block_1_2' title="bbox 268 276 1861 1118">
    <p class='ocr_par' dir='ltr' id='par_1_2' title="bbox 268 276 1861 1118">
     <span class='ocr_line' id='line_1_2' title="bbox 271 276 1795 343; baseline -0.001 -17"><span class='ocrx_word' id='word_1_4' title='bbox 271 282 340 343; x_wconf 81' lang='lat'><strong>(2,</strong></span> <span class='ocrx_word' id='word_1_5' title='bbox 370 284 450 327; x_wconf 83' lang='lat'><strong>157</strong></span> <span class='ocrx_word' id='word_1_6' title='bbox 476 281 558 341; x_wconf 90' lang='lat' dir='ltr'><strong>s.)‚</strong></span> <span class='ocrx_word' id='word_1_7' title='bbox 597 281 714 326; x_wconf 91' lang='lat' dir='ltr'><strong>hunc</strong></span> <span class='ocrx_word' id='word_1_8' title='bbox 747 278 898 325; x_wconf 87' lang='lat' dir='ltr'><strong>locum</strong></span> <span class='ocrx_word' id='word_1_9' title='bbox 933 277 1127 338; x_wconf 90' lang='lat' dir='ltr'><strong>primum</strong></span> <span class='ocrx_word' id='word_1_10' title='bbox 1159 276 1359 323; x_wconf 90' lang='lat' dir='ltr'><strong>omnium</strong></span> <span class='ocrx_word' id='word_1_11' title='bbox 1398 277 1659 338; x_wconf 88' lang='lat' dir='ltr'><strong>ponendum</strong></span> <span class='ocrx_word' id='word_1_12' title='bbox 1694 291 1795 325; x_wconf 89' lang='lat' dir='ltr'><strong>esse</strong></span> 
     </span>
     <span class='ocr_line' id='line_1_3' title="bbox 272 347 1795 409; baseline -0.003 -10"><span class='ocrx_word' id='word_1_13' title='bbox 272 352 647 409; x_wconf 81' lang='lat' dir='ltr'><strong>existimavimus,</strong></span> <span class='ocrx_word' id='word_1_14' title='bbox 687 349 760 396; x_wconf 87' lang='lat' dir='ltr'><strong>cui</strong></span> <span class='ocrx_word' id='word_1_15' title='bbox 802 348 956 394; x_wconf 88' lang='lat' dir='ltr'><strong>statim</strong></span> <span class='ocrx_word' id='word_1_16' title='bbox 999 347 1292 394; x_wconf 84' lang='lat' dir='ltr'><strong>memorabile</strong></span> <span class='ocrx_word' id='word_1_17' title='bbox 1335 347 1449 394; x_wconf 87' lang='lat' dir='ltr'><strong>illud</strong></span> <span class='ocrx_word' id='word_1_18' title='bbox 1490 348 1795 408; x_wconf 80' lang='lat' dir='ltr'><strong>fragmentum</strong></span> 
     </span>
     <span class='ocr_line' id='line_1_4' title="bbox 271 417 1798 481; baseline -0.003 -11"><span class='ocrx_word' id='word_1_19' title='bbox 271 423 606 479; x_wconf 79' lang='lat' dir='ltr'><strong>subiunximus,</strong></span> <span class='ocrx_word' id='word_1_20' title='bbox 645 419 765 481; x_wconf 91' lang='lat' dir='ltr'><strong>quod</strong></span> <span class='ocrx_word' id='word_1_21' title='bbox 790 419 896 464; x_wconf 86' lang='lat' dir='ltr'><strong>ficto</strong></span> <span class='ocrx_word' id='word_1_22' title='bbox 924 417 1118 464; x_wconf 90' lang='lat' dir='ltr'><strong>Heronis</strong></span> <span class='ocrx_word' id='word_1_23' title='bbox 1150 420 1332 465; x_wconf 91' lang='lat' dir='ltr'><strong>nomine</strong></span> <span class='ocrx_word' id='word_1_24' title='bbox 1359 417 1511 464; x_wconf 90' lang='lat' dir='ltr'><strong>attulit</strong></span> <span class='ocrx_word' id='word_1_25' title='bbox 1542 419 1581 464; x_wconf 88' lang='lat' dir='ltr'><strong>J.</strong></span> <span class='ocrx_word' id='word_1_26' title='bbox 1609 418 1798 466; x_wconf 89' lang='lat' dir='ltr'><strong>Greave·</strong></span> 
     </span>
     <span class='ocr_line' id='line_1_5' title="bbox 271 484 1798 552; baseline -0.003 -12"><span class='ocrx_word' id='word_1_27' title='bbox 271 495 393 551; x_wconf 86' lang='lat' dir='ltr'><strong>sius,</strong></span> <span class='ocrx_word' id='word_1_28' title='bbox 417 508 518 539; x_wconf 91' lang='lat' dir='ltr'><strong>cum</strong></span> <span class='ocrx_word' id='word_1_29' title='bbox 544 493 599 538; x_wconf 91' lang='lat' dir='ltr'><strong>de</strong></span> <span class='ocrx_word' id='word_1_30' title='bbox 624 492 823 537; x_wconf 90' lang='lat' dir='ltr'><strong>Romano</strong></span> <span class='ocrx_word' id='word_1_31' title='bbox 851 489 965 549; x_wconf 91' lang='lat' dir='ltr'><strong>pede</strong></span> <span class='ocrx_word' id='word_1_32' title='bbox 990 495 1035 534; x_wconf 91' lang='lat' dir='ltr'><strong>et</strong></span> <span class='ocrx_word' id='word_1_33' title='bbox 1061 489 1245 535; x_wconf 88' lang='lat' dir='ltr'><strong>denario</strong></span> <span class='ocrx_word' id='word_1_34' title='bbox 1273 484 1586 552; x_wconf 88' lang='lat' dir='ltr'><strong>disputaret¹).</strong></span> <span class='ocrx_word' id='word_1_35' title='bbox 1641 489 1798 536; x_wconf 85' lang='lat' dir='ltr'><strong>Differt</strong></span> 
     </span>
     <span class='ocr_line' id='line_1_6' title="bbox 268 559 1798 623; baseline -0.002 -13"><span class='ocrx_word' id='word_1_36' title='bbox 268 565 358 621; x_wconf 85' lang='lat' dir='ltr'><strong>hoc</strong></span> <span class='ocrx_word' id='word_1_37' title='bbox 384 564 684 623; x_wconf 80' lang='lat' dir='ltr'><strong>fragmentum</strong></span> <span class='ocrx_word' id='word_1_38' title='bbox 709 560 763 608; x_wconf 87' lang='lat' dir='ltr'><strong>ab</strong></span> <span class='ocrx_word' id='word_1_39' title='bbox 791 559 999 606; x_wconf 89' lang='lat' dir='ltr'><strong>omnibus</strong></span> <span class='ocrx_word' id='word_1_40' title='bbox 1026 566 1072 606; x_wconf 93' lang='lat' dir='ltr'><strong>et</strong></span> <span class='ocrx_word' id='word_1_41' title='bbox 1095 560 1364 607; x_wconf 91' lang='lat' dir='ltr'><strong>Heronianis</strong></span> <span class='ocrx_word' id='word_1_42' title='bbox 1391 566 1436 606; x_wconf 92' lang='lat' dir='ltr'><strong>et</strong></span> <span class='ocrx_word' id='word_1_43' title='bbox 1468 560 1687 622; x_wconf 76' lang='lat' dir='ltr'><strong>reliquis,</strong></span> <span class='ocrx_word' id='word_1_44' title='bbox 1714 574 1798 607; x_wconf 92' lang='lat' dir='ltr'><strong>nec</strong></span> 
     </span>
     <span class='ocr_line' id='line_1_7' title="bbox 273 630 1798 693; baseline -0.001 -14"><span class='ocrx_word' id='word_1_45' title='bbox 273 640 444 691; x_wconf 87' lang='lat' dir='ltr'><strong>tamen,</strong></span> <span class='ocrx_word' id='word_1_46' title='bbox 473 633 559 678; x_wconf 91' lang='lat' dir='ltr'><strong>etsi</strong></span> <span class='ocrx_word' id='word_1_47' title='bbox 586 646 675 693; x_wconf 92' lang='lat' dir='ltr'><strong>quo</strong></span> <span class='ocrx_word' id='word_1_48' title='bbox 703 646 756 678; x_wconf 85' lang='lat' dir='ltr'><strong>ex</strong></span> <span class='ocrx_word' id='word_1_49' title='bbox 784 630 901 677; x_wconf 90' lang='lat' dir='ltr'><strong>libro</strong></span> <span class='ocrx_word' id='word_1_50' title='bbox 927 645 1062 676; x_wconf 88' lang='lat' dir='ltr'><strong>manu</strong></span> <span class='ocrx_word' id='word_1_51' title='bbox 1086 631 1257 692; x_wconf 88' lang='lat' dir='ltr'><strong>scripto</strong></span> <span class='ocrx_word' id='word_1_52' title='bbox 1289 632 1482 691; x_wconf 90' lang='lat' dir='ltr'><strong>petitum</strong></span> <span class='ocrx_word' id='word_1_53' title='bbox 1510 632 1570 676; x_wconf 92' lang='lat' dir='ltr'><strong>sit</strong></span> <span class='ocrx_word' id='word_1_54' title='bbox 1599 645 1692 677; x_wconf 90' lang='lat' dir='ltr'><strong>non</strong></span> <span class='ocrx_word' id='word_1_55' title='bbox 1718 632 1798 677; x_wconf 83' lang='lat' dir='ltr'><strong>do-</strong></span> 
     </span>
     <span class='ocr_line' id='line_1_8' title="bbox 270 700 1798 763; baseline -0.001 -13"><span class='ocrx_word' id='word_1_56' title='bbox 270 717 449 762; x_wconf 88' lang='lat' dir='ltr'><strong>cemur,</strong></span> <span class='ocrx_word' id='word_1_57' title='bbox 496 701 605 749; x_wconf 89' lang='lat' dir='ltr'><strong>fides</strong></span> <span class='ocrx_word' id='word_1_58' title='bbox 643 704 740 749; x_wconf 89' lang='lat' dir='ltr'><strong>eius</strong></span> <span class='ocrx_word' id='word_1_59' title='bbox 783 709 993 763; x_wconf 83' lang='lat' dir='ltr'><strong>suspecta</strong></span> <span class='ocrx_word' id='word_1_60' title='bbox 1031 715 1131 747; x_wconf 90' lang='lat' dir='ltr'><strong>esse</strong></span> <span class='ocrx_word' id='word_1_61' title='bbox 1176 702 1366 748; x_wconf 90' lang='lat' dir='ltr'><strong>videtur.</strong></span> <span class='ocrx_word' id='word_1_62' title='bbox 1433 700 1542 748; x_wconf 89' lang='lat' dir='ltr'><strong>Nam</strong></span> <span class='ocrx_word' id='word_1_63' title='bbox 1580 716 1696 763; x_wconf 86' lang='lat' dir='ltr'><strong>quae</strong></span> <span class='ocrx_word' id='word_1_64' title='bbox 1735 701 1798 748; x_wconf 89' lang='lat' dir='ltr'><strong>ibi</strong></span> 
     </span>
     <span class='ocr_line' id='line_1_9' title="bbox 269 772 1798 835; baseline -0.001 -16"><span class='ocrx_word' id='word_1_65' title='bbox 269 774 544 835; x_wconf 79' lang='lat' dir='ltr'><strong>proponitur</strong></span> <span class='ocrx_word' id='word_1_66' title='bbox 582 787 896 820; x_wconf 87' lang='lat' dir='ltr'><strong>mensurarum</strong></span> <span class='ocrx_word' id='word_1_67' title='bbox 930 772 1132 819; x_wconf 89' lang='lat' dir='ltr'><strong>definitio</strong></span> <span class='ocrx_word' id='word_1_68' title='bbox 1170 778 1215 818; x_wconf 93' lang='lat' dir='ltr'><strong>et</strong></span> <span class='ocrx_word' id='word_1_69' title='bbox 1250 788 1351 819; x_wconf 89' lang='lat' dir='ltr'><strong>cum</strong></span> <span class='ocrx_word' id='word_1_70' title='bbox 1377 772 1586 833; x_wconf 85' lang='lat' dir='ltr'><strong>corporis</strong></span> <span class='ocrx_word' id='word_1_71' title='bbox 1613 773 1798 819; x_wconf 90' lang='lat' dir='ltr'><strong>humani</strong></span> 
     </span>
     <span class='ocr_line' id='line_1_10' title="bbox 270 843 1798 906; baseline -0.001 -15"><span class='ocrx_word' id='word_1_72' title='bbox 270 851 431 891; x_wconf 90' lang='lat' dir='ltr'><strong>natura</strong></span> <span class='ocrx_word' id='word_1_73' title='bbox 474 845 645 906; x_wconf 89' lang='lat' dir='ltr'><strong>optime</strong></span> <span class='ocrx_word' id='word_1_74' title='bbox 687 844 900 904; x_wconf 87' lang='lat' dir='ltr'><strong>congruit</strong></span> <span class='ocrx_word' id='word_1_75' title='bbox 926 850 982 901; x_wconf 54' lang='lat' dir='ltr'><strong>,et</strong></span> <span class='ocrx_word' id='word_1_76' title='bbox 1018 844 1200 904; x_wconf 85' lang='lat' dir='ltr'><strong>egregie</strong></span> <span class='ocrx_word' id='word_1_77' title='bbox 1250 843 1584 890; x_wconf 88' lang='lat' dir='ltr'><strong>accommodata</strong></span> <span class='ocrx_word' id='word_1_78' title='bbox 1630 849 1700 889; x_wconf 90' lang='lat' dir='ltr'><strong>est</strong></span> <span class='ocrx_word' id='word_1_79' title='bbox 1744 843 1798 889; x_wconf 89' lang='lat' dir='ltr'><strong>ad</strong></span> 
     </span>
     <span class='ocr_line' id='line_1_11' title="bbox 268 914 1861 976; baseline 0 -16"><span class='ocrx_word' id='word_1_80' title='bbox 268 914 468 961; x_wconf 86' lang='lat' dir='ltr'><strong>Pollucis</strong></span> <span class='ocrx_word' id='word_1_81' title='bbox 499 916 651 962; x_wconf 92' lang='lat' dir='ltr'><strong>locum</strong></span> <span class='ocrx_word' id='word_1_82' title='bbox 688 915 1029 971; x_wconf 90' lang='lat' dir='ltr'><strong>illustrandum;</strong></span> <span class='ocrx_word' id='word_1_83' title='bbox 1075 915 1285 976; x_wconf 89' lang='lat' dir='ltr'><strong>quoniam</strong></span> <span class='ocrx_word' id='word_1_84' title='bbox 1323 915 1505 961; x_wconf 91' lang='lat' dir='ltr'><strong>eaedem</strong></span> <span class='ocrx_word' id='word_1_85' title='bbox 1539 928 1795 972; x_wconf 88' lang='lat' dir='ltr'><strong>mensurae,</strong></span> <span class='ocrx_word' id='word_1_86' title='bbox 1854 915 1861 923; x_wconf 82' lang='grc'><em>“</em></span> 
     </span>
     <span class='ocr_line' id='line_1_12' title="bbox 270 985 1798 1047; baseline -0.001 -16"><span class='ocrx_word' id='word_1_87' title='bbox 270 1000 383 1047; x_wconf 90' lang='lat' dir='ltr'><strong>quae</strong></span> <span class='ocrx_word' id='word_1_88' title='bbox 409 985 463 1032; x_wconf 89' lang='lat' dir='ltr'><strong>ab</strong></span> <span class='ocrx_word' id='word_1_89' title='bbox 493 986 572 1033; x_wconf 91' lang='lat' dir='ltr'><strong>illo</strong></span> <span class='ocrx_word' id='word_1_90' title='bbox 599 987 823 1047; x_wconf 84' lang='lat' dir='ltr'><strong>scriptore</strong></span> <span class='ocrx_word' id='word_1_91' title='bbox 859 986 1134 1043; x_wconf 75' lang='lat' dir='ltr'><strong>afferuntur,</strong></span> <span class='ocrx_word' id='word_1_92' title='bbox 1174 986 1262 1032; x_wconf 92' lang='lat' dir='ltr'><strong>hoc</strong></span> <span class='ocrx_word' id='word_1_93' title='bbox 1299 986 1401 1032; x_wconf 92' lang='lat' dir='ltr'><strong>loco</strong></span> <span class='ocrx_word' id='word_1_94' title='bbox 1442 992 1487 1031; x_wconf 91' lang='lat' dir='ltr'><strong>et</strong></span> <span class='ocrx_word' id='word_1_95' title='bbox 1525 991 1798 1046; x_wconf 89' lang='lat' dir='ltr'><strong>repetuntur</strong></span> 
     </span>
     <span class='ocr_line' id='line_1_13' title="bbox 268 1057 1481 1118; baseline -0.002 -15"><span class='ocrx_word' id='word_1_96' title='bbox 268 1063 315 1103; x_wconf 93' lang='lat' dir='ltr'><strong>et</strong></span> <span class='ocrx_word' id='word_1_97' title='bbox 341 1071 443 1103; x_wconf 90' lang='lat' dir='ltr'><strong>cum</strong></span> <span class='ocrx_word' id='word_1_98' title='bbox 467 1057 610 1118; x_wconf 84' lang='lat' dir='ltr'><strong>digito</strong></span> <span class='ocrx_word' id='word_1_99' title='bbox 627 1092 640 1115; x_wconf 82' lang='lat'>,</span> <span class='ocrx_word' id='word_1_100' title='bbox 668 1057 852 1103; x_wconf 89' lang='lat' dir='ltr'><strong>minima</strong></span> <span class='ocrx_word' id='word_1_101' title='bbox 878 1071 1114 1116; x_wconf 74' lang='lat' dir='ltr'><strong>mensura,</strong></span> <span class='ocrx_word' id='word_1_102' title='bbox 1147 1063 1481 1118; x_wconf 85' lang='lat' dir='ltr'><strong>comparantur.</strong></span> 
     </span>
    </p>
   </div>
   <div class='ocr_carea' id='block_1_3' title="bbox 469 1195 1596 1247">
    <p class='ocr_par' dir='ltr' id='par_1_3' title="bbox 469 1195 1596 1247">
     <span class='ocr_line' id='line_1_14' title="bbox 469 1195 1596 1247; baseline 0 -11"><span class='ocrx_word' id='word_1_103' title='bbox 469 1195 724 1236; x_wconf 75' lang='lat' dir='ltr'><strong>Graecorum</strong></span> <span class='ocrx_word' id='word_1_104' title='bbox 752 1206 972 1235; x_wconf 80' lang='lat' dir='ltr'><strong>mensurae</strong></span> <span class='ocrx_word' id='word_1_105' title='bbox 1003 1196 1045 1234; x_wconf 85' lang='lat' dir='ltr'><strong>in</strong></span> <span class='ocrx_word' id='word_1_106' title='bbox 1075 1195 1316 1247; x_wconf 55' lang='lat' dir='ltr'><strong>Aegyptum</strong></span> <span class='ocrx_word' id='word_1_107' title='bbox 1345 1196 1596 1237; x_wconf 76' lang='lat' dir='ltr'><strong>translatae.</strong></span> 
     </span>
    </p>
   </div>
   <div class='ocr_carea' id='block_1_4' title="bbox 172 1281 1802 2826">
    <p class='ocr_par' dir='ltr' id='par_1_4' title="bbox 172 1281 1802 2686">
     <span class='ocr_line' id='line_1_15' title="bbox 211 1281 1799 1342; baseline 0 -14"><span class='ocrx_word' id='word_1_108' title='bbox 211 1291 241 1339; x_wconf 83' lang='lat'><strong>3</strong></span> <span class='ocrx_word' id='word_1_109' title='bbox 378 1281 499 1336; x_wconf 82' lang='lat' dir='ltr'><strong>Quae</strong></span> <span class='ocrx_word' id='word_1_110' title='bbox 538 1289 772 1342; x_wconf 84' lang='lat' dir='ltr'><strong>praeterea</strong></span> <span class='ocrx_word' id='word_1_111' title='bbox 819 1282 872 1327; x_wconf 92' lang='lat' dir='ltr'><strong>de</strong></span> <span class='ocrx_word' id='word_1_112' title='bbox 907 1282 1132 1328; x_wconf 87' lang='lat' dir='ltr'><strong>mensuris</strong></span> <span class='ocrx_word' id='word_1_113' title='bbox 1168 1282 1337 1328; x_wconf 89' lang='lat' dir='ltr'><strong>Graeco</strong></span> <span class='ocrx_word' id='word_1_114' title='bbox 1383 1295 1593 1328; x_wconf 87' lang='lat' dir='ltr'><strong>sermone</strong></span> <span class='ocrx_word' id='word_1_115' title='bbox 1628 1282 1799 1342; x_wconf 86' lang='lat' dir='ltr'><strong>scripta</strong></span> 
     </span>
     <span class='ocr_line' id='line_1_16' title="bbox 172 1348 1799 1413; baseline -0.001 -13"><span class='ocrx_word' id='word_1_116' title='bbox 172 1348 178 1350; x_wconf 51' lang='grc'>”</span> <span class='ocrx_word' id='word_1_117' title='bbox 270 1358 475 1410; x_wconf 79' lang='lat' dir='ltr'><strong>exstant,</strong></span> <span class='ocrx_word' id='word_1_118' title='bbox 510 1366 560 1398; x_wconf 90' lang='lat' dir='ltr'><strong>ea</strong></span> <span class='ocrx_word' id='word_1_119' title='bbox 593 1366 676 1400; x_wconf 90' lang='lat' dir='ltr'><strong>nec</strong></span> <span class='ocrx_word' id='word_1_120' title='bbox 712 1353 757 1398; x_wconf 91' lang='lat' dir='ltr'><strong>in</strong></span> <span class='ocrx_word' id='word_1_121' title='bbox 784 1353 882 1413; x_wconf 89' lang='lat' dir='ltr'><strong>ipsa</strong></span> <span class='ocrx_word' id='word_1_122' title='bbox 910 1359 1031 1399; x_wconf 88' lang='lat' dir='ltr'><strong>terra</strong></span> <span class='ocrx_word' id='word_1_123' title='bbox 1060 1352 1245 1400; x_wconf 87' lang='lat' dir='ltr'><strong>Graecia</strong></span> <span class='ocrx_word' id='word_1_124' title='bbox 1273 1366 1356 1399; x_wconf 91' lang='lat' dir='ltr'><strong>nec</strong></span> <span class='ocrx_word' id='word_1_125' title='bbox 1387 1351 1656 1399; x_wconf 82' lang='lat' dir='ltr'><strong>florentibus</strong></span> <span class='ocrx_word' id='word_1_126' title='bbox 1686 1352 1799 1398; x_wconf 89' lang='lat' dir='ltr'><strong>lihe-</strong></span> 
     </span>
     <span class='ocr_line' id='line_1_17' title="bbox 267 1422 1800 1484; baseline -0.001 -14"><span class='ocrx_word' id='word_1_127' title='bbox 267 1426 331 1470; x_wconf 89' lang='lat' dir='ltr'><strong>ris</strong></span> <span class='ocrx_word' id='word_1_128' title='bbox 359 1423 630 1470; x_wconf 86' lang='lat' dir='ltr'><strong>Graecorum</strong></span> <span class='ocrx_word' id='word_1_129' title='bbox 658 1423 940 1481; x_wconf 77' lang='lat' dir='ltr'><strong>civitatibus,</strong></span> <span class='ocrx_word' id='word_1_130' title='bbox 971 1424 1049 1469; x_wconf 89' lang='lat' dir='ltr'><strong>sed</strong></span> <span class='ocrx_word' id='word_1_131' title='bbox 1076 1430 1182 1484; x_wconf 91' lang='lat' dir='ltr'><strong>post</strong></span> <span class='ocrx_word' id='word_1_132' title='bbox 1214 1423 1455 1470; x_wconf 83' lang='lat' dir='ltr'><strong>Alexandri</strong></span> <span class='ocrx_word' id='word_1_133' title='bbox 1490 1422 1637 1484; x_wconf 83' lang='lat' dir='ltr'><strong>Magni</strong></span> <span class='ocrx_word' id='word_1_134' title='bbox 1676 1428 1800 1469; x_wconf 87' lang='lat' dir='ltr'><strong>aeta-</strong></span> 
     </span>
     <span class='ocr_line' id='line_1_18' title="bbox 271 1493 1798 1554; baseline 0 -14"><span class='ocrx_word' id='word_1_135' title='bbox 271 1500 361 1541; x_wconf 91' lang='lat' dir='ltr'><strong>tem</strong></span> <span class='ocrx_word' id='word_1_136' title='bbox 397 1493 444 1539; x_wconf 91' lang='lat' dir='ltr'><strong>in</strong></span> <span class='ocrx_word' id='word_1_137' title='bbox 480 1494 634 1554; x_wconf 89' lang='lat' dir='ltr'><strong>regnis</strong></span> <span class='ocrx_word' id='word_1_138' title='bbox 670 1493 724 1540; x_wconf 86' lang='lat' dir='ltr'><strong>ad</strong></span> <span class='ocrx_word' id='word_1_139' title='bbox 760 1508 875 1554; x_wconf 86' lang='lat' dir='ltr'><strong>quae</strong></span> <span class='ocrx_word' id='word_1_140' title='bbox 908 1500 1003 1539; x_wconf 93' lang='lat' dir='ltr'><strong>tum</strong></span> <span class='ocrx_word' id='word_1_141' title='bbox 1041 1494 1310 1541; x_wconf 86' lang='lat' dir='ltr'><strong>Graecorum</strong></span> <span class='ocrx_word' id='word_1_142' title='bbox 1346 1494 1497 1541; x_wconf 91' lang='lat' dir='ltr'><strong>cultus</strong></span> <span class='ocrx_word' id='word_1_143' title='bbox 1535 1501 1581 1540; x_wconf 92' lang='lat' dir='ltr'><strong>et</strong></span> <span class='ocrx_word' id='word_1_144' title='bbox 1616 1493 1798 1540; x_wconf 88' lang='lat' dir='ltr'><strong>litterae</strong></span> 
     </span>
     <span class='ocr_line' id='line_1_19' title="bbox 268 1563 1800 1626; baseline -0.001 -15"><span class='ocrx_word' id='word_1_145' title='bbox 268 1571 665 1626; x_wconf 77' lang='lat' dir='ltr'><strong>permanaverunt‚</strong></span> <span class='ocrx_word' id='word_1_146' title='bbox 693 1567 881 1611; x_wconf 84' lang='lat' dir='ltr'><strong>maxime</strong></span> <span class='ocrx_word' id='word_1_147' title='bbox 907 1565 954 1610; x_wconf 90' lang='lat' dir='ltr'><strong>in</strong></span> <span class='ocrx_word' id='word_1_148' title='bbox 976 1565 1210 1626; x_wconf 78' lang='lat' dir='ltr'><strong>Aegypto,</strong></span> <span class='ocrx_word' id='word_1_149' title='bbox 1240 1572 1341 1611; x_wconf 89' lang='lat' dir='ltr'><strong>orta</strong></span> <span class='ocrx_word' id='word_1_150' title='bbox 1367 1572 1487 1611; x_wconf 89' lang='lat' dir='ltr'><strong>sunt.</strong></span> <span class='ocrx_word' id='word_1_151' title='bbox 1539 1564 1649 1611; x_wconf 88' lang='lat' dir='ltr'><strong>Nam</strong></span> <span class='ocrx_word' id='word_1_152' title='bbox 1675 1563 1800 1610; x_wconf 84' lang='lat' dir='ltr'><strong>velut</strong></span> 
     </span>
     <span class='ocr_line' id='line_1_20' title="bbox 269 1634 1800 1697; baseline 0 -17"><span class='ocrx_word' id='word_1_153' title='bbox 269 1635 448 1695; x_wconf 91' lang='lat' dir='ltr'><strong>linguae</strong></span> <span class='ocrx_word' id='word_1_154' title='bbox 487 1634 751 1682; x_wconf 90' lang='lat' dir='ltr'><strong>vernaculae</strong></span> <span class='ocrx_word' id='word_1_155' title='bbox 790 1634 916 1696; x_wconf 92' lang='lat' dir='ltr'><strong>leges</strong></span> <span class='ocrx_word' id='word_1_156' title='bbox 953 1642 996 1681; x_wconf 90' lang='lat' dir='ltr'><strong>et</strong></span> <span class='ocrx_word' id='word_1_157' title='bbox 1029 1636 1261 1697; x_wconf 87' lang='lat' dir='ltr'><strong>propriam</strong></span> <span class='ocrx_word' id='word_1_158' title='bbox 1298 1635 1672 1682; x_wconf 91' lang='lat' dir='ltr'><strong>consuetudinem</strong></span> <span class='ocrx_word' id='word_1_159' title='bbox 1707 1649 1800 1680; x_wconf 91' lang='lat' dir='ltr'><strong>non</strong></span> 
     </span>
     <span class='ocr_line' id='line_1_21' title="bbox 271 1705 1800 1767; baseline 0 -16"><span class='ocrx_word' id='word_1_160' title='bbox 271 1707 380 1751; x_wconf 89' lang='lat' dir='ltr'><strong>satis</strong></span> <span class='ocrx_word' id='word_1_161' title='bbox 406 1705 521 1751; x_wconf 86' lang='lat' dir='ltr'><strong>bene</strong></span> <span class='ocrx_word' id='word_1_162' title='bbox 545 1707 878 1766; x_wconf 81' lang='lat' dir='ltr'><strong>cognoscimuS,</strong></span> <span class='ocrx_word' id='word_1_163' title='bbox 912 1707 999 1752; x_wconf 89' lang='lat' dir='ltr'><strong>nisi</strong></span> <span class='ocrx_word' id='word_1_164' title='bbox 1026 1706 1354 1753; x_wconf 86' lang='lat' dir='ltr'><strong>contulerimus</strong></span> <span class='ocrx_word' id='word_1_165' title='bbox 1381 1706 1569 1753; x_wconf 88' lang='lat' dir='ltr'><strong>aliarum</strong></span> <span class='ocrx_word' id='word_1_166' title='bbox 1595 1707 1800 1767; x_wconf 90' lang='lat' dir='ltr'><strong>gentium</strong></span> 
     </span>
     <span class='ocr_line' id='line_1_22' title="bbox 271 1776 1801 1838; baseline -0.001 -16"><span class='ocrx_word' id='word_1_167' title='bbox 271 1790 527 1822; x_wconf 88' lang='lat' dir='ltr'><strong>sermones:</strong></span> <span class='ocrx_word' id='word_1_168' title='bbox 563 1776 627 1823; x_wconf 91' lang='lat' dir='ltr'><strong>sic</strong></span> <span class='ocrx_word' id='word_1_169' title='bbox 653 1791 964 1823; x_wconf 89' lang='lat' dir='ltr'><strong>mensurarum</strong></span> <span class='ocrx_word' id='word_1_170' title='bbox 1000 1777 1163 1837; x_wconf 87' lang='lat' dir='ltr'><strong>quibus</strong></span> <span class='ocrx_word' id='word_1_171' title='bbox 1196 1778 1332 1838; x_wconf 90' lang='lat' dir='ltr'><strong>vulgo</strong></span> <span class='ocrx_word' id='word_1_172' title='bbox 1370 1777 1544 1823; x_wconf 89' lang='lat' dir='ltr'><strong>utimur</strong></span> <span class='ocrx_word' id='word_1_173' title='bbox 1579 1784 1727 1824; x_wconf 90' lang='lat' dir='ltr'><strong>certas</strong></span> <span class='ocrx_word' id='word_1_174' title='bbox 1755 1782 1801 1822; x_wconf 87' lang='lat' dir='ltr'><strong>et</strong></span> 
     </span>
     <span class='ocr_line' id='line_1_23' title="bbox 271 1847 1801 1909; baseline 0 -17"><span class='ocrx_word' id='word_1_175' title='bbox 271 1848 448 1894; x_wconf 86' lang='lat' dir='ltr'><strong>exactas</strong></span> <span class='ocrx_word' id='word_1_176' title='bbox 478 1849 679 1893; x_wconf 90' lang='lat' dir='ltr'><strong>rationes</strong></span> <span class='ocrx_word' id='word_1_177' title='bbox 704 1862 796 1893; x_wconf 90' lang='lat' dir='ltr'><strong>non</strong></span> <span class='ocrx_word' id='word_1_178' title='bbox 823 1848 949 1909; x_wconf 89' lang='lat' dir='ltr'><strong>prius</strong></span> <span class='ocrx_word' id='word_1_179' title='bbox 976 1862 1134 1894; x_wconf 89' lang='lat' dir='ltr'><strong>curare</strong></span> <span class='ocrx_word' id='word_1_180' title='bbox 1163 1847 1361 1894; x_wconf 90' lang='lat' dir='ltr'><strong>solemus</strong></span> <span class='ocrx_word' id='word_1_181' title='bbox 1388 1862 1522 1908; x_wconf 90' lang='lat' dir='ltr'><strong>quam</strong></span> <span class='ocrx_word' id='word_1_182' title='bbox 1553 1861 1655 1894; x_wconf 91' lang='lat' dir='ltr'><strong>cum</strong></span> <span class='ocrx_word' id='word_1_183' title='bbox 1680 1852 1801 1894; x_wconf 90' lang='lat' dir='ltr'><strong>cete-</strong></span> 
     </span>
     <span class='ocr_line' id='line_1_24' title="bbox 270 1916 1802 1979; baseline 0.001 -17"><span class='ocrx_word' id='word_1_184' title='bbox 270 1931 423 1964; x_wconf 91' lang='lat' dir='ltr'><strong>rarum</strong></span> <span class='ocrx_word' id='word_1_185' title='bbox 449 1918 651 1977; x_wconf 90' lang='lat' dir='ltr'><strong>gentium</strong></span> <span class='ocrx_word' id='word_1_186' title='bbox 675 1920 897 1964; x_wconf 90' lang='lat' dir='ltr'><strong>mensuris</strong></span> <span class='ocrx_word' id='word_1_187' title='bbox 923 1919 1004 1965; x_wconf 87' lang='lat' dir='ltr'><strong>has</strong></span> <span class='ocrx_word' id='word_1_188' title='bbox 1032 1933 1296 1979; x_wconf 89' lang='lat' dir='ltr'><strong>comparare</strong></span> <span class='ocrx_word' id='word_1_189' title='bbox 1323 1931 1508 1965; x_wconf 90' lang='lat' dir='ltr'><strong>necesse</strong></span> <span class='ocrx_word' id='word_1_190' title='bbox 1536 1918 1610 1964; x_wconf 93' lang='lat' dir='ltr'><strong>sit.</strong></span> <span class='ocrx_word' id='word_1_191' title='bbox 1669 1916 1802 1973; x_wconf 86' lang='lat' dir='ltr'><strong>Quod</strong></span> 
     </span>
     <span class='ocr_line' id='line_1_25' title="bbox 270 1987 1800 2050; baseline 0.001 -18"><span class='ocrx_word' id='word_1_192' title='bbox 270 1987 504 2033; x_wconf 86' lang='lat' dir='ltr'><strong>verissime</strong></span> <span class='ocrx_word' id='word_1_193' title='bbox 533 1989 667 2034; x_wconf 90' lang='lat' dir='ltr'><strong>etiam</strong></span> <span class='ocrx_word' id='word_1_194' title='bbox 694 1989 748 2034; x_wconf 91' lang='lat' dir='ltr'><strong>de</strong></span> <span class='ocrx_word' id='word_1_195' title='bbox 777 1990 958 2035; x_wconf 89' lang='lat' dir='ltr'><strong>Graecis</strong></span> <span class='ocrx_word' id='word_1_196' title='bbox 984 1989 1072 2035; x_wconf 86' lang='lat' dir='ltr'><strong>dici</strong></span> <span class='ocrx_word' id='word_1_197' title='bbox 1099 1995 1266 2050; x_wconf 89' lang='lat' dir='ltr'><strong>potest.</strong></span> <span class='ocrx_word' id='word_1_198' title='bbox 1328 1988 1505 2034; x_wconf 87' lang='lat' dir='ltr'><strong>Etenim</strong></span> <span class='ocrx_word' id='word_1_199' title='bbox 1539 2001 1621 2035; x_wconf 92' lang='lat' dir='ltr'><strong>nec</strong></span> <span class='ocrx_word' id='word_1_200' title='bbox 1658 1988 1800 2034; x_wconf 88' lang='lat' dir='ltr'><strong>Hero-</strong></span> 
     </span>
     <span class='ocr_line' id='line_1_26' title="bbox 272 2055 1800 2119; baseline 0.001 -16"><span class='ocrx_word' id='word_1_201' title='bbox 272 2057 407 2103; x_wconf 90' lang='lat' dir='ltr'><strong>dotus</strong></span> <span class='ocrx_word' id='word_1_202' title='bbox 439 2058 594 2104; x_wconf 89' lang='lat' dir='ltr'><strong>Graeci</strong></span> <span class='ocrx_word' id='word_1_203' title='bbox 621 2058 762 2105; x_wconf 89' lang='lat' dir='ltr'><strong>cubiti</strong></span> <span class='ocrx_word' id='word_1_204' title='bbox 800 2073 933 2119; x_wconf 88' lang='lat' dir='ltr'><strong>quem</strong></span> <span class='ocrx_word' id='word_1_205' title='bbox 971 2055 1184 2119; x_wconf 86' lang='grc' dir='ltr'>μέτριον</span> <span class='ocrx_word' id='word_1_206' title='bbox 1217 2065 1347 2106; x_wconf 86' lang='lat' dir='ltr'><strong>vocat</strong></span> <span class='ocrx_word' id='word_1_207' title='bbox 1374 2073 1633 2105; x_wconf 88' lang='lat' dir='ltr'><strong>mensuram</strong></span> <span class='ocrx_word' id='word_1_208' title='bbox 1662 2059 1800 2105; x_wconf 91' lang='lat' dir='ltr'><strong>trium</strong></span> 
     </span>
     <span class='ocr_line' id='line_1_27' title="bbox 217 2127 1800 2190; baseline 0 -16"><span class='ocrx_word' id='word_1_209' title='bbox 217 2155 223 2160; x_wconf 86' lang='lat'><em>·</em></span> <span class='ocrx_word' id='word_1_210' title='bbox 272 2127 521 2188; x_wconf 90' lang='lat' dir='ltr'><strong>digitorum</strong></span> <span class='ocrx_word' id='word_1_211' title='bbox 563 2128 821 2176; x_wconf 90' lang='lat' dir='ltr'><strong>discrimine</strong></span> <span class='ocrx_word' id='word_1_212' title='bbox 863 2129 1160 2189; x_wconf 80' lang='lat' dir='ltr'><strong>definivisset,</strong></span> <span class='ocrx_word' id='word_1_213' title='bbox 1210 2132 1299 2176; x_wconf 92' lang='lat' dir='ltr'><strong>nisi</strong></span> <span class='ocrx_word' id='word_1_214' title='bbox 1337 2131 1455 2176; x_wconf 89' lang='lat' dir='ltr'><strong>hunc</strong></span> <span class='ocrx_word' id='word_1_215' title='bbox 1490 2146 1515 2176; x_wconf 89' lang='lat' dir='ltr'><strong>a</strong></span> <span class='ocrx_word' id='word_1_216' title='bbox 1552 2131 1680 2190; x_wconf 89' lang='lat' dir='ltr'><strong>regio</strong></span> <span class='ocrx_word' id='word_1_217' title='bbox 1729 2127 1800 2175; x_wconf 90' lang='lat' dir='ltr'><strong>vel</strong></span> 
     </span>
     <span class='ocr_line' id='line_1_28' title="bbox 272 2197 1801 2259; baseline 0.001 -16"><span class='ocrx_word' id='word_1_218' title='bbox 272 2197 455 2245; x_wconf 90' lang='lat' dir='ltr'><strong>Persico</strong></span> <span class='ocrx_word' id='word_1_219' title='bbox 482 2198 637 2245; x_wconf 88' lang='lat' dir='ltr'><strong>cubito</strong></span> <span class='ocrx_word' id='word_1_220' title='bbox 663 2199 1034 2259; x_wconf 88' lang='lat' dir='ltr'><strong>distinguendum</strong></span> <span class='ocrx_word' id='word_1_221' title='bbox 1059 2215 1161 2246; x_wconf 90' lang='lat' dir='ltr'><strong>esse</strong></span> <span class='ocrx_word' id='word_1_222' title='bbox 1188 2201 1400 2258; x_wconf 78' lang='lat' dir='ltr'><strong>vidisset,</strong></span> <span class='ocrx_word' id='word_1_223' title='bbox 1439 2215 1523 2246; x_wconf 93' lang='lat' dir='ltr'><strong>nec</strong></span> <span class='ocrx_word' id='word_1_224' title='bbox 1557 2213 1664 2246; x_wconf 91' lang='lat' dir='ltr'><strong>vero</strong></span> <span class='ocrx_word' id='word_1_225' title='bbox 1695 2201 1801 2245; x_wconf 93' lang='lat' dir='ltr'><strong>Pto-</strong></span> 
     </span>
     <span class='ocr_line' id='line_1_29' title="bbox 273 2267 1799 2331; baseline 0.001 -17"><span class='ocrx_word' id='word_1_226' title='bbox 273 2267 431 2315; x_wconf 90' lang='lat' dir='ltr'><strong>lemaei</strong></span> <span class='ocrx_word' id='word_1_227' title='bbox 468 2269 662 2330; x_wconf 83' lang='lat' dir='ltr'><strong>Aegypti</strong></span> <span class='ocrx_word' id='word_1_228' title='bbox 699 2284 831 2330; x_wconf 89' lang='lat' dir='ltr'><strong>reges</strong></span> <span class='ocrx_word' id='word_1_229' title='bbox 869 2277 1102 2317; x_wconf 88' lang='lat' dir='ltr'><strong>accuratas</strong></span> <span class='ocrx_word' id='word_1_230' title='bbox 1142 2285 1459 2317; x_wconf 89' lang='lat' dir='ltr'><strong>mensurarum</strong></span> <span class='ocrx_word' id='word_1_231' title='bbox 1487 2270 1664 2317; x_wconf 90' lang='lat' dir='ltr'><strong>tabulas</strong></span> <span class='ocrx_word' id='word_1_232' title='bbox 1691 2284 1799 2331; x_wconf 90' lang='lat' dir='ltr'><strong>pro-</strong></span> 
     </span>
     <span class='ocr_line' id='line_1_30' title="bbox 274 2340 1799 2402; baseline 0.001 -17"><span class='ocrx_word' id='word_1_233' title='bbox 274 2340 383 2400; x_wconf 90' lang='lat' dir='ltr'><strong>poni</strong></span> <span class='ocrx_word' id='word_1_234' title='bbox 411 2353 579 2400; x_wconf 88' lang='lat' dir='ltr'><strong>easque</strong></span> <span class='ocrx_word' id='word_1_235' title='bbox 604 2341 659 2387; x_wconf 87' lang='lat' dir='ltr'><strong>ad</strong></span> <span class='ocrx_word' id='word_1_236' title='bbox 685 2340 930 2402; x_wconf 86' lang='lat' dir='ltr'><strong>populares</strong></span> <span class='ocrx_word' id='word_1_237' title='bbox 956 2343 1156 2387; x_wconf 89' lang='lat' dir='ltr'><strong>rationes</strong></span> <span class='ocrx_word' id='word_1_238' title='bbox 1184 2342 1515 2389; x_wconf 86' lang='lat' dir='ltr'><strong>accommodari</strong></span> <span class='ocrx_word' id='word_1_239' title='bbox 1540 2342 1799 2398; x_wconf 84' lang='lat' dir='ltr'><strong>iussissent,</strong></span> 
     </span>
     <span class='ocr_line' id='line_1_31' title="bbox 275 2410 1801 2474; baseline 0.002 -20"><span class='ocrx_word' id='word_1_240' title='bbox 275 2410 362 2455; x_wconf 89' lang='lat' dir='ltr'><strong>nisi</strong></span> <span class='ocrx_word' id='word_1_241' title='bbox 397 2411 572 2457; x_wconf 90' lang='lat' dir='ltr'><strong>diversa</strong></span> <span class='ocrx_word' id='word_1_242' title='bbox 605 2411 658 2457; x_wconf 85' lang='lat' dir='ltr'><strong>ab</strong></span> <span class='ocrx_word' id='word_1_243' title='bbox 696 2412 766 2458; x_wconf 86' lang='lat' dir='ltr'><strong>his</strong></span> <span class='ocrx_word' id='word_1_244' title='bbox 793 2426 1106 2458; x_wconf 86' lang='lat' dir='ltr'><strong>mensurarum</strong></span> <span class='ocrx_word' id='word_1_245' title='bbox 1142 2419 1309 2474; x_wconf 88' lang='lat' dir='ltr'><strong>genera</strong></span> <span class='ocrx_word' id='word_1_246' title='bbox 1348 2419 1478 2459; x_wconf 88' lang='lat' dir='ltr'><strong>antea</strong></span> <span class='ocrx_word' id='word_1_247' title='bbox 1512 2412 1630 2473; x_wconf 90' lang='lat' dir='ltr'><strong>apud</strong></span> <span class='ocrx_word' id='word_1_248' title='bbox 1654 2413 1801 2472; x_wconf 84' lang='lat' dir='ltr'><strong>Aegy-</strong></span> 
     </span>
     <span class='ocr_line' id='line_1_32' title="bbox 275 2474 1801 2543; baseline 0.002 -19"><span class='ocrx_word' id='word_1_249' title='bbox 275 2480 399 2539; x_wconf 90' lang='lat' dir='ltr'><strong>ptios</strong></span> <span class='ocrx_word' id='word_1_250' title='bbox 424 2482 592 2528; x_wconf 90' lang='lat' dir='ltr'><strong>usitata</strong></span> <span class='ocrx_word' id='word_1_251' title='bbox 621 2474 828 2528; x_wconf 81' lang='lat' dir='ltr'><strong>fuissent.</strong></span> <span class='ocrx_word' id='word_1_252' title='bbox 875 2481 971 2537; x_wconf 87' lang='lat' dir='ltr'><strong>Qua</strong></span> <span class='ocrx_word' id='word_1_253' title='bbox 995 2483 1050 2528; x_wconf 91' lang='lat' dir='ltr'><strong>de</strong></span> <span class='ocrx_word' id='word_1_254' title='bbox 1074 2497 1140 2541; x_wconf 84' lang='lat' dir='ltr'><strong>re,</strong></span> <span class='ocrx_word' id='word_1_255' title='bbox 1170 2485 1385 2543; x_wconf 90' lang='lat' dir='ltr'><strong>quoniam</strong></span> <span class='ocrx_word' id='word_1_256' title='bbox 1414 2483 1560 2530; x_wconf 91' lang='lat' dir='ltr'><strong>omnis</strong></span> <span class='ocrx_word' id='word_1_257' title='bbox 1587 2483 1643 2528; x_wconf 89' lang='lat' dir='ltr'><strong>de</strong></span> <span class='ocrx_word' id='word_1_258' title='bbox 1659 2482 1801 2527; x_wconf 88' lang='lat' dir='ltr'><strong>Hero-</strong></span> 
     </span>
     <span class='ocr_line' id='line_1_33' title="bbox 278 2549 1799 2614; baseline 0.003 -21"><span class='ocrx_word' id='word_1_259' title='bbox 278 2549 421 2594; x_wconf 89' lang='lat' dir='ltr'><strong>nianis</strong></span> <span class='ocrx_word' id='word_1_260' title='bbox 446 2550 705 2610; x_wconf 82' lang='lat' dir='ltr'><strong>fragmentis</strong></span> <span class='ocrx_word' id='word_1_261' title='bbox 733 2553 981 2614; x_wconf 89' lang='lat' dir='ltr'><strong>disputatio</strong></span> <span class='ocrx_word' id='word_1_262' title='bbox 1008 2554 1095 2600; x_wconf 92' lang='lat' dir='ltr'><strong>hoc</strong></span> <span class='ocrx_word' id='word_1_263' title='bbox 1120 2554 1256 2600; x_wconf 89' lang='lat' dir='ltr'><strong>habet</strong></span> <span class='ocrx_word' id='word_1_264' title='bbox 1283 2555 1413 2614; x_wconf 88' lang='lat' dir='ltr'><strong>quasi</strong></span> <span class='ocrx_word' id='word_1_265' title='bbox 1443 2554 1799 2610; x_wconf 84' lang='lat' dir='ltr'><strong>fundamentum,</strong></span> 
     </span>
     <span class='ocr_line' id='line_1_34' title="bbox 280 2619 1801 2686; baseline 0.004 -23"><span class='ocrx_word' id='word_1_266' title='bbox 280 2619 431 2664; x_wconf 90' lang='lat' dir='ltr'><strong>statim</strong></span> <span class='ocrx_word' id='word_1_267' title='bbox 460 2621 545 2666; x_wconf 88' lang='lat' dir='ltr'><strong>hoc</strong></span> <span class='ocrx_word' id='word_1_268' title='bbox 572 2620 675 2668; x_wconf 92' lang='lat' dir='ltr'><strong>loco</strong></span> <span class='ocrx_word' id='word_1_269' title='bbox 704 2623 898 2670; x_wconf 90' lang='lat' dir='ltr'><strong>breviter</strong></span> <span class='ocrx_word' id='word_1_270' title='bbox 925 2624 1238 2686; x_wconf 81' lang='lat' dir='ltr'><strong>exponendum</strong></span> <span class='ocrx_word' id='word_1_271' title='bbox 1271 2639 1371 2672; x_wconf 92' lang='lat' dir='ltr'><strong>esse</strong></span> <span class='ocrx_word' id='word_1_272' title='bbox 1405 2624 1606 2682; x_wconf 81' lang='lat' dir='ltr'><strong>videtur,</strong></span> <span class='ocrx_word' id='word_1_273' title='bbox 1646 2636 1801 2684; x_wconf 88' lang='lat' dir='ltr'><strong>quam-</strong></span> 
     </span>
    </p>

    <p class='ocr_par' dir='ltr' id='par_1_5' title="bbox 280 2693 1801 2826">
     <span class='ocr_line' id='line_1_35' title="bbox 280 2693 1751 2757; baseline 0.004 -23"><span class='ocrx_word' id='word_1_274' title='bbox 280 2703 412 2748; x_wconf 89' lang='lat' dir='ltr'><strong>quam</strong></span> <span class='ocrx_word' id='word_1_275' title='bbox 438 2693 692 2738; x_wconf 87' lang='lat' dir='ltr'><strong>accuratius</strong></span> <span class='ocrx_word' id='word_1_276' title='bbox 720 2694 772 2739; x_wconf 88' lang='lat' dir='ltr'><strong>de</strong></span> <span class='ocrx_word' id='word_1_277' title='bbox 797 2696 956 2741; x_wconf 92' lang='lat' dir='ltr'><strong>eodem</strong></span> <span class='ocrx_word' id='word_1_278' title='bbox 984 2703 1251 2756; x_wconf 90' lang='lat' dir='ltr'><strong>argumento</strong></span> <span class='ocrx_word' id='word_1_279' title='bbox 1274 2702 1435 2757; x_wconf 89' lang='lat' dir='ltr'><strong>postea</strong></span> <span class='ocrx_word' id='word_1_280' title='bbox 1461 2694 1751 2740; x_wconf 90' lang='lat' dir='ltr'><strong>disseremus.</strong></span> 
     </span>
     <span class='ocr_line' id='line_1_36' title="bbox 385 2759 1801 2826; baseline 0.005 -23"><span class='ocrx_word' id='word_1_281' title='bbox 385 2759 451 2805; x_wconf 89' lang='lat' dir='ltr'><strong>Ab</strong></span> <span class='ocrx_word' id='word_1_282' title='bbox 487 2762 812 2821; x_wconf 87' lang='lat' dir='ltr'><strong>antiquissimis</strong></span> <span class='ocrx_word' id='word_1_283' title='bbox 851 2765 1130 2826; x_wconf 88' lang='lat' dir='ltr'><strong>temporibus</strong></span> <span class='ocrx_word' id='word_1_284' title='bbox 1157 2766 1357 2813; x_wconf 88' lang='lat' dir='ltr'><strong>cubitum</strong></span> <span class='ocrx_word' id='word_1_285' title='bbox 1387 2765 1554 2811; x_wconf 88' lang='lat' dir='ltr'><strong>Graeca</strong></span> <span class='ocrx_word' id='word_1_286' title='bbox 1589 2777 1801 2811; x_wconf 90' lang='lat' dir='ltr'><strong>mensura</strong></span> 
     </span>
    </p>
   </div>
   <div class='ocr_carea' id='block_1_5' title="bbox 281 2886 1801 3022">
    <p class='ocr_par' dir='ltr' id='par_1_6' title="bbox 281 2886 1801 3022">
     <span class='ocr_line' id='line_1_37' title="bbox 394 2886 1801 2968; baseline 0.004 -17"><span class='ocrx_word' id='word_1_287' title='bbox 394 2886 806 2962; x_wconf 30' lang='lat' dir='ltr'><strong>1)&#39;*Miseeuaneous</strong></span> <span class='ocrx_word' id='word_1_288' title='bbox 844 2915 1002 2964; x_wconf 67' lang='lat' dir='ltr'><strong>morke,</strong></span> <span class='ocrx_word' id='word_1_289' title='bbox 1050 2917 1280 2959; x_wconf 71' lang='lat' dir='ltr'><strong>Discourse</strong></span> <span class='ocrx_word' id='word_1_290' title='bbox 1318 2917 1373 2968; x_wconf 74' lang='lat' dir='ltr'><strong>of</strong></span> <span class='ocrx_word' id='word_1_291' title='bbox 1403 2917 1469 2958; x_wconf 66' lang='lat' dir='ltr'><strong>tlte</strong></span> <span class='ocrx_word' id='word_1_292' title='bbox 1509 2916 1671 2958; x_wconf 82' lang='lat' dir='ltr'><strong>Roman</strong></span> <span class='ocrx_word' id='word_1_293' title='bbox 1704 2915 1801 2968; x_wconf 72' lang='lat' dir='ltr'><strong>foot</strong></span> 
     </span>
     <span class='ocr_line' id='line_1_38' title="bbox 281 2969 785 3022; baseline 0.01 -15"><span class='ocrx_word' id='word_1_294' title='bbox 281 2969 368 3008; x_wconf 83' lang='lat' dir='ltr'><strong>and</strong></span> <span class='ocrx_word' id='word_1_295' title='bbox 395 2969 594 3009; x_wconf 79' lang='lat' dir='ltr'><strong>denarius</strong></span> <span class='ocrx_word' id='word_1_296' title='bbox 624 2982 667 3022; x_wconf 90' lang='lat' dir='ltr'><strong>p.</strong></span> <span class='ocrx_word' id='word_1_297' title='bbox 692 2970 785 3012; x_wconf 77' lang='lat'><strong>18⁷.</strong></span> 
     </span>
    </p>
   </div>
  </div>
 </body>
</html>
