1946 3220
5 0 242 149 Γ

8 144 46 168 ‘tw

77 149 209 235 [104]
498 180 569 215 nx
603 179 867 217 unsvcmo
904 181 1196 218 ExcnRP'rA.
1505 163 1610 219 319

181 288 433 354 Ἡμίτιον,
459 289 769 355 τετράχουν.

179 372 393 440 Ἠμίχα,
417 373 752 439 ἧμιςτατῆρα.

179 458 456 524 Ἡμίχους,
480 458 696 523 μέτρον,
721 456 975 524 μεδίμνου
1003 456 1240 515 εἰκοςτὸν
1264 457 1534 524 τέταρτον.

181 540 562 609 Ἡμιωβόλιον,
585 541 648 594 τὸ
673 539 824 605 ἥμιςυ
852 545 950 596 τοῦ
976 541 1196 610 ὀβολοῦ.

180 625 427 688 Ἰαλύςια,
452 625 520 678 τὰ
544 625 604 680 έν
633 626 847 696 Ἰαλυςῷ
878 626 1185 693 νομίςματα.
1636 645 1663 685 5

176 710 410 776 Ἴβανον,
433 709 622 774 κάδον,
650 709 918 776 ςταμνίον,
948 711 1183 777 χαλκίον.

175 793 361 860 Ἱμίνα,
389 795 575 860 χοῖνιξ.

176 877 360 944 Ἱμίνη,
386 877 598 943 κοτύλη.

167 960 354 1031 Ἶνίον]
386 982 411 1014 *
439 963 473 1028 ἢ
500 963 709 1029 μέτρον.

175 1046 411 1102 Ἵππειος
435 1047 663 1113 δρόμος,
690 1047 1060 1113 τετραςτάδιός
1083 1063 1174 1102 τις.
1636 1064 1688 1105 10

175 1131 395 1197 Ἵππορ,
436 1131 533 1186 τόν
565 1147 623 1186 τε
653 1130 826 1187 ἵππον
854 1132 938 1186 καὶ
971 1133 1069 1187 τὸν
1103 1133 1480 1199 τετράχαλκον.
1511 1173 1521 1185 .
1549 1173 1560 1185 .
1590 1172 1601 1185 .

8 1240 18 1299 ss
69 1214 336 1270 Λάκωνες.

7 1366 19 1434 ἐ

180 1298 463 1365 Κάβαιςος,
490 1299 781 1365 ἄπληςτος·
813 1299 978 1368 κάβος
1003 1300 1107 1366 γὰρ
1131 1301 1325 1368 μέτρον
1359 1300 1564 1357 ςιτικόν.

181 1377 378 1449 Κάβος,
407 1384 601 1449 μέτρον
634 1385 827 1439 ςιτικόν
851 1385 936 1438 καὶ
961 1384 1178 1439 οἰνικόν.

178 1467 457 1533 Κάδδιχον,
481 1466 728 1532 ἡμίεκτον
753 1469 786 1534 ἢ
813 1468 1021 1534 μέτρον.
1635 1484 1686 1525 15

176 1551 376 1616 Κάδος,
399 1551 666 1617 κεράμιον.

178 1636 610 1701 Καλλιχέλωνος,
651 1637 682 1690 ὁ
719 1636 942 1703 ὀβολός·
995 1634 1106 1703 εἶχε.
1140 1636 1243 1702 γὰρ
1279 1637 1342 1691 τὸ
1377 1633 1601 1704 νόμιςμα

13 1719 21 1761 ἑ
65 1720 315 1788 χελώνην
344 1721 849 1787 έπικεχαραγμένην.

176 1804 456 1871 Καμαςτίς,
483 1806 679 1871 μέτρον
705 1822 764 1858 τι.
816 1804 1068 1871 Ἀμερίας.

180 1889 515 1955 Κάμμαρψις,
542 1889 735 1955 μέτρον
764 1889 973 1953 ςιτικόν,
998 1889 1061 1943 τὸ
1085 1888 1445 1956 ἡμιμέδιμνον.
1479 1886 1598 1942 Αἰο-
1628 1904 1684 1945 20

66 1974 189 2027 λεῖς.

176 2056 510 2124 Καμμάςτην,
538 2059 734 2123 μέτρον
763 2074 825 2111 τι.

176 2142 423 2207 Καπέτις,
450 2143 634 2208 χοῖνιξ.

175 2226 402 2292 Καπίθη,
435 2226 654 2290 ἀγγεῖον
690 2228 910 2292 χωροῦν
949 2225 1180 2281 Ἀττικὰς
1219 2225 1447 2281 κοτύλας
1483 2223 1596 2279 δύο.

176 2310 463 2376 Κεράμων,
486 2311 550 2365 τὸ
575 2313 673 2365 τοῦ
700 2310 857 2366 οἴνου
884 2311 916 2376 ἢ
943 2311 1140 2367 ὕδατος
1165 2311 1430 2378 ςταμνίον.
1627 2324 1682 2366 25

176 2393 366 2459 Κέρςα,
391 2393 633 2450 Ἀςιανὸν
659 2394 896 2462 νόμιςμα.

181 2624 219 2663 1.
253 2618 499 2672 ἡμίεκτον·
531 2619 885 2673 τετραχοίνικον
907 2621 1082 2662 Kaecster.
1192 2622 1233 2664 3.
1256 2617 1468 2662 εἰκοςτόν
1490 2619 1593 2661 add.

16 2691 23 2712 ³
65 2689 245 2735 Kuster.
359 2693 402 2732 4.
435 2689 724 2743 ἡμιωβόλιον
755 2690 950 2743 Salmas„
982 2688 1224 2742 ἡμιβόλιον
1257 2690 1356 2735 cod.
1471 2691 1512 2733 5.
1544 2687 1594 2730 ἑν

16 2748 30 2786 '3
68 2759 260 2804 Ἰαλύςαι
291 2761 392 2806 cod.
514 2763 554 2806 7.
587 2758 686 2813 ἰμία
722 2759 852 2814 χύνιξ
884 2761 1000 2813 cod„
1042 2773 1126 2806 em.
1158 2760 1272 2803 Mus.
1388 2759 1430 2802 8.
1464 2756 1592 2810 ἰμίνη

17 2874 23 2889 ἶ
67 2830 168 2874 cod.
285 2832 354 2877 11.
382 2829 599 2885 ἵπποπορ
631 2831 731 2873 cod.
879 2833 947 2874 14.
986 2830 1062 2873 καὶ
1099 2827 1299 2885 οἰνικόν]
1339 2830 1595 2882 χοινικαῖον

18 2930 26 2954 c
66 2901 221 2954 Solum
254 2906 303 2944 at
334 2903 455 2947 conf.
487 2916 533 2947 v.
563 2899 748 2955 ςμιρεύς
893 2903 963 2945 20.
999 2906 1045 2944 et
1073 2903 1142 2945 22.
1175 2900 1359 2957 singula
1391 2912 1422 2954 μ
1450 2900 1594 2942 habet

66 2972 165 3014 cod.
196 2972 342 3015 invito
359 2973 531 3015 »rdine
563 2972 820 3015 litterarum
