1946 3220
332 143 407 196 80
858 155 1247 190 PROLEGOMENA
1272 155 1326 189 IN

338 273 567 334 appellare
593 268 768 330 solet³).
818 270 934 316 Satis
955 275 1108 329 aperta
1129 282 1201 314 res
1224 275 1293 314 est
1318 281 1341 313 e
1363 266 1518 314 Galeni
1539 267 1858 329 descriptione.
1934 286 1939 330 ς,

337 343 623 390 Dividebatur
647 356 790 388 cornu
817 340 1051 397 olearium,
1078 338 1199 399 quod
1223 339 1428 385 heminae
1447 338 1630 384 modum
1651 338 1858 396 habebat,
1919 369 1922 371 -
1942 362 1946 366 ⁴

340 413 520 461 circulis
547 412 699 458 incisis
724 412 769 456 in
797 410 1031 456 duodecim
1055 415 1224 471 parteS,
1255 422 1370 469 quae
1395 422 1418 453 e
1445 409 1646 455 Romana
1669 423 1859 456 consue·

339 485 492 530 tudine
519 483 676 528 unciae
702 481 993 538 vocabantur,
1022 488 1160 540 atque
1186 480 1286 526 inde
1312 481 1455 539 ipsam
1481 479 1704 526 heminam
1733 479 1858 525 Gale-

339 569 423 599 nus
451 553 610 598 libram
637 552 865 613 appellare
891 551 1137 597 consuevit.
1190 550 1276 596 Sed
1312 551 1425 596 hanc
1453 564 1542 610 quo
1575 566 1599 596 a
1624 550 1860 610 ponderali

339 625 450 669 libra
477 622 768 680 discerneret,
796 622 1007 669 oleariam
1036 621 1162 679 dixit,
1191 622 1379 681 eiusque
1405 627 1557 681 partes
1585 622 1859 667 metricas

338 696 518 749 uncias3
559 693 659 739 illas
695 700 844 739 autem
883 692 1048 753 quibus
1085 694 1131 737 in
1159 691 1565 752 ponderationibus
1598 691 1859 749 utebantur,

340 759 750 824 stathmicas⁴).
805 763 1006 809 Habebat
1039 764 1181 822 igitur
1223 763 1446 808 sextarius
1484 762 1572 807 vini
1608 761 1677 808 vel
1719 775 1860 822 aquae

338 834 600 881 stathmicas
628 835 782 881 uncias
809 834 907 892 XX,
943 835 1154 880 metricas
1186 833 1315 878 XXIV
1349 833 1440 879 sive
1475 832 1614 878 libras
1650 826 1859 878 metricas

337 906 400 960 113
433 905 538 950 item
566 904 717 965 cotyla
741 905 1004 951 stathmicas
1023 904 1180 951 uncias
1195 904 1247 961 X,
1269 904 1478 949 metricas
1498 903 1570 947 XII
1590 903 1682 949 sive
1701 902 1860 949 libram

339 977 567 1022 metricam
594 976 628 1021 Ι.

863 1113 930 1153 De
961 1113 1072 1153 Iulio
1104 1112 1332 1164 Africano.

254 1205 316 1255 47
435 1200 607 1246 Passim
633 1216 655 1246 a
678 1199 911 1257 Salmasio,
926 1199 1109 1256 Savoto,
1132 1199 1356 1245 Gronovio
1377 1199 1575 1244 citantur
1594 1198 1713 1243 varia
1739 1197 1859 1256 frag·

339 1277 489 1316 menta
523 1270 622 1315 Iulii
660 1271 860 1316 Africani
898 1270 1063 1329 quibus
1103 1276 1148 1315 et
1186 1270 1240 1315 de
1263 1269 1456 1330 nummis
1484 1276 1529 1314 et
1555 1268 1608 1314 de
1635 1269 1860 1314 mensuris

340 1355 389 1386 ac
420 1341 700 1401 ponderibus
739 1340 902 1400 agitur.
964 1340 1137 1386 Scimus
1172 1340 1335 1386 lulium
1368 1340 1653 1397 Africanum,
1691 1337 1860 1384 Emmai

340 1411 384 1456 in
410 1410 662 1457 Palaestina
686 1417 857 1468 natum,
885 1410 1014 1456 initio
1043 1412 1163 1456 tertii
1190 1410 1357 1456 saeculi
1384 1417 1429 1455 et
1448 1409 1859 1470 chronographiam

340 1488 386 1527 et
423 1495 537 1541 opus
574 1482 797 1541 quoddam
842 1480 1144 1527 collecticium
1192 1481 1314 1540 quod
1357 1475 1579 1527 Κεετούε
1627 1479 1861 1540 inscripsit

341 1553 654 1612 composuisse
670 1548 715 1610 ¹).
754 1552 803 1596 ln
831 1551 901 1596 his
928 1558 1076 1596 autem
1101 1551 1155 1596 lx
1180 1550 1416 1597 Gestorum
1442 1550 1571 1595 libris
1598 1550 1859 1597 incredibile

343 1629 414 1667 est
447 1636 582 1682 quam
610 1623 756 1668 variae
787 1629 832 1667 et
855 1622 996 1667 mirae
1030 1636 1103 1667 res
1141 1629 1385 1681 congestae
1413 1617 1641 1680 suerint2).
1693 1621 1755 1666 Ex
1791 1621 1860 1666 his

339 1692 450 1737 mihi
480 1693 567 1739 hoc
600 1706 952 1739 commemorare
989 1692 1099 1738 satis
1136 1700 1206 1738 est
1242 1693 1363 1753 quod
1399 1692 1452 1737 ad
1489 1698 1700 1737 nostrum
1728 1705 1862 1750 argu·

340 1768 543 1808 mentum
579 1764 834 1823 pertineat,
870 1777 972 1809 cum
1007 1762 1150 1808 multa
1174 1763 1229 1808 de
1265 1777 1314 1808 re
1341 1762 1594 1808 medicinali
1621 1768 1860 1822 praecepta

343 1841 436 1878 tum
474 1833 693 1880 nonnulla
727 1834 782 1878 de
816 1834 1092 1894 ponderibus
1130 1848 1180 1879 ac
1213 1833 1436 1879 mensuris
1474 1831 1566 1879 illic
1603 1833 1860 1893 perscripta

340 1904 496 1949 fuisse.
544 1902 674 1958 Quod
700 1918 801 1950 cum
828 1905 962 1950 variis
991 1918 1014 1949 e
1042 1904 1314 1950 testimoniis
1342 1903 1676 1964 cognovissem,
1696 1916 1859 1962 magno

341 1973 563 2020 desiderio
608 1974 792 2020 tenebar
825 1974 900 2020 illa
930 1976 1056 2035 ipsa,
1098 1975 1135 2020 si
1167 1974 1264 2020 fieri
1290 1981 1473 2034 posset,
1512 1987 1536 2018 e
1562 1973 1690 2019 libris
1726 1987 1861 2018 manu

340 2043 522 2105 scriptis
545 2045 791 2106 repetendi.
821 2043 948 2099 Quod
968 2059 1069 2091 cum
1090 2059 1179 2090 non
1198 2045 1461 2105 contigerit,
1482 2043 1858 2103 acquiescendum

455 2237 498 2289 3)
528 2238 582 2280 V.
615 2237 669 2280 fr.
701 2240 770 2279 30.
802 2239 871 2278 32.
905 2239 973 2280 33.
1006 2238 1076 2278 34.
1107 2238 1174 2278 36.
1206 2240 1275 2280 37.
1305 2239 1376 2280 41.
1405 2238 1474 2279 43.
1503 2238 1572 2278 47.
1605 2237 1674 2277 49.
1708 2238 1774 2279 50.

452 2293 498 2345 4)
529 2293 660 2336 Conf.
689 2292 874 2336 Metrol.
905 2307 947 2347 p.
975 2295 1032 2335 93
1063 2307 1099 2334 s.

456 2347 504 2402 1)
539 2349 741 2391 Primum
781 2350 874 2391 cito
910 2349 1177 2390 Fabricium
1221 2351 1269 2389 in
1311 2349 1431 2391 Bibl.
1472 2348 1546 2391 Gr.
1584 2353 1692 2390 tom.
1733 2348 1780 2388 11
1818 2362 1860 2401 p.

342 2407 424 2448 595
439 2408 558 2458 —99,
591 2407 668 2459 qui
697 2410 853 2447 tamen
884 2406 939 2447 de
972 2409 1125 2446 aetate
1156 2406 1344 2458 vitaque
1375 2405 1586 2446 Africani
1615 2417 1762 2459 paene
1793 2405 1861 2444 ni-

341 2462 409 2502 hil
448 2462 593 2504 affert.
655 2462 829 2504 Omitto
879 2462 1222 2503 Tillemontium
1274 2463 1320 2515 (a
1362 2462 1583 2503 Fabricio
1629 2461 1857 2511 citatum),

342 2518 641 2559 Lambecium
687 2520 866 2570 (comm.
897 2520 946 2560 in
983 2518 1103 2562 Bibl.
1135 2518 1269 2560 Caes.
1301 2519 1388 2560 VH
1417 2533 1463 2572 p.
1498 2519 1578 2560 198
1608 2517 1711 2569 ss),
1756 2517 1862 2557 Boi-

343 2573 499 2614 vinum
532 2574 767 2624 (Mathem.
799 2578 890 2618 vet.
926 2575 997 2616 ed.
1020 2575 1259 2618 Thevenot
1287 2589 1332 2630 p.
1354 2577 1437 2618 274
1457 2573 1562 2627 ss.);
1593 2587 1699 2614 nam
1731 2586 1863 2627 egre-

345 2629 436 2681 gie,
467 2632 519 2669 Ut
549 2630 680 2684 solet,
711 2632 938 2674 Martinus
971 2631 1121 2687 (Reclz.
1155 2646 1200 2687 p.
1231 2633 1312 2674 343
1343 2645 1378 2674 s.
1411 2632 1494 2674 349
1525 2628 1584 2683 s.)
1616 2630 1671 2671 de
1705 2643 1758 2671 eo
1792 2642 1863 2670 ar-

346 2688 559 2736 gumento
610 2687 880 2741 disputavit,
934 2692 979 2730 et
1020 2701 1138 2742 quae
1185 2693 1265 2731 aut
1313 2691 1442 2730 certa
1482 2690 1560 2728 aut
1597 2685 1861 2740 probabilia

348 2744 503 2780 essent
542 2744 763 2794 exposuit.
825 2744 1062 2787 Gestorum
1099 2745 1243 2787 libros
1283 2745 1323 2787 is
1360 2745 1482 2785 inter
1521 2756 1663 2785 annos
1703 2744 1784 2784 210
1816 2745 1861 2782 et

346 2797 427 2837 217
460 2798 652 2849 scriptos
686 2811 784 2840 esse
815 2801 1012 2842 iudicat:
1054 2801 1487 2855 chronographiam,
1529 2812 1644 2852 quae
1684 2799 1741 2840 ad
1780 2811 1858 2838 ane

346 2863 453 2891 num
473 2853 553 2892 221
585 2853 807 2905 perducta
838 2861 930 2908 est,
963 2862 1156 2911 apparet
1186 2862 1265 2899 aut
1298 2871 1349 2899 eo
1380 2857 1480 2910 ipso
1513 2869 1631 2898 anno
1665 2859 1742 2896 aut
1771 2867 1862 2895 non

347 2906 486 2948 multo
516 2912 621 2960 post
651 2910 908 2951 confectam
941 2925 1058 2957 esse.

459 2963 503 3016 2>
534 2964 588 3006 V.
619 2964 863 3007 Martinum
893 2981 936 3020 p.
967 2971 1049 3010 343
1081 2984 1115 3013 s.
