1946 3220
0 11 38 40 ,ff

586 134 920 171 SORIPTORES
954 135 1216 171 GRAncos.
1599 123 1661 175 17

132 253 255 299 suris
280 257 324 296 et
348 249 486 296 rebus
511 248 824 295 dimetiendis?
870 249 1162 311 Quapropter*
1177 251 1263 298 iam
1291 266 1383 298 non
1413 252 1664 300 mirandum

133 329 231 380 est',
271 320 392 382 quod
431 319 545 365 idem
572 326 888 379 argumentum
914 322 959 365 in
986 321 1140 367 eodem
1175 322 1329 368 codice
1359 330 1403 368 et
1430 319 1664 384 Μετρικὰ

135 400 180 440 et
205 390 358 453 paullo
383 396 490 451 post
511 385 646 450 Περὶ
670 386 876 450 μέτρων
908 392 1174 452 inscriptum
1202 399 1285 439 est.
1341 393 1484 440 Unum
1516 401 1663 440 tamen

133 465 180 509 in
206 461 471 523 quaestione
497 460 757 508 difficillima
782 461 835 507 ad
858 461 1078 521 liquidum
1103 463 1290 522 perduci
1315 464 1386 510 vix
1410 478 1547 526 posse
1572 479 1664 510 non

134 547 204 580 me
242 532 384 597 sugit:
427 538 581 577 utrum
620 532 717 592 ipse
745 532 862 577 Hero
903 546 1011 578 suae
1046 535 1322 593 geometriae
1357 541 1532 595 partem
1558 530 1666 584 Με-

134 599 282 664 τρικὰ
309 603 496 659 dixerit,
533 616 587 647 an
620 602 651 647 ii
689 604 766 663 qui
791 609 952 662 postea
979 602 1122 648 libros
1148 606 1242 650 eius
1270 605 1337 650 vel
1364 605 1666 667 interpolave-

135 681 243 720 runt
289 673 358 718 vel
404 679 730 718 contraxerunt
772 673 816 718 id
854 687 1018 719 nomen
1055 675 1327 720 invenerint.
1389 674 1666 738 Quamquam

136 758 249 805 ego,
284 744 495 804 quoniam
522 744 567 788 in
599 743 736 789 rebus
765 751 854 788 tam
883 744 1115 802 obscuris,
1148 744 1227 790 ubi
1250 744 1400 791 deficit
1424 747 1560 804 ratio,
1588 761 1667 807 pe-

135 815 237 861 ritis
262 820 307 860 et
338 814 536 874 expertis
569 827 652 859 suo
681 814 845 874 cuique
872 814 1040 860 iudicio
1068 829 1119 860 ac
1152 814 1380 875 probabili
1407 817 1668 876 suspicione

135 886 204 932 uti
227 884 360 943 licet,
399 883 454 929 ab
489 883 900 944 interpolatoribus
926 885 1105 930 demum
1135 884 1222 931 hoc
1248 900 1412 932 nomen
1437 887 1669 932 inventum

135 970 239 1002 esse
266 954 627 1001 existimaverim.
679 955 742 1001 Ac
767 957 921 1002 nescio
947 969 1002 1001 an
1023 956 1236 1001 Eutocius
1262 957 1317 1002 de
1342 971 1556 1003 mensura
1581 959 1670 1003 cir·

138 1025 230 1073 culi
258 1025 462 1072 scribens
488 1026 637 1071 minus
665 1032 787 1072 recte
816 1021 1049 1086 Μετρικὰ
1075 1027 1266 1073 Heronis
1293 1028 1522 1086 citaverit,
1555 1042 1669 1088 quae

139 1093 172 1145 Γ
175 1091 583 1157 εωμετρούμενα
618 1096 772 1156 potius
810 1097 996 1142 dicenda
1031 1097 1214 1143 fuerint.
1268 1096 1397 1152 Quod
1437 1105 1670 1159 utcunque

138 1182 187 1213 se
212 1167 367 1226 habet,
393 1167 480 1212 hoc
505 1172 628 1212 certe
653 1166 850 1213 dubitari
877 1178 974 1213 11011
996 1181 1134 1228 posse
1159 1168 1373 1227 arbitror,
1404 1169 1512 1230 quin
1531 1169 1672 1215 Hero-

138 1238 207 1283 nis
235 1238 423 1283 metrica
449 1237 650 1283 eiusdem
679 1238 958 1297 geometrico
986 1240 1140 1298 operi,
1182 1253 1274 1284 non
1304 1242 1555 1299 geometria
1580 1253 1674 1286 me-

139 1308 265 1354 tricis
290 1307 602 1367 subiungenda
633 1307 736 1353 sint.

337 1432 554 1472 Heronem
583 1431 626 1470 in
654 1431 886 1483 geometria
917 1432 970 1471 de
1000 1432 1205 1471 mensuris
1234 1433 1471 1484 scripsisse.

247 1519 337 1566 Iam
364 1533 471 1565 vero
499 1518 754 1564 accedimus
780 1518 835 1564 ad
862 1517 1056 1563 alterum
1080 1517 1248 1577 locum,
1277 1519 1331 1564 de
1358 1534 1467 1580 quo,
1494 1534 1594 1566 cum
1621 1519 1676 1565 de
1707 1510 1759 1557 ll

140 1591 341 1637 metricis
370 1589 476 1650 quid
506 1589 793 1635 iudicandum
820 1588 896 1647 sit,
927 1590 1037 1634 satis
1063 1588 1466 1649 explanaverimus,
1498 1590 1676 1637 facilius

140 1663 417 1723 disputatur.
465 1659 668 1705 Vidimus
694 1659 934 1705 Martinum
956 1659 1025 1704 vel
1047 1673 1214 1718 negare
1240 1660 1307 1706 vel
1335 1675 1427 1707 11011
1454 1663 1563 1707 satis
1590 1660 1677 1706 sibi

143 1732 417 1794 persuadere
443 1730 497 1776 ab
525 1732 626 1791 ipso
654 1730 831 1776 Herone
858 1729 903 1774 in
934 1732 1189 1790 geometria
1217 1731 1272 1776 de
1307 1734 1532 1778 mensuris
1569 1732 1678 1777 scri-

144 1811 273 1864 ptum
301 1815 416 1848 esse.
466 1802 563 1847 Hoc
593 1797 740 1846 tamen
770 1801 918 1860 ipsum
952 1807 1003 1845 ut
1030 1815 1111 1860 per
1137 1815 1184 1846 se
1219 1802 1408 1847 maxime
1441 1802 1678 1863 probabile

148 1881 216 1919 est
244 1898 303 1906 —
339 1886 439 1917 nam
476 1885 564 1931 quo
602 1877 763 1930 pacto,
801 1870 888 1915 nisi
922 1870 1027 1915 fons
1071 1878 1191 1916 esset
1222 1873 1267 1916 in
1294 1872 1485 1918 Heronis
1522 1886 1677 1932 opere,

144 1943 249 1990 illae
272 1942 448 1989 tabulae
468 1942 521 1986 de
542 1942 767 1986 mensuris
789 1941 979 1986 Heronis
1000 1942 1180 1986 nomine
1198 1950 1475 2002 propagatae
1498 1941 1678 1988 essent?

150 2040 210 2048 --
227 2017 308 2072 ita,
335 2012 576 2059 dummodo
604 2011 715 2071 ipsis
740 2011 870 2056 libris
898 2026 1031 2056 manu
1057 2012 1240 2072 scriptis
1266 2020 1446 2058 utamur
1472 2012 1681 2069 ducibus,

147 2085 255 2147 quid
285 2083 571 2130 statuendum
606 2082 690 2139 sit,
732 2081 863 2127 facile
891 2082 1248 2128 demonstratur.
1299 2083 1378 2128 Est
1414 2085 1534 2129 inter
1560 2083 1681 2130 codi-

149 2171 224 2203 ces
249 2155 556 2212 parisienses,
598 2153 674 2212 qui
705 2159 916 2213 excerpta
952 2167 1004 2198 ex
1030 2153 1223 2198 Heronis
1250 2154 1503 2213 geometria
1538 2153 1684 2200 conti-

150 2234 276 2284 nent,
303 2240 420 2271 unus
447 2224 609 2270 ceteris
636 2230 681 2268 et
708 2229 930 2268 vetustate
958 2231 1002 2268 et
1027 2225 1298 2269 auctoritate
1319 2219 1681 2284 praestanti0r¹).

150 2299 198 2343 ln
234 2297 322 2343 hoc
362 2303 431 2341 est
469 2294 599 2340 locus
626 2289 781 2353 Ἀρχὴ
822 2292 932 2341 τῶν
969 2290 1478 2354 γεωμετρουμένων,
1520 2295 1598 2340 11111
1630 2295 1683 2339 (16

151 2375 249 2413 arte
276 2380 413 2427 agros
439 2364 651 2410 metiendi
685 2364 738 2409 ab
762 2365 998 2424 Aegyptiis
1028 2366 1205 2410 inventa
1244 2378 1293 2410 ea
1319 2365 1535 2425 leguntur
1571 2377 1685 2424 quae

154 2453 238 2484 nos
266 2438 416 2482 statim
454 2437 498 2480 in
527 2441 820 2495 conspectum
848 2435 1152 2494 producemus
1182 2434 1229 2493 (S
1262 2434 1346 2492 19).
1398 2437 1548 2494 Atque
1575 2435 1685 2480 haec

155 2508 337 2570 quidem
357 2506 410 2552 ab
437 2511 621 2551 auctore
647 2505 809 2550 mutati
837 2506 988 2564 operis
1020 2505 1065 2548 in
1086 2504 1268 2550 brevius
1294 2510 1528 2551 contracta
1555 2512 1685 2551 sunt:

156 2579 391 2640 copiosius
429 2582 578 2622 autem
617 2575 770 2620 eadem
807 2576 852 2619 in
880 2575 1035 2620 eodem
1065 2574 1218 2620 codice
1257 2575 1310 2620 ad
1338 2573 1471 2621 finem
1506 2589 1687 2636 geome-

158 2651 271 2696 triae
296 2649 531 2708 leguntur,
564 2647 639 2705 qui
665 2644 792 2690 locus
822 2645 953 2689 nobis
982 2652 1050 2689 cst
1073 2644 1225 2691 tabula
1242 2644 1496 2692 Heroniana
1517 2647 1685 2707 prima:

152 2717 212 2768 Ἣ
239 2715 421 2779 πρώτη
452 2709 768 2775 γεωμετρία,
797 2710 971 2761 καθὼς
996 2709 1129 2774 ἡμᾶς
1159 2710 1188 2762 ὁ
1215 2711 1441 2764 παλαιὸς
1465 2712 1691 2765 διδάεκει

276 2885 470 2981 1)1Dip{
503 2882 598 2923 cod.
634 2881 707 2922 Gr.
743 2882 864 2922 1670.
926 2880 1041 2922 Vide
1073 2881 1259 2923 Martin.
1291 2896 1334 2937 p.
1363 2885 1442 2924 120
1476 2885 1520 2922 et
1551 2895 1687 2935 supra

163 2945 187 2995 ἓ
219 2946 243 2984 9
277 2955 379 2984 3,(11,
473 2973 480 2983 .

251 3024 429 3055 sempr.
464 3021 666 3050 Mamor„
699 3021 730 3050 1.
1403 3007 1434 3057 2
