1946 3220
301 135 429 174 XXII
882 132 1178 168 PRAEFATIO
1218 133 1273 165 IN

299 254 402 300 loco
429 250 609 298 habeas,
638 274 708 282 —
734 247 764 307 S
790 250 846 293 93
873 243 932 307 (p.
964 247 1063 302 296,
1091 241 1161 308 30)
1201 258 1284 305 pro
1322 237 1625 305 ἀμφίβολον
1658 238 1824 313 ᾀναμ,

300 317 531 384 φίβολον
560 320 757 377 correxi,
800 316 921 377 quod
947 316 1273 362 sententiarum
1303 328 1532 361 connexus
1561 316 1658 361 sine
1683 314 1822 363 dubio

298 391 580 454 requirebat.
628 388 803 435 Etenim
828 386 932 432 inde
957 399 983 432 a
1008 384 1038 444 S
1064 386 1122 430 90
1147 385 1347 446 scriptor
1370 384 1425 431 de
1452 384 1604 432 aeneis
1629 387 1824 435 nummis

300 462 501 510 instituit
525 462 701 517 dicere,
728 472 780 504 ac
803 458 1000 518 primum
1027 461 1365 514 commemorat,
1393 455 1516 517 quod
1540 469 1679 514 nunc,
1709 455 1756 502 h.
1783 469 1821 502 e.

298 533 383 580 sub
410 533 714 579 Romanorum
739 528 959 588 imperiO,
987 521 1186 586 χαλκός
1212 526 1485 588 appelletur,
1512 540 1646 588 quam
1669 540 1825 574 vocem

298 603 532 650 collective
569 599 733 660 accipit
774 612 859 660 pro
902 596 1063 644 Latino
1110 611 1220 655 aes,
1267 597 1313 644 id
1347 597 1455 644 olim
1495 597 1614 658 apud
1647 597 1824 644 Atticos

297 673 437 719 fuisse
478 664 696 731 χαλκίον
745 667 899 728 (immo
936 661 1169 731 χαλκία),
1207 668 1356 728 ipsum
1400 673 1550 716 autem
1591 680 1824 714 nummum

297 755 483 789 aeneum
510 741 565 789 ab
600 740 758 787 iisdem
783 745 1091 801 nuncupatum
1127 751 1228 785 esse
1259 735 1512 798 χαλκοῦν.
1564 737 1678 784 Tum
1703 737 1825 785 addit

296 815 342 859 in
368 812 595 860 communi
622 823 830 858 sermone
853 823 975 859 nunc
1000 811 1184 856 omnino
1209 804 1409 870 χαλκόν
1435 809 1523 855 dici
1550 822 1637 870 pro
1664 802 1825 868 ἀργύ-

295 894 442 943 ριον,
478 884 521 929 h.
549 895 587 928 e.
617 895 700 929 aes
731 895 817 943 pro
846 884 1063 940 pecunia
1090 881 1182 927 sive
1208 883 1414 938 nummi,
1459 885 1597 940 atque
1632 879 1824 927 eundem

295 967 429 1000 usum
460 967 513 999 ex
538 951 764 1000 veteribus
794 950 947 1013 poetis
983 957 1190 998 secutum
1223 964 1324 997 esse
1349 949 1667 1011 Epicharmum
1697 949 1824 997 Sicu-

295 1023 404 1070 lum.
475 1023 562 1070 Sed
602 1023 779 1070 Atticos
822 1035 877 1068 eo
918 1021 1097 1067 dicendi
1141 1035 1308 1083 genere
1351 1021 1491 1068 videri
1534 1020 1822 1067 abstinuisse.

296 1092 574 1154 Quamquam
619 1095 658 1139 si
698 1093 798 1154 quis
840 1093 929 1138 vim
964 1093 1093 1152 quasi
1138 1092 1307 1138 inferre
1355 1090 1462 1138 velit
1504 1091 1823 1152 Aristophanis

295 1164 465 1221 verbis,
505 1177 607 1209 eum
644 1164 955 1210 demonstrare
987 1177 1125 1223 posse
1161 1162 1265 1208 illos
1303 1158 1535 1224 χαλκοῦς
1565 1162 1642 1222 qui
1669 1162 1716 1207 in
1743 1161 1823 1208 Eo-

295 1233 556 1281 clesiazusis
582 1233 830 1282 afferantur
854 1246 956 1279 esse
983 1228 1232 1293 νόμιεμα,
1258 1233 1302 1278 h.
1331 1247 1370 1279 e.
1397 1233 1637 1293 pecuniam
1663 1244 1822 1292 argen-

295 1310 412 1350 team
439 1303 546 1364 (quo
574 1303 627 1349 de
653 1303 754 1352 loco
781 1304 856 1350 hic
882 1303 1107 1364 explicare
1135 1317 1226 1351 non
1252 1303 1389 1363 licet,
1419 1303 1500 1350 sed
1527 1303 1703 1364 peritos
1730 1315 1823 1348 non

292 1374 439 1434 fugiet
465 1373 596 1421 aliter
621 1375 954 1435 Aristophanen
979 1374 1319 1435 interpretanda
1346 1387 1473 1430 esse,
1506 1379 1642 1433 atque
1668 1372 1823 1420 eadem

292 1450 363 1490 est
386 1443 583 1491 Pollucis
608 1443 875 1503 sententia);
916 1444 994 1493 sed
1018 1451 1124 1491 utut
1151 1458 1203 1492 ea
1227 1458 1302 1491 res
1329 1458 1379 1491 se
1404 1443 1595 1503 habeat,
1628 1449 1752 1490 certe
1778 1443 1823 1489 id

292 1514 416 1575 quod
459 1514 614 1575 paullo
658 1521 765 1576 post
808 1514 926 1575 apud
970 1515 1322 1576 Aristophanem
1364 1515 1544 1575 legatur
1591 1514 1822 1561 minime

293 1584 616 1645 ambiguum
651 1599 777 1643 esse,
816 1599 920 1631 nam
947 1599 1049 1631 cum
1076 1585 1245 1634 diserte
1272 1581 1469 1646 χαλκόε
1494 1579 1713 1647 ἀργύρῳ
1743 1599 1822 1645 op-

291 1661 515 1716 ponatur,
554 1669 773 1716 apparere
813 1670 907 1703 non
950 1655 1067 1705 idem
1107 1656 1230 1717 quod
1269 1651 1526 1716 ἀργύριον
1565 1654 1822 1715 significare

291 1738 429 1785 posse
455 1725 606 1786 ipsum
637 1721 851 1786 χαλκόν.
904 1724 1014 1781 Quis
1047 1727 1192 1786 igitur
1217 1726 1421 1786 dubitet,
1455 1728 1566 1787 quin
1592 1719 1822 1786 ἀναμφί-

289 1792 457 1855 ’βολον
493 1795 655 1842 Pollux
690 1797 940 1857 scripserit.
1004 1796 1090 1843 Sed
1125 1797 1237 1844 latet
1272 1797 1408 1845 etiam
1442 1798 1530 1843 alia
1569 1796 1694 1843 labes
1734 1796 1822 1842 hoc

290 1864 412 1912 loco.
460 1866 570 1913 Nam
598 1868 645 1912 in
671 1867 818 1914 verbis
847 1863 927 1924 (vs.
954 1863 1024 1928 26)
1051 1860 1178 1917 'ictuc
1205 1863 1265 1916 δὲ
1291 1862 1375 1916 καὶ
1399 1862 1546 1928 παρὰ
1573 1863 1686 1917 τοῖς
1710 1861 1819 1914 Ἀτ-

290 1933 450 1984 τικοῖε
493 1944 579 1983 cet.
624 1937 911 1998 corruptelae
959 1938 1262 1998 suspitionem
1305 1944 1457 1985 movet
1498 1933 1544 1987 εἰ
1593 1938 1691 1984 sine
1735 1951 1818 1984 suo

293 2005 427 2052 verbo
457 2008 688 2067 positum,
729 2014 864 2067 atque
901 2009 1090 2068 insuper
1123 2008 1375 2069 requiritur
1411 2008 1597 2055 verbum
1636 2009 1683 2054 in
1717 2022 1819 2055 sen-

207 2133 212 2137 ,
292 2077 432 2123 tentia
467 2090 582 2138 quae
618 2077 776 2138 incipit
814 2077 870 2124 ab
901 2071 1029 2128 ’t'cmc
1057 2073 1130 2127 δέ.
1192 2078 1409 2125 Nimirum
1447 2090 1683 2139 καῑγαρει
1718 2092 1820 2125 cor-

291 2153 478 2207 ruptum
503 2154 574 2193 est
599 2160 652 2194 ex
675 2145 988 2208 κατηγοροῖ,
1018 2149 1140 2208 quod
1165 2149 1379 2197 mendum
1405 2163 1507 2196 cum
1536 2149 1816 2210 irrepsisset,

292 2222 338 2262 et
362 2211 447 2264 καὶ
473 2215 554 2275 (vs.
576 2217 649 2276 26)
673 2218 894 2278 scriptum
918 2226 991 2266 est
1014 2233 1099 2280 pro
1123 2214 1240 2277 κᾶν,
1269 2227 1314 2266 et
1342 2216 1498 2279 δηλοῖ
1523 2219 1607 2279 (vs.
1634 2219 1706 2278 28)
1732 2233 1816 2280 pro

289 2282 506 2346 δηλοῦν.
559 2286 675 2334 Haec
702 2288 771 2335 vix
796 2287 931 2337 dubia
956 2302 1055 2336 esse
1081 2289 1301 2337 arbitror:
1333 2304 1385 2337 ac
1408 2304 1516 2337 vero
1543 2292 1581 2337 si
1608 2290 1709 2351 quis
1737 2289 1817 2336 ob-

290 2357 448 2404 iecerit
470 2358 763 2419 participium
782 2371 874 2408 non
894 2359 1045 2406 solere
1065 2362 1233 2421 apponi
1258 2361 1312 2407 ad
1332 2357 1663 2421 κατηγορεῖν,
1680 2361 1818 2407 etiam

291 2425 378 2472 hoc
403 2426 644 2475 defendere
668 2435 856 2490 paratus
883 2443 999 2478 sum.
1031 2454 1092 2464 --
1124 2431 1183 2477 De
1207 2432 1330 2479 notis
1356 2431 1520 2492 quibus
1555 2433 1601 2478 in
1630 2430 1818 2478 adnota-

294 2495 415 2541 tione
440 2498 493 2543 ad
516 2496 748 2546 Pollucem
772 2513 883 2546 usus
907 2514 1011 2548 sum
1035 2500 1133 2548 vide
1158 2515 1296 2563 supra
1324 2502 1379 2549 ad
1403 2502 1563 2564 fragm.
1590 2505 1659 2547 28.

394 2567 465 2610 93.
504 2566 613 2613 Vide
639 2568 757 2629 prol.
785 2568 815 2628 S
840 2572 911 2615 96.

394 2635 464 2679 94.
502 2634 787 2686 Scholiorum
821 2640 1162 2689 Homericorum
1192 2642 1321 2689 locos
1349 2642 1572 2704 descripsi
1599 2655 1623 2688 e
1647 2642 1814 2689 Bekke-

292 2702 442 2760 riana,
475 2703 697 2753 Eustathii
722 2722 746 2754 e
768 2709 992 2771 Lipsiensi
1018 2712 1232 2759 editione.

395 2775 465 2819 95.
512 2774 831 2834 Fragmentum
865 2780 1214 2830 Alexandrinum
1260 2783 1315 2830 de
1362 2782 1544 2830 talentis
1585 2785 1629 2828 in
1668 2784 1814 2830 varias

290 2850 443 2902 partes
467 2843 729 2892 distractum
758 2848 928 2907 primus
955 2852 1095 2898 edidit
1121 2851 1322 2913 Scaliger
1346 2851 1395 2912 (S
1420 2855 1477 2898 99
1503 2853 1601 2899 adn.
1630 2853 1689 2913 1),
1718 2859 1814 2899 tum

291 2912 432 2961 Maius
468 2928 521 2961 ex
554 2914 852 2964 Ambrosiano
892 2920 1045 2968 codice
1076 2922 1144 2981 (N)
1181 2937 1270 2970 una
1300 2937 1400 2969 cum
1425 2922 1610 2984 Didymo
1642 2922 1690 2982 (S
1723 2922 1811 2981 14),
